3167 5192
103 293 190 341 mor.
208 275 308 361 xxa]
397 291 585 344 anemonas
606 291 879 345 namanarrcn.
1094 275 1159 344 383

101 463 170 529 dcm
199 461 301 549 igitur
325 483 433 528 aecum
456 460 564 528 animo
586 459 756 549 reputavit,
786 459 815 526 si
844 467 951 548 posset
973 457 1157 546 hujusmodi

100 566 208 652 ligurae
218 564 422 653 superficiem
435 563 477 630 ad
490 565 620 652 planam
635 563 775 652 aliquam
792 562 938 650 figuram,
956 573 1035 651 puta
1056 562 1157 630 eircu-

100 670 174 750 lnm,
190 670 252 736 sub
267 667 409 756 generali
427 667 571 756 qualibet
584 669 705 734 ratione
723 666 847 747 referre,
863 665 937 732 inda
957 664 1019 732 sibi
1037 665 1155 732 consti-

102 785 205 841 tumm
219 796 317 862 quam
331 772 375 838 ad
388 772 517 859 planam
531 770 629 838 talem
648 770 784 858 figuram
801 770 959 838 obtineret
972 770 1155 836 relationem

102 878 253 966 apharica
277 876 469 966 superficies.
513 874 587 941 Hoc
607 873 796 963 perscrutari
825 895 994 960 aggressus
1015 883 1064 940 est
1084 871 1155 939 fcli-

103 983 186 1064 eiter‚
201 982 271 1049 haec
285 1003 358 1069 qua
373 988 547 1067 sequuntur
560 977 758 1067 problemata
770 976 966 1044 resolvendo.

549 1227 653 1296 Pron.
673 1227 701 1294 Ι.

106 1391 249 1458 Invenire
285 1388 506 1477 rectangulum
539 1387 661 1476 equale
689 1387 843 1456 *laterali
871 1387 1032 1475 priamatia
1060 1388 1155 1458 crecti
1169 1385 1319 1502 ἐξίῃ·

144 1493 330 1582 superficiel.
745 1576 750 1589 ²
1170 1518 1257 1582 captia.
1302 1515 1309 1526 “

165 1613 372 1680 Manifestum
402 1620 451 1678 est
480 1610 643 1700 singulum
675 1611 1016 1701 parallelogrammum,
1048 1636 1157 1681 eorum

107 1718 215 1802 quibua
230 1725 355 1783 constat
368 1713 509 1782 lateralis
523 1714 685 1803 prismatia
701 1715 892 1804 superficies,
907 1740 975 1784 esse
988 1727 1157 1804 rcctangu·

108 1820 169 1885 lum
193 1845 236 1888 ex
260 1819 359 1886 latare
380 1819 553 1907 priamatis,
576 1830 610 1885 et
633 1841 698 1886 uno
723 1819 821 1887 latere
843 1821 949 1903 bacia;
972 1829 1005 1888 et
1025 1819 1158 1910 proinde

110 1925 243 1991 omnium
271 1923 406 1990 istorum
434 1920 802 2012 parallelogrammorum
832 1932 1059 2011 aggregatum
1097 1922 1157 1990 hoe

111 2035 161 2105 ffll,

167 2129 323 2196 lateralia
337 2127 432 2196 crecti
442 2126 604 2216 priamatia
615 2127 807 2215 superficies,
818 2138 960 2217 aquetur
973 2126 1157 2218 rectangulo
1171 2143 1272 2197 umor.
1285 2157 1306 2202 1.

113 2233 255 2300 exlatere
268 2231 441 2322 priamatia,
456 2241 490 2298 et
502 2230 588 2299 baaie
602 2230 780 2320 perimetro.

537 2525 641 2595 Pron.
665 2527 713 2594 ΙΙ.

116 2679 251 2748 Invenire
272 2679 492 2767 rectaugulum
512 2677 634 2767 aequale
655 2680 785 2746 *curvae
799 2680 877 2748 recti
891 2678 1029 2769 cylindri
1051 2701 1158 2769 super·
1172 2679 1326 2808 Regma

151 2783 238 2850 ficiei.
1173 2811 1282 2861 anca.

172 2911 376 3000 Supponatur
410 2906 591 2996 cylindmm
623 2931 692 2976 esse
723 2909 845 2997 priama
873 2909 1032 2998 quoddam
1065 2933 1159 3000 super

117 3012 300 3101 polygonam
327 3012 449 3093 basem,
478 3012 577 3080 latera
608 3012 778 3080 habentem
808 3012 972 3080 indefinite
999 3036 1099 3101 parva
1127 3025 1159 3082 et

56 3172 57 3176 ,
118 3115 206 3182 multa
222 3116 297 3202 (hoe
310 3123 368 3195 eat,
383 3137 478 3202 super
496 3114 660 3200 circulum)
677 3124 709 3181 ct
723 3138 765 3182 ex
779 3115 1029 3205 praecedentibua
1048 3116 1157 3205 liquet,

173 3318 279 3386 (larva
291 3317 370 3384 recti
391 3316 529 3406 cylindri
552 3315 733 3405 superficies
757 3326 898 3406 equatur
914 3317 1098 3405 rectangulo
1117 3340 1158 3384 cx
1170 3325 1315 3377 Tutor-11.

120 3415 203 3488 latere
216 3421 296 3506 ejus,
312 3429 345 3485 et
358 3417 498 3485 cneumf.
513 3417 610 3484 basia.

174 3521 288 3590 Coroll.
305 3531 334 3603 1,
348 3521 435 3587 hinc.
480 3518 588 3587 Curva
601 3518 739 3607 cylindri
756 3518 937 3608 superficies
951 3541 985 3586 se
1002 3518 1099 3588 habet
1118 3520 1158 3588 ad

122 3623 210 3691 barim
223 3624 375 3715 ejusdem,
390 3632 428 3689 ut
441 3621 525 3688 latus
539 3619 677 3708 cylindri
691 3620 733 3686 ad
750 3620 919 3688 dimidium
938 3621 1029 3702 radii,
1051 3622 1104 3690 vcl
1123 3631 1160 3688 ut

123 3726 240 3817 duplum
253 3728 362 3795 lateris
376 3725 418 3792 ad
431 3724 564 3790 radium.

177 3831 226 3900 Sit
238 3831 323 3899 enim
340 3829 408 3894 L:
420 3827 522 3893 lateri.
566 3825 690 3913 Estque
708 3826 761 3911 (ex
776 3825 848 3913 hoo)
865 3827 960 3894 Επι-
970 3828 1158 3916 superficiei,

124 3931 418 4096 abuinestffgs.
452 3927 1137 4095 Atquilartssafflrgatlitll.
1174 3984 1263 4034 'v-1·

179 4152 288 4221 Coroll
312 4164 342 4235 2,
365 4153 462 4221 etiam
488 4152 573 4219 hinc.
619 4149 810 4240 Superficies
830 4149 1045 4236 'cylindrorum
1067 4173 1160 4240 super

56 4282 57 4295 2
125 4252 239 4322 baaibua
260 4256 373 4323 iisdem
397 4255 463 4342 (vel
487 4253 675 4342 equalibus)
701 4273 769 4318 aeae
791 4251 911 4318 habent
931 4261 968 4318 ut
989 4251 1106 4322 laterae
1128 4265 1161 4322 et

128 4355 290 4428 habentium
316 4360 428 4428 cadem
451 4359 504 4426 vel
526 4358 662 4444 aequalia
685 4356 792 4438 latera,
819 4356 1000 4445 superficies
1023 4367 1099 4426 sunt
1124 4369 1162 4426 ut
