3167 5192
92 417 182 467 sacr.
199 400 283 487 ιιι]-
420 418 609 471 uucrrouss
630 419 905 471 mansurarum.
1182 404 1245 472 139

91 589 182 655 simul
196 589 288 671 foret,
303 609 374 655 cum
390 588 488 655 tutius
501 589 735 676 magnitudinis
749 598 901 671 extremo,
917 589 971 655 vel
985 610 1057 656 oum
1073 590 1246 677 adjacentis

92 692 148 757 sibi
161 694 262 781 partis
278 702 420 758 exuemo
437 692 636 772 coincideret,
651 692 794 780 adeoque
813 716 878 759 uon
896 702 979 759 esset
998 693 1138 759 medium
1151 694 1244 780 quid,

92 818 145 860 neo
164 795 265 871 aliud,
290 817 351 862 neo
372 797 469 883 pars)
494 816 571 881 ergo
595 794 706 861 itidem
730 796 891 882 designari
917 805 1022 884 potest
1041 797 1076 862 in
1097 803 1135 863 ed
1155 797 1245 864 aliud

91 909 179 985 atqua
199 896 301 980 aliud,
325 898 467 985 adeoque
490 898 692 986 componitur
712 898 783 986 ipsa
805 920 847 964 ex
869 899 940 966 aliis
961 901 1115 988 partibus,
1138 910 1171 965 et
1193 901 1243 967 hae
1365 895 1368 901 ’

91 1001 201 1087 pariter
221 1022 265 1066 ex
287 1000 371 1081 aliis,
390 1022 428 1065 ac
448 1000 495 1065 ita
514 1000 558 1067 sd
578 1000 752 1082 infinitum,
775 1001 836 1067 hoc
858 1012 906 1067 est
928 1024 1092 1090 quousque
1114 1002 1244 1069 libuerit

91 1126 154 1169 eam
166 1128 185 1171 s
198 1105 348 1192 partibus
362 1103 586 1171 minutioribus
603 1105 812 1193 compositam
833 1105 1011 1193 imaginari.
1057 1104 1154 1172 Unde
1168 1129 1244 1172 con-

91 1216 220 1273 soetatur
236 1208 496 1294 magnitudinem
511 1208 658 1294 quamvis
678 1228 720 1275 ex
740 1208 947 1295 homogeneis
967 1210 1029 1275 sibi
1049 1210 1243 1295 magnitudi-

91 1308 177 1375 nibus
205 1310 340 1376 conflari
368 1320 464 1396 atque
489 1310 650 1389 constitui,
680 1311 799 1375 lineam
828 1334 847 1376 e
870 1311 974 1392 lineis,
1001 1312 1199 1398 superficiem
1225 1335 1243 1378 e

91 1411 321 1498 superficiebus,
343 1433 456 1499 corpus
478 1434 496 1478 s
517 1412 719 1500 corporibus3
742 1433 808 1478 non
829 1432 904 1479 vero
925 1413 1043 1479 lineam
1065 1436 1082 1481 e
1104 1416 1241 1501 punctis,

91 1526 141 1578 aut
152 1516 353 1603 superficiem
367 1538 386 1581 e
400 1516 504 1596 lineis,
516 1526 573 1581 aut
583 1538 696 1604 corpus
710 1539 729 1581 s
743 1516 980 1603 superficiebus.
1014 1516 1099 1582 Nam
1114 1530 1242 1605 puncta,

93 1616 162 1684 dicis
183 1626 289 1701 causa,
314 1630 459 1707 respectu
479 1619 573 1685 lineae
594 1630 803 1707 praeterquam
821 1620 907 1706 quod
928 1617 977 1685 nil
999 1620 1088 1686 aliud
1110 1622 1183 1703 sint,
1206 1632 1243 1687 ut

93 1722 312 1807 supradictum,
327 1744 423 1810 quam
445 1724 631 1810 negationes
652 1723 810 1789 ulterioris
832 1723 1039 1803 extensionis,
1055 1734 1088 1789 et
1103 1723 1161 1789 vix
1184 1725 1244 1790 ali-

92 1824 163 1909 quid
178 1827 346 1893 obtineant
358 1826 514 1914 positiri3
537 1836 569 1891 et
589 1836 741 1912 praterea
762 1848 821 1892 ceu
841 1824 969 1891 termini
991 1836 1162 1892 connotent
1184 1828 1242 1893 ali-

92 1927 162 2011 quid
175 1929 388 2018 interjectum,
402 1930 484 1995 sicut
498 1928 562 1996 sibi
576 1939 735 2014 nequeant
747 1922 933 1996 'immediate
947 1930 1112 2011 cohaerere,
1125 1940 1243 1997 totum·

94 2052 147 2116 que
167 2032 322 2119 quicquid
343 2042 391 2098 est
413 2031 505 2097 lineas
527 2031 624 2097 situm
646 2030 804 2116 cogitetur
825 2031 907 2097 inter
928 2030 1017 2119 ipsa3
1049 2044 1123 2098 sunt
1145 2034 1241 2099 etiam

93 2131 303 2215 indivisibilia,
320 2156 359 2199 ac
372 2134 490 2199 idcirco
504 2132 534 2199 si
548 2133 611 2199 duo
626 2133 845 2221 supponantur
859 2132 1004 2221 adposita
1021 2135 1093 2215 sibi,
1109 2145 1176 2201 toto
1191 2136 1242 2202 sui

94 2237 268 2324 contingent
286 2260 322 2303 se
342 2248 463 2317 mutuo,
479 2236 540 2302 hoo
558 2245 608 2302 est
628 2232 806 2301 coincidunt
827 2246 859 2301 et
880 2238 1066 2319 coexistunt,
1082 2232 1141 2305 neo
1163 2239 1241 2305 adeo

95 2340 163 2423 quid
175 2340 295 2408 habens
311 2352 454 2407 extrema
467 2340 521 2407 vel
535 2350 703 2406 extrusum
717 2340 920 2406 constituent.

154 2442 216 2526 (Ita
234 2442 445 2509 ratiocinatur
467 2441 718 2529 Philosophus¹3
747 2438 873 2507 Ὁπότε
894 2440 958 2529 γὰρ
977 2441 1118 2525 ἥπτοντο
1140 2443 1174 2507 ἐν
1196 2444 1242 2510 ἑνὶ

95 2544 209 2626 millet
225 2546 281 2611 nul
303 2545 340 2611 ἓν
360 2544 400 2629 ἦν
420 2543 563 2629 μέγεθος,
590 2545 645 2609 καὶ
666 2543 777 2610 πάντα
798 2542 878 2626 ὁμοῦ
897 2543 982 2625 ἦσαν
1003 2542 1092 2610 οὐδὲν
1114 2544 1243 2612 ἐποίουν

96 2649 189 2727 μεῖζον
202 2648 238 2714 τὸ
252 2653 336 2715 πᾶν·
359 2647 568 2735 διοιρεθέισος
581 2646 645 2734 ’γὰρ
660 2644 702 2718 ὥς
717 2644 773 2712 δύο
792 2645 848 2711 καὶ
867 2644 979 2721 πλείω,
996 2645 1087 2713 οὐδὲν
1106 2648 1243 2715 ἔλαττον

96 2746 158 2815 οὐδὲ
173 2756 278 2833 μεῖζον
294 2752 335 2818 τὸ
351 2756 419 2817 πᾶν
440 2752 498 2817 τοῦ
519 2750 690 2839 πρότερον·
713 2746 799 2815 ὥστε
821 2748 882 2815 κᾶν
903 2751 1012 2815 πᾶσαι
1034 2751 1241 2833 συντεθῶσιν,

97 2851 176 2919 οὐδὲν
193 2855 372 2939 ποιήσουσι
388 2852 534 2938 μέγεθος·
557 2853 598 2919 de
616 2853 743 2919 Atomis
758 2850 921 2940 loquitur.)
960 2852 1084 2921 Eadem
1099 2866 1148 2922 est
1162 2858 1242 2924 ratio

96 2953 177 3023 linsae
194 2970 343 3047 respectu
362 2957 548 3046 superficiei,
571 2966 604 3022 st
624 2957 721 3044 hujus
739 2968 884 3045 respectu
904 2958 1051 3047 eorporis.
1097 2960 1184 3041 Quin
1209 2968 1242 3027 et

96 3060 193 3127 οοᾶοιο
210 3064 306 3130 modo
324 3070 450 3150 tempus
469 3084 513 3128 ex
531 3059 737 3147 temporibus,
752 3082 819 3125 non
838 3082 880 3127 ex
899 3060 1112 3145 instantibus;
1136 3076 1240 3133 motus

96 3183 133 3227 ex
144 3168 288 3248 motibus,
304 3188 371 3231 non
385 3188 427 3231 ex
445 3163 618 3230 tendentiis
637 3163 907 3246 indivisibilibus3
930 3168 1081 3233 velocitas
1096 3190 1138 3233 ex
1153 3168 1241 3235 velo·

98 3264 240 3351 sitatibus,
254 3282 290 3337 et
305 3268 430 3357 pondus
444 3290 486 3334 ex
500 3267 705 3355 ponderibus,
719 3277 866 3333 neutrum
881 3278 923 3335 etr
937 3271 1089 3356 gradibus
1107 3273 1160 3339 vel
1179 3274 1241 3338 im-

97 3370 210 3453 petibus
224 3372 370 3441 absolute
382 3371 544 3452 minimis3
567 3392 716 3436 numerus
731 3394 773 3438 cx
786 3372 974 3455 unitatibus,
991 3371 1055 3439 illae
1072 3397 1114 3439 ex
1132 3376 1240 3441 fractis

98 3476 235 3558 partibus,
250 3500 319 3543 non
333 3499 375 3543 ex
389 3475 529 3563 cyphris,
545 3484 691 3540 constant
705 3485 738 3540 st
752 3476 960 3562 integrantur.
1005 3476 1060 3541 Ex
1075 3476 1126 3541 his
1144 3478 1240 3542 ctiam

98 3572 326 3662 liquatubivis
340 3579 375 3643 in
389 3579 475 3645 linea
492 3578 578 3643 sumi
598 3596 691 3665 posse
712 3588 875 3664 punctum,
891 3577 998 3643 ubivis
1020 3578 1054 3642 in
1076 3579 1240 3665 superficie

99 3674 202 3747 lineam
226 3694 258 3750 et
282 3691 448 3771 punctum,
475 3679 583 3746 ubivis
607 3680 642 3745 in
667 3700 796 3767 corpore
822 3679 1030 3767 superficiem,
1056 3679 1183 3761 lineam,
1208 3692 1240 3747 et
1354 3724 1356 3727 -

101 3793 246 3867 punctum,
262 3808 322 3874 pro
342 3783 483 3850 arbitrio.
529 3780 615 3847 Nam
636 3781 712 3869 quia
729 3783 869 3870 partium
890 3784 1027 3871 corporis
1045 3783 1240 3851 infinitarum

104 3881 156 3962 (vel
170 3886 412 3967 indefinitarum,
428 3886 489 3952 hoo
502 3895 551 3950 est
571 3884 712 3972 plurium
732 3886 846 3972 qutvis
866 3886 1072 3952 multitudiue
1092 3886 1240 3953 determi-

102 3990 175 4072 nau)
191 3991 297 4079 aliqua
319 3990 436 4057 desinit
452 3989 558 4056 ubivis
580 3998 636 4055 aut
657 3990 779 4077 incipit,
801 3990 908 4056 ubivis
930 3990 1066 4056 habetur
1087 3991 1156 4077 ejus
1177 4001 1240 4057 ter-

102 4088 194 4157 minus
206 4096 395 4183 superficies,
410 4095 445 4158 in
460 4093 521 4158 huo
534 4103 656 4180 partem
671 4091 813 4179 aliquam
834 4092 1008 4161 terminans
1027 4094 1122 4177 linea,
1143 4094 1178 4161 in
1201 4102 1239 4162 ea

103 4203 208 4273 Partem
220 4198 361 4286 aliquam
375 4196 547 4264 terminans
561 4205 725 4283 punctum.

458 4337 467 4369 ¹
487 4336 526 4386 Ds
537 4337 595 4387 Gen,
607 4343 629 4385 ιι
641 4335 754 4399 Oorrupt.
767 4336 824 4387 Lib.
839 4349 869 4388 11.

134 4541 254 4621 thity
271 4552 337 4609 does
354 4560 405 4611 not
422 4553 527 4611 condat
546 4556 577 4611 of
593 4555 773 4611 indivisiblss.
