<?xml version="1.0" encoding="UTF-8"?>
<!DOCTYPE html PUBLIC "-//W3C//DTD XHTML 1.0 Transitional//EN"
    "http://www.w3.org/TR/xhtml1/DTD/xhtml1-transitional.dtd">
<html xmlns="http://www.w3.org/1999/xhtml" xml:lang="en" lang="en">
 <head>
  <title>
</title>
<meta http-equiv="Content-Type" content="text/html;charset=utf-8" />
  <meta name='ocr-system' content='tesseract 3.04.00' />
  <meta name='ocr-capabilities' content='ocr_page ocr_carea ocr_par ocr_line ocrx_word'/>
</head>
<body>
  <div class='ocr_page' id='page_1' title='image "./mathematicalwor00whewgoog_0339.png"; bbox 0 0 3167 5192; ppageno 0'>
   <div class='ocr_carea' id='block_1_1' title="bbox 102 340 1252 426">
    <p class='ocr_par' dir='ltr' id='par_1_1' title="bbox 102 340 1252 426">
     <span class='ocr_line' id='line_1_1' title="bbox 102 340 1252 426; baseline 0.012 -23"><span class='ocrx_word' id='word_1_1' title='bbox 102 350 190 404; x_wconf 80' lang='lat' dir='ltr'><strong>neci.</strong></span> <span class='ocrx_word' id='word_1_2' title='bbox 205 340 299 426; x_wconf 71' lang='lat' dir='ltr'><strong>xm]</strong></span> <span class='ocrx_word' id='word_1_3' title='bbox 444 358 629 412; x_wconf 75' lang='lat' dir='ltr'><strong>recrroam</strong></span> <span class='ocrx_word' id='word_1_4' title='bbox 650 360 926 414; x_wconf 72' lang='lat' dir='ltr'><strong>umorem</strong></span> <span class='ocrx_word' id='word_1_5' title='bbox 1186 352 1252 419; x_wconf 81' lang='lat'><strong>³15</strong></span> 
     </span>
    </p>
   </div>
   <div class='ocr_carea' id='block_1_2' title="bbox 100 522 1250 623">
    <p class='ocr_par' dir='ltr' id='par_1_2' title="bbox 100 522 1250 623">
     <span class='ocr_line' id='line_1_2' title="bbox 100 522 1250 623; baseline 0.012 -35"><span class='ocrx_word' id='word_1_6' title='bbox 100 522 252 608; x_wconf 69' lang='lat' dir='ltr'><strong>pmdictis</strong></span> <span class='ocrx_word' id='word_1_7' title='bbox 280 525 485 609; x_wconf 70' lang='lat' dir='ltr'><strong>distinctam</strong></span> <span class='ocrx_word' id='word_1_8' title='bbox 521 550 619 615; x_wconf 89' lang='lat' dir='ltr'><strong>qnam</strong></span> <span class='ocrx_word' id='word_1_9' title='bbox 647 528 720 596; x_wconf 90' lang='lat' dir='ltr'><strong>ideo</strong></span> <span class='ocrx_word' id='word_1_10' title='bbox 741 528 872 598; x_wconf 88' lang='lat' dir='ltr'><strong>nominc</strong></span> <span class='ocrx_word' id='word_1_11' title='bbox 896 529 1058 619; x_wconf 85' lang='lat' dir='ltr'><strong>designat¹</strong></span> <span class='ocrx_word' id='word_1_12' title='bbox 1085 531 1250 623; x_wconf 70' lang='grc' dir='ltr'>οὐδετέρου</span> 
     </span>
    </p>
   </div>
   <div class='ocr_carea' id='block_1_3' title="bbox 95 624 1249 4115">
    <p class='ocr_par' dir='ltr' id='par_1_3' title="bbox 95 624 1249 1835">
     <span class='ocr_line' id='line_1_3' title="bbox 99 624 1249 722; baseline 0 -15"><span class='ocrx_word' id='word_1_13' title='bbox 99 624 204 707; x_wconf 62' lang='grc' dir='ltr'><strong><em>λῦΥθν·</em></strong></span> <span class='ocrx_word' id='word_1_14' title='bbox 239 638 283 710; x_wconf 86' lang='lat' dir='ltr'><strong>et,</strong></span> <span class='ocrx_word' id='word_1_15' title='bbox 306 628 466 719; x_wconf 80' lang='grc' dir='ltr'>Ἀριθμοῦ</span> <span class='ocrx_word' id='word_1_16' title='bbox 490 632 617 721; x_wconf 85' lang='lat' dir='ltr'><strong>(inquit)</strong></span> <span class='ocrx_word' id='word_1_17' title='bbox 642 632 724 721; x_wconf 81' lang='grc' dir='ltr'>πρὸς</span> <span class='ocrx_word' id='word_1_18' title='bbox 744 632 882 722; x_wconf 78' lang='grc' dir='ltr'>ἀριθμὸν</span> <span class='ocrx_word' id='word_1_19' title='bbox 902 632 999 719; x_wconf 63' lang='grc' dir='ltr'>λόγος</span> <span class='ocrx_word' id='word_1_20' title='bbox 1019 635 1111 703; x_wconf 80' lang='grc' dir='ltr'>ἐστιν</span> <span class='ocrx_word' id='word_1_21' title='bbox 1131 636 1210 705; x_wconf 76' lang='grc' dir='ltr'><strong>ὅταν</strong></span> <span class='ocrx_word' id='word_1_22' title='bbox 1230 639 1249 707; x_wconf 86' lang='grc' dir='ltr'>ὁ</span> 
     </span>
     <span class='ocr_line' id='line_1_4' title="bbox 98 730 1246 826; baseline 0.011 -30"><span class='ocrx_word' id='word_1_23' title='bbox 98 730 205 811; x_wconf 73' lang='grc' dir='ltr'>μείζων</span> <span class='ocrx_word' id='word_1_24' title='bbox 217 730 301 820; x_wconf 79' lang='grc' dir='ltr'>πρὸς</span> <span class='ocrx_word' id='word_1_25' title='bbox 315 732 374 799; x_wconf 82' lang='grc' dir='ltr'><strong>τὸν</strong></span> <span class='ocrx_word' id='word_1_26' title='bbox 387 733 546 801; x_wconf 67' lang='grc' dir='ltr'><strong>ἐλάττονα</strong></span> <span class='ocrx_word' id='word_1_27' title='bbox 559 735 594 800; x_wconf 82' lang='grc' dir='ltr'><strong>ἐν</strong></span> <span class='ocrx_word' id='word_1_28' title='bbox 606 734 718 817; x_wconf 79' lang='grc' dir='ltr'>μηδὲνι</span> <span class='ocrx_word' id='word_1_29' title='bbox 731 736 780 817; x_wconf 80' lang='grc' dir='ltr'><strong>εἴη</strong></span> <span class='ocrx_word' id='word_1_30' title='bbox 793 740 857 803; x_wconf 79' lang='grc' dir='ltr'><strong>τῶν</strong></span> <span class='ocrx_word' id='word_1_31' title='bbox 875 738 1111 826; x_wconf 61' lang='grc' dir='ltr'>προειρημέην</span> <span class='ocrx_word' id='word_1_32' title='bbox 1129 740 1246 825; x_wconf 70' lang='grc' dir='ltr'><strong>λόγων.</strong></span> 
     </span>
     <span class='ocr_line' id='line_1_5' title="bbox 97 830 1247 927; baseline 0.015 -31"><span class='ocrx_word' id='word_1_33' title='bbox 97 830 240 922; x_wconf 79' lang='lat' dir='ltr'><strong>Exempli</strong></span> <span class='ocrx_word' id='word_1_34' title='bbox 253 836 326 903; x_wconf 88' lang='lat' dir='ltr'><strong>loeo</strong></span> <span class='ocrx_word' id='word_1_35' title='bbox 341 837 472 926; x_wconf 87' lang='lat' dir='ltr'><strong>subjicit</strong></span> <span class='ocrx_word' id='word_1_36' title='bbox 484 838 639 905; x_wconf 80' lang='lat' dir='ltr'><strong>rationein</strong></span> <span class='ocrx_word' id='word_1_37' title='bbox 652 862 724 927; x_wconf 81' lang='lat' dir='ltr'><strong>qua</strong></span> <span class='ocrx_word' id='word_1_38' title='bbox 737 850 883 907; x_wconf 85' lang='lat' dir='ltr'><strong>vereatur</strong></span> <span class='ocrx_word' id='word_1_39' title='bbox 900 841 983 907; x_wconf 84' lang='lat' dir='ltr'><strong>inter</strong></span> <span class='ocrx_word' id='word_1_40' title='bbox 1003 842 1153 909; x_wconf 86' lang='lat' dir='ltr'><strong>terminos</strong></span> <span class='ocrx_word' id='word_1_41' title='bbox 1172 844 1247 913; x_wconf 89' lang='lat' dir='ltr'><strong>har·</strong></span> 
     </span>
     <span class='ocr_line' id='line_1_6' title="bbox 97 936 1244 1031; baseline 0.013 -31"><span class='ocrx_word' id='word_1_42' title='bbox 97 936 204 1003; x_wconf 91' lang='lat' dir='ltr'><strong>monici</strong></span> <span class='ocrx_word' id='word_1_43' title='bbox 216 938 392 1022; x_wconf 80' lang='lat' dir='ltr'><strong>intervalli,</strong></span> <span class='ocrx_word' id='word_1_44' title='bbox 406 942 493 1029; x_wconf 89' lang='lat' dir='ltr'><strong>qnod</strong></span> <span class='ocrx_word' id='word_1_45' title='bbox 512 946 612 1026; x_wconf 70' lang='grc' dir='ltr'><strong>λεῖμο</strong></span> <span class='ocrx_word' id='word_1_46' title='bbox 629 943 755 1024; x_wconf 84' lang='lat' dir='ltr'><strong>dicitur,</strong></span> <span class='ocrx_word' id='word_1_47' title='bbox 774 944 929 1013; x_wconf 80' lang='lat' dir='ltr'><strong>habentes</strong></span> <span class='ocrx_word' id='word_1_48' title='bbox 949 967 983 1012; x_wconf 88' lang='lat' dir='ltr'><strong>se</strong></span> <span class='ocrx_word' id='word_1_49' title='bbox 1001 945 1152 1031; x_wconf 90' lang='lat' dir='ltr'><strong>majorem</strong></span> <span class='ocrx_word' id='word_1_50' title='bbox 1171 970 1244 1015; x_wconf 90' lang='lat' dir='ltr'><strong>cum</strong></span> 
     </span>
     <span class='ocr_line' id='line_1_7' title="bbox 97 1038 1245 1140; baseline 0.015 -39"><span class='ocrx_word' id='word_1_51' title='bbox 97 1038 208 1107; x_wconf 90' lang='lat' dir='ltr'><strong>minore</strong></span> <span class='ocrx_word' id='word_1_52' title='bbox 228 1044 455 1132; x_wconf 86' lang='lat' dir='ltr'><strong>comparando,</strong></span> <span class='ocrx_word' id='word_1_53' title='bbox 478 1046 561 1113; x_wconf 72' lang='lat' dir='ltr'><strong>deut</strong></span> <span class='ocrx_word' id='word_1_54' title='bbox 581 1054 643 1113; x_wconf 75' lang='lat'><strong>256</strong></span> <span class='ocrx_word' id='word_1_55' title='bbox 665 1046 707 1113; x_wconf 88' lang='lat' dir='ltr'><strong>ad</strong></span> <span class='ocrx_word' id='word_1_56' title='bbox 729 1055 808 1115; x_wconf 79' lang='lat'><strong>243:</strong></span> <span class='ocrx_word' id='word_1_57' title='bbox 840 1045 940 1115; x_wconf 78' lang='lat' dir='ltr'><strong>Kaot</strong></span> <span class='ocrx_word' id='word_1_58' title='bbox 963 1047 1091 1136; x_wconf 87' lang='lat' dir='ltr'><strong>(inquit)</strong></span> <span class='ocrx_word' id='word_1_59' title='bbox 1116 1048 1245 1140; x_wconf 79' lang='grc' dir='ltr'>δειχθή-</span> 
     </span>
     <span class='ocr_line' id='line_1_8' title="bbox 98 1144 1245 1242; baseline 0.011 -33"><span class='ocrx_word' id='word_1_60' title='bbox 98 1164 181 1209; x_wconf 72' lang='lat' dir='ltr'><strong>verus</strong></span> <span class='ocrx_word' id='word_1_61' title='bbox 203 1144 260 1211; x_wconf 72' lang='lat' dir='ltr'><strong>nal</strong></span> <span class='ocrx_word' id='word_1_62' title='bbox 285 1144 304 1211; x_wconf 83' lang='grc' dir='ltr'>ὁ</span> <span class='ocrx_word' id='word_1_63' title='bbox 335 1144 375 1213; x_wconf 79' lang='grc' dir='ltr'><strong>τὸ</strong></span> <span class='ocrx_word' id='word_1_64' title='bbox 401 1152 502 1231; x_wconf 64' lang='lat' dir='ltr'><strong>heisco</strong></span> <span class='ocrx_word' id='word_1_65' title='bbox 522 1146 686 1236; x_wconf 70' lang='grc' dir='ltr'><strong>περιέχων</strong></span> <span class='ocrx_word' id='word_1_66' title='bbox 707 1148 850 1237; x_wconf 73' lang='grc' dir='ltr'>φθόγγος</span> <span class='ocrx_word' id='word_1_67' title='bbox 871 1148 969 1233; x_wconf 62' lang='grc' dir='ltr'>λόγος</span> <span class='ocrx_word' id='word_1_68' title='bbox 996 1148 1134 1238; x_wconf 79' lang='grc' dir='ltr'>ἀριθμοῦ</span> <span class='ocrx_word' id='word_1_69' title='bbox 1162 1152 1245 1242; x_wconf 78' lang='grc' dir='ltr'>πρὸς</span> 
     </span>
     <span class='ocr_line' id='line_1_9' title="bbox 97 1241 1241 1343; baseline -0.007 -12"><span class='ocrx_word' id='word_1_70' title='bbox 97 1241 231 1331; x_wconf 47' lang='lat' dir='ltr'><strong>wlff,</strong></span> <span class='ocrx_word' id='word_1_71' title='bbox 251 1247 343 1337; x_wconf 63' lang='grc' dir='ltr'><strong>ἔχων</strong></span> <span class='ocrx_word' id='word_1_72' title='bbox 367 1248 442 1321; x_wconf 63' lang='grc' dir='ltr'>τοὺς</span> <span class='ocrx_word' id='word_1_73' title='bbox 466 1248 558 1339; x_wconf 72' lang='grc' dir='ltr'>ὅρους</span> <span class='ocrx_word' id='word_1_74' title='bbox 585 1247 622 1318; x_wconf 78' lang='grc' dir='ltr'><strong>ἕν</strong></span> <span class='ocrx_word' id='word_1_75' title='bbox 642 1250 841 1341; x_wconf 78' lang='grc' dir='ltr'>ἐλαχίστοις,</span> <span class='ocrx_word' id='word_1_76' title='bbox 866 1249 909 1323; x_wconf 71' lang='grc' dir='ltr'><strong>ὥς</strong></span> <span class='ocrx_word' id='word_1_77' title='bbox 931 1250 949 1318; x_wconf 85' lang='grc' dir='ltr'>ὁ</span> <span class='ocrx_word' id='word_1_78' title='bbox 972 1278 1033 1321; x_wconf 72' lang='grc' dir='ltr'><strong>σος</strong></span> <span class='ocrx_word' id='word_1_79' title='bbox 1057 1253 1140 1343; x_wconf 80' lang='grc' dir='ltr'>πρὸς</span> <span class='ocrx_word' id='word_1_80' title='bbox 1162 1281 1241 1340; x_wconf 68' lang='grc' dir='ltr'><strong>σμγ.</strong></span> 
     </span>
     <span class='ocr_line' id='line_1_10' title="bbox 97 1346 1243 1444; baseline 0.01 -30"><span class='ocrx_word' id='word_1_81' title='bbox 97 1346 184 1417; x_wconf 90' lang='lat' dir='ltr'><strong>Hunc</strong></span> <span class='ocrx_word' id='word_1_82' title='bbox 195 1362 336 1419; x_wconf 83' lang='lat' dir='ltr'><strong>sectatus</strong></span> <span class='ocrx_word' id='word_1_83' title='bbox 350 1352 555 1435; x_wconf 84' lang='lat' dir='ltr'><strong>Meibomius,</strong></span> <span class='ocrx_word' id='word_1_84' title='bbox 566 1355 602 1420; x_wconf 93' lang='lat' dir='ltr'><strong>in</strong></span> <span class='ocrx_word' id='word_1_85' title='bbox 614 1354 742 1442; x_wconf 82' lang='lat' dir='ltr'><strong>dialogo</strong></span> <span class='ocrx_word' id='word_1_86' title='bbox 756 1353 797 1421; x_wconf 92' lang='lat' dir='ltr'><strong>de</strong></span> <span class='ocrx_word' id='word_1_87' title='bbox 811 1356 1075 1443; x_wconf 79' lang='lat' dir='ltr'><strong>proportionibus,</strong></span> <span class='ocrx_word' id='word_1_88' title='bbox 1094 1360 1148 1444; x_wconf 91' lang='lat' dir='ltr'><strong>(an</strong></span> <span class='ocrx_word' id='word_1_89' title='bbox 1163 1359 1243 1426; x_wconf 87' lang='lat' dir='ltr'><strong>alios</strong></span> 
     </span>
     <span class='ocr_line' id='line_1_11' title="bbox 95 1457 1243 1546; baseline 0.01 -28"><span class='ocrx_word' id='word_1_90' title='bbox 95 1463 204 1521; x_wconf 60' lang='lat' dir='ltr'><strong>meres</strong></span> <span class='ocrx_word' id='word_1_91' title='bbox 217 1457 339 1538; x_wconf 86' lang='lat' dir='ltr'><strong>nescio,</strong></span> <span class='ocrx_word' id='word_1_92' title='bbox 355 1457 468 1524; x_wconf 85' lang='lat' dir='ltr'><strong>saltem</strong></span> <span class='ocrx_word' id='word_1_93' title='bbox 482 1458 590 1543; x_wconf 88' lang='lat' dir='ltr'><strong>hunc,)</strong></span> <span class='ocrx_word' id='word_1_94' title='bbox 611 1458 721 1539; x_wconf 79' lang='lat' dir='ltr'><strong>Porro,</strong></span> <span class='ocrx_word' id='word_1_95' title='bbox 736 1458 851 1546; x_wconf 88' lang='lat' dir='ltr'><strong>inquit,</strong></span> <span class='ocrx_word' id='word_1_96' title='bbox 871 1472 900 1525; x_wconf 84' lang='lat' dir='ltr'><strong>et</strong></span> <span class='ocrx_word' id='word_1_97' title='bbox 916 1460 972 1526; x_wconf 86' lang='grc' dir='ltr'>Ιιοο</span> <span class='ocrx_word' id='word_1_98' title='bbox 984 1462 1169 1529; x_wconf 71' lang='lat' dir='ltr'><strong>merdam</strong></span> <span class='ocrx_word' id='word_1_99' title='bbox 1183 1488 1243 1531; x_wconf 77' lang='lat' dir='ltr'><strong>aa·</strong></span> 
     </span>
     <span class='ocr_line' id='line_1_12' title="bbox 96 1559 1242 1649; baseline 0.009 -26"><span class='ocrx_word' id='word_1_100' title='bbox 96 1559 166 1623; x_wconf 80' lang='lat' dir='ltr'><strong>orer-i</strong></span> <span class='ocrx_word' id='word_1_101' title='bbox 181 1559 226 1625; x_wconf 77' lang='lat' dir='ltr'><strong>ad</strong></span> <span class='ocrx_word' id='word_1_102' title='bbox 243 1584 413 1627; x_wconf 72' lang='lat' dir='ltr'><strong>mmmm</strong></span> <span class='ocrx_word' id='word_1_103' title='bbox 431 1562 585 1627; x_wconf 73' lang='lat' dir='ltr'><strong>ratahuem</strong></span> <span class='ocrx_word' id='word_1_104' title='bbox 604 1560 681 1643; x_wconf 78' lang='lat' dir='ltr'><strong>de‘ce&#39;,</strong></span> <span class='ocrx_word' id='word_1_105' title='bbox 703 1562 829 1648; x_wconf 65' lang='lat' dir='ltr'><strong>wado</strong></span> <span class='ocrx_word' id='word_1_106' title='bbox 849 1562 951 1649; x_wconf 69' lang='lat' dir='ltr'><strong>mety&#39;or</strong></span> <span class='ocrx_word' id='word_1_107' title='bbox 971 1564 1018 1629; x_wconf 86' lang='lat' dir='ltr'><strong>od</strong></span> <span class='ocrx_word' id='word_1_108' title='bbox 1035 1566 1185 1632; x_wconf 76' lang='lat' dir='ltr'><strong>minorem</strong></span> <span class='ocrx_word' id='word_1_109' title='bbox 1206 1568 1242 1634; x_wconf 79' lang='lat' dir='ltr'><strong>ia</strong></span> 
     </span>
     <span class='ocr_line' id='line_1_13' title="bbox 95 1660 1244 1752; baseline 0.009 -26"><span class='ocrx_word' id='word_1_110' title='bbox 95 1660 174 1726; x_wconf 71' lang='lat' dir='ltr'><strong>asto</strong></span> <span class='ocrx_word' id='word_1_111' title='bbox 182 1662 290 1749; x_wconf 65' lang='lat' dir='ltr'><strong>fier-at</strong></span> <span class='ocrx_word' id='word_1_112' title='bbox 304 1663 538 1752; x_wconf 67' lang='lat' dir='ltr'><strong>predicarem</strong></span> <span class='ocrx_word' id='word_1_113' title='bbox 557 1664 724 1745; x_wconf 68' lang='lat' dir='ltr'><strong>rotronem»,</strong></span> <span class='ocrx_word' id='word_1_114' title='bbox 747 1664 837 1751; x_wconf 64' lang='lat' dir='ltr'><strong>etque</strong></span> <span class='ocrx_word' id='word_1_115' title='bbox 857 1665 990 1731; x_wconf 68' lang='lat' dir='ltr'><strong>resono</strong></span> <span class='ocrx_word' id='word_1_116' title='bbox 1010 1678 1056 1733; x_wconf 84' lang='lat' dir='ltr'><strong>eat</strong></span> <span class='ocrx_word' id='word_1_117' title='bbox 1077 1665 1186 1735; x_wconf 80' lang='lat' dir='ltr'><strong>limma</strong></span> <span class='ocrx_word' id='word_1_118' title='bbox 1206 1670 1244 1736; x_wconf 76' lang='lat' dir='ltr'><strong>ia</strong></span> 
     </span>
     <span class='ocr_line' id='line_1_14' title="bbox 96 1762 1046 1835; baseline 0.002 -2"><span class='ocrx_word' id='word_1_119' title='bbox 96 1762 270 1835; x_wconf 64' lang='lat' dir='ltr'><strong>mosea</strong></span> <span class='ocrx_word' id='word_1_120' title='bbox 284 1780 460 1835; x_wconf 70' lang='lat' dir='ltr'><strong>moenam</strong></span> <span class='ocrx_word' id='word_1_121' title='bbox 472 1768 523 1833; x_wconf 68' lang='lat' dir='ltr'><strong>dac</strong></span> <span class='ocrx_word' id='word_1_122' title='bbox 536 1767 677 1834; x_wconf 65' lang='lat' dir='ltr'><strong>minimae</strong></span> <span class='ocrx_word' id='word_1_123' title='bbox 689 1770 828 1834; x_wconf 68' lang='grc' dir='ltr'><strong>00000νὼ</strong></span> <span class='ocrx_word' id='word_1_124' title='bbox 842 1774 901 1835; x_wconf 75' lang='lat'><strong>256</strong></span> <span class='ocrx_word' id='word_1_125' title='bbox 918 1769 964 1834; x_wconf 82' lang='lat' dir='ltr'><strong>ad</strong></span> <span class='ocrx_word' id='word_1_126' title='bbox 975 1776 1046 1835; x_wconf 75' lang='lat'><strong>243.</strong></span> 
     </span>
    </p>

    <p class='ocr_par' dir='ltr' id='par_1_4' title="bbox 97 1869 1242 4115">
     <span class='ocr_line' id='line_1_15' title="bbox 150 1869 1242 1957; baseline 0.005 -19"><span class='ocrx_word' id='word_1_127' title='bbox 150 1869 239 1949; x_wconf 79' lang='lat' dir='ltr'><strong>Quod</strong></span> <span class='ocrx_word' id='word_1_128' title='bbox 253 1872 297 1938; x_wconf 92' lang='lat' dir='ltr'><strong>ob</strong></span> <span class='ocrx_word' id='word_1_129' title='bbox 316 1870 437 1937; x_wconf 91' lang='lat' dir='ltr'><strong>dictum</strong></span> <span class='ocrx_word' id='word_1_130' title='bbox 450 1870 497 1937; x_wconf 86' lang='lat' dir='ltr'><strong>ita</strong></span> <span class='ocrx_word' id='word_1_131' title='bbox 509 1870 651 1957; x_wconf 76' lang='lat' dir='ltr'>vapulat,</span> <span class='ocrx_word' id='word_1_132' title='bbox 672 1870 806 1937; x_wconf 77' lang='lat' dir='ltr'><strong>Omnino</strong></span> <span class='ocrx_word' id='word_1_133' title='bbox 819 1872 987 1939; x_wconf 74' lang='lat' dir='ltr'><strong>sornae&#39;dcee</strong></span> <span class='ocrx_word' id='word_1_134' title='bbox 1001 1873 1133 1943; x_wconf 78' lang='lat' dir='ltr'><strong>uidetur.</strong></span> <span class='ocrx_word' id='word_1_135' title='bbox 1166 1874 1242 1943; x_wconf 90' lang='lat' dir='ltr'><strong>Non</strong></span> 
     </span>
     <span class='ocr_line' id='line_1_16' title="bbox 97 1970 1241 2067; baseline 0.008 -30"><span class='ocrx_word' id='word_1_136' title='bbox 97 1970 237 2041; x_wconf 83' lang='lat' dir='ltr'><strong>inmerito</strong></span> <span class='ocrx_word' id='word_1_137' title='bbox 258 1974 395 2063; x_wconf 86' lang='lat' dir='ltr'><strong>quidem</strong></span> <span class='ocrx_word' id='word_1_138' title='bbox 417 1973 460 2054; x_wconf 94' lang='lat' dir='ltr'><strong>id,</strong></span> <span class='ocrx_word' id='word_1_139' title='bbox 480 1974 577 2060; x_wconf 83' lang='lat' dir='ltr'><strong>juxta</strong></span> <span class='ocrx_word' id='word_1_140' title='bbox 600 1973 647 2039; x_wconf 90' lang='lat' dir='ltr'><strong>rei</strong></span> <span class='ocrx_word' id='word_1_141' title='bbox 670 1972 837 2040; x_wconf 83' lang='lat' dir='ltr'><strong>veritatem</strong></span> <span class='ocrx_word' id='word_1_142' title='bbox 862 1983 894 2040; x_wconf 89' lang='lat' dir='ltr'><strong>et</strong></span> <span class='ocrx_word' id='word_1_143' title='bbox 917 1975 1050 2041; x_wconf 84' lang='lat' dir='ltr'><strong>rationis</strong></span> <span class='ocrx_word' id='word_1_144' title='bbox 1075 2000 1241 2067; x_wconf 89' lang='lat' dir='ltr'><strong>superpar-</strong></span> 
     </span>
     <span class='ocr_line' id='line_1_17' title="bbox 97 2073 1241 2166; baseline 0.01 -29"><span class='ocrx_word' id='word_1_145' title='bbox 97 2073 190 2141; x_wconf 86' lang='lat' dir='ltr'><strong>tientis</strong></span> <span class='ocrx_word' id='word_1_146' title='bbox 202 2098 324 2143; x_wconf 88' lang='lat' dir='ltr'><strong>nomen</strong></span> <span class='ocrx_word' id='word_1_147' title='bbox 337 2075 545 2163; x_wconf 82' lang='lat' dir='ltr'><strong>intelligendo</strong></span> <span class='ocrx_word' id='word_1_148' title='bbox 559 2073 733 2141; x_wconf 89' lang='lat' dir='ltr'><strong>secundum</strong></span> <span class='ocrx_word' id='word_1_149' title='bbox 747 2076 912 2163; x_wconf 83' lang='lat' dir='ltr'><strong>vulgarem</strong></span> <span class='ocrx_word' id='word_1_150' title='bbox 926 2078 1148 2166; x_wconf 79' lang='lat' dir='ltr'><strong>acceptionem.</strong></span> <span class='ocrx_word' id='word_1_151' title='bbox 1193 2081 1241 2148; x_wconf 85' lang='lat' dir='ltr'><strong>At</strong></span> 
     </span>
     <span class='ocr_line' id='line_1_18' title="bbox 99 2176 1237 2268; baseline 0.008 -28"><span class='ocrx_word' id='word_1_152' title='bbox 99 2198 152 2243; x_wconf 90' lang='lat' dir='ltr'><strong>non</strong></span> <span class='ocrx_word' id='word_1_153' title='bbox 163 2179 245 2246; x_wconf 87' lang='lat' dir='ltr'><strong>aolus</strong></span> <span class='ocrx_word' id='word_1_154' title='bbox 259 2179 458 2247; x_wconf 86' lang='lat' dir='ltr'><strong>Meibomius</strong></span> <span class='ocrx_word' id='word_1_155' title='bbox 471 2202 490 2246; x_wconf 90' lang='lat' dir='ltr'><strong>e</strong></span> <span class='ocrx_word' id='word_1_156' title='bbox 503 2201 562 2245; x_wconf 88' lang='lat' dir='ltr'><strong>sno</strong></span> <span class='ocrx_word' id='word_1_157' title='bbox 575 2176 739 2259; x_wconf 87' lang='lat' dir='ltr'><strong>cerebello,</strong></span> <span class='ocrx_word' id='word_1_158' title='bbox 755 2177 811 2244; x_wconf 88' lang='lat' dir='ltr'><strong>sed</strong></span> <span class='ocrx_word' id='word_1_159' title='bbox 831 2178 994 2247; x_wconf 80' lang='lat' dir='ltr'><strong>Thoonem</strong></span> <span class='ocrx_word' id='word_1_160' title='bbox 1017 2182 1065 2265; x_wconf 88' lang='lat' dir='ltr'><strong>(ut</strong></span> <span class='ocrx_word' id='word_1_161' title='bbox 1084 2182 1237 2268; x_wconf 82' lang='lat' dir='ltr'><strong>vidimus)</strong></span> 
     </span>
     <span class='ocr_line' id='line_1_19' title="bbox 98 2280 1239 2368; baseline 0.004 -21"><span class='ocrx_word' id='word_1_162' title='bbox 98 2292 194 2347; x_wconf 81' lang='lat' dir='ltr'><strong>nactm</strong></span> <span class='ocrx_word' id='word_1_163' title='bbox 220 2281 492 2362; x_wconf 80' lang='lat' dir='ltr'><strong>contubernalem,</strong></span> <span class='ocrx_word' id='word_1_164' title='bbox 518 2288 551 2347; x_wconf 89' lang='lat' dir='ltr'><strong>et</strong></span> <span class='ocrx_word' id='word_1_165' title='bbox 578 2282 648 2368; x_wconf 88' lang='lat' dir='ltr'><strong>ejus</strong></span> <span class='ocrx_word' id='word_1_166' title='bbox 673 2280 797 2345; x_wconf 89' lang='lat' dir='ltr'><strong>afflatus</strong></span> <span class='ocrx_word' id='word_1_167' title='bbox 826 2280 1017 2348; x_wconf 75' lang='lat' dir='ltr'><strong>authoritate</strong></span> <span class='ocrx_word' id='word_1_168' title='bbox 1045 2281 1239 2353; x_wconf 79' lang='lat' dir='ltr'><strong>dormitavit.</strong></span> 
     </span>
     <span class='ocr_line' id='line_1_20' title="bbox 99 2379 1240 2474; baseline 0.004 -26"><span class='ocrx_word' id='word_1_169' title='bbox 99 2379 172 2461; x_wconf 85' lang='lat' dir='ltr'><strong>Quid</strong></span> <span class='ocrx_word' id='word_1_170' title='bbox 183 2385 279 2472; x_wconf 83' lang='lat' dir='ltr'><strong>igitur</strong></span> <span class='ocrx_word' id='word_1_171' title='bbox 294 2386 365 2474; x_wconf 87' lang='lat' dir='ltr'><strong>ipse</strong></span> <span class='ocrx_word' id='word_1_172' title='bbox 374 2384 499 2465; x_wconf 88' lang='lat' dir='ltr'><strong>Theon,</strong></span> <span class='ocrx_word' id='word_1_173' title='bbox 510 2406 552 2450; x_wconf 86' lang='lat' dir='ltr'><strong>an</strong></span> <span class='ocrx_word' id='word_1_174' title='bbox 565 2382 705 2451; x_wconf 78' lang='lat' dir='ltr'><strong>erravit?</strong></span> <span class='ocrx_word' id='word_1_175' title='bbox 735 2380 888 2449; x_wconf 87' lang='lat' dir='ltr'><strong>Videtur:</strong></span> <span class='ocrx_word' id='word_1_176' title='bbox 904 2382 980 2470; x_wconf 89' lang='lat' dir='ltr'><strong>quia</strong></span> <span class='ocrx_word' id='word_1_177' title='bbox 992 2384 1073 2450; x_wconf 87' lang='lat' dir='ltr'><strong>ratio</strong></span> <span class='ocrx_word' id='word_1_178' title='bbox 1087 2384 1240 2453; x_wconf 88' lang='lat' dir='ltr'><strong>limmatis</strong></span> 
     </span>
     <span class='ocr_line' id='line_1_21' title="bbox 99 2483 1240 2576; baseline 0.004 -26"><span class='ocrx_word' id='word_1_179' title='bbox 99 2495 140 2550; x_wconf 88' lang='lat' dir='ltr'><strong>est</strong></span> <span class='ocrx_word' id='word_1_180' title='bbox 156 2486 336 2575; x_wconf 86' lang='lat' dir='ltr'><strong>planissime</strong></span> <span class='ocrx_word' id='word_1_181' title='bbox 353 2486 594 2576; x_wconf 86' lang='lat' dir='ltr'><strong>superpartiens,</strong></span> <span class='ocrx_word' id='word_1_182' title='bbox 609 2508 724 2575; x_wconf 88' lang='lat' dir='ltr'><strong>nempe</strong></span> <span class='ocrx_word' id='word_1_183' title='bbox 743 2483 1103 2574; x_wconf 85' lang='lat' dir='ltr'><strong>supertredecupartiene</strong></span> <span class='ocrx_word' id='word_1_184' title='bbox 1122 2486 1240 2555; x_wconf 90' lang='lat' dir='ltr'><strong>ducen-</strong></span> 
     </span>
     <span class='ocr_line' id='line_1_22' title="bbox 99 2588 1238 2682; baseline 0.005 -29"><span class='ocrx_word' id='word_1_185' title='bbox 99 2590 211 2659; x_wconf 85' lang='lat' dir='ltr'><strong>tesimus</strong></span> <span class='ocrx_word' id='word_1_186' title='bbox 227 2592 489 2682; x_wconf 79' lang='lat' dir='ltr'><strong>quadragesimas</strong></span> <span class='ocrx_word' id='word_1_187' title='bbox 507 2590 635 2671; x_wconf 81' lang='lat' dir='ltr'><strong>tertiae3</strong></span> <span class='ocrx_word' id='word_1_188' title='bbox 661 2611 720 2656; x_wconf 89' lang='lat' dir='ltr'><strong>nec</strong></span> <span class='ocrx_word' id='word_1_189' title='bbox 738 2588 837 2677; x_wconf 82' lang='lat' dir='ltr'><strong>igitur</strong></span> <span class='ocrx_word' id='word_1_190' title='bbox 858 2612 879 2655; x_wconf 91' lang='lat' dir='ltr'><strong>a</strong></span> <span class='ocrx_word' id='word_1_191' title='bbox 897 2588 1058 2677; x_wconf 88' lang='lat' dir='ltr'><strong>praedictis</strong></span> <span class='ocrx_word' id='word_1_192' title='bbox 1078 2590 1238 2659; x_wconf 88' lang='lat' dir='ltr'><strong>distincta.</strong></span> 
     </span>
     <span class='ocr_line' id='line_1_23' title="bbox 100 2688 1237 2785; baseline 0.001 -24"><span class='ocrx_word' id='word_1_193' title='bbox 100 2688 211 2763; x_wconf 82' lang='lat' dir='ltr'><strong>Nodum</strong></span> <span class='ocrx_word' id='word_1_194' title='bbox 233 2696 324 2765; x_wconf 89' lang='lat' dir='ltr'><strong>hunc</strong></span> <span class='ocrx_word' id='word_1_195' title='bbox 347 2696 440 2763; x_wconf 84' lang='lat' dir='ltr'><strong>aliter</strong></span> <span class='ocrx_word' id='word_1_196' title='bbox 464 2694 613 2785; x_wconf 81' lang='lat' dir='ltr'><strong>expedire</strong></span> <span class='ocrx_word' id='word_1_197' title='bbox 637 2716 768 2781; x_wconf 86' lang='lat' dir='ltr'><strong>nequeo,</strong></span> <span class='ocrx_word' id='word_1_198' title='bbox 795 2694 921 2761; x_wconf 88' lang='lat' dir='ltr'><strong>neceb</strong></span> <span class='ocrx_word' id='word_1_199' title='bbox 946 2715 1048 2759; x_wconf 85' lang='lat' dir='ltr'><strong>errore</strong></span> <span class='ocrx_word' id='word_1_200' title='bbox 1073 2691 1237 2762; x_wconf 89' lang='lat' dir='ltr'><strong>Theonem</strong></span> 
     </span>
     <span class='ocr_line' id='line_1_24' title="bbox 101 2796 1237 2889; baseline 0.002 -26"><span class='ocrx_word' id='word_1_201' title='bbox 101 2796 227 2884; x_wconf 60' lang='lat' dir='ltr'><strong>morere,</strong></span> <span class='ocrx_word' id='word_1_202' title='bbox 250 2824 350 2889; x_wconf 90' lang='lat' dir='ltr'><strong>quam</strong></span> <span class='ocrx_word' id='word_1_203' title='bbox 374 2799 508 2867; x_wconf 90' lang='lat' dir='ltr'><strong>dicendo</strong></span> <span class='ocrx_word' id='word_1_204' title='bbox 533 2798 709 2879; x_wconf 78' lang='lat' dir='ltr'><strong>Thoonem,</strong></span> <span class='ocrx_word' id='word_1_205' title='bbox 734 2809 767 2865; x_wconf 88' lang='lat' dir='ltr'><strong>et</strong></span> <span class='ocrx_word' id='word_1_206' title='bbox 789 2796 869 2864; x_wconf 87' lang='lat' dir='ltr'><strong>ulios</strong></span> <span class='ocrx_word' id='word_1_207' title='bbox 894 2796 1026 2864; x_wconf 84' lang='lat' dir='ltr'><strong>fortasse</strong></span> <span class='ocrx_word' id='word_1_208' title='bbox 1048 2797 1237 2865; x_wconf 70' lang='lat' dir='ltr'><strong>venustiores</strong></span> 
     </span>
     <span class='ocr_line' id='line_1_25' title="bbox 102 2894 1237 2991; baseline 0.004 -24"><span class='ocrx_word' id='word_1_209' title='bbox 102 2894 334 2987; x_wconf 80' lang='lat' dir='ltr'><strong>llsthematicos,</strong></span> <span class='ocrx_word' id='word_1_210' title='bbox 362 2904 517 2971; x_wconf 87' lang='lat' dir='ltr'><strong>rationem</strong></span> <span class='ocrx_word' id='word_1_211' title='bbox 545 2903 680 2991; x_wconf 79' lang='grc' dir='ltr'>ἐπιμορῆ</span> <span class='ocrx_word' id='word_1_212' title='bbox 712 2900 829 2969; x_wconf 86' lang='lat' dir='ltr'><strong>rectius</strong></span> <span class='ocrx_word' id='word_1_213' title='bbox 856 2899 1062 2985; x_wconf 81' lang='lat' dir='ltr'><strong>intellexisse,</strong></span> <span class='ocrx_word' id='word_1_214' title='bbox 1091 2926 1150 2991; x_wconf 92' lang='lat' dir='ltr'><strong>pro</strong></span> <span class='ocrx_word' id='word_1_215' title='bbox 1178 2904 1237 2971; x_wconf 86' lang='lat' dir='ltr'><strong>tali</strong></span> 
     </span>
     <span class='ocr_line' id='line_1_26' title="bbox 103 3000 1236 3092; baseline -0.001 -19"><span class='ocrx_word' id='word_1_216' title='bbox 103 3000 278 3075; x_wconf 78' lang='lat' dir='ltr'><strong>solummodo</strong></span> <span class='ocrx_word' id='word_1_217' title='bbox 295 3008 426 3089; x_wconf 87' lang='lat' dir='ltr'><strong>ratione,</strong></span> <span class='ocrx_word' id='word_1_218' title='bbox 442 3006 532 3092; x_wconf 87' lang='lat' dir='ltr'><strong>cnjus</strong></span> <span class='ocrx_word' id='word_1_219' title='bbox 547 3003 734 3071; x_wconf 82' lang='lat' dir='ltr'><strong>antecedens</strong></span> <span class='ocrx_word' id='word_1_220' title='bbox 748 3003 795 3069; x_wconf 88' lang='lat' dir='ltr'><strong>ita</strong></span> <span class='ocrx_word' id='word_1_221' title='bbox 809 3013 1052 3091; x_wconf 83' lang='lat' dir='ltr'><strong>consequentem</strong></span> <span class='ocrx_word' id='word_1_222' title='bbox 1068 3005 1236 3073; x_wconf 85' lang='lat' dir='ltr'><strong>excederet</strong></span> 
     </span>
     <span class='ocr_line' id='line_1_27' title="bbox 103 3106 1234 3198; baseline 0.001 -23"><span class='ocrx_word' id='word_1_223' title='bbox 103 3113 132 3168; x_wconf 76' lang='lat' dir='ltr'><strong>ut</strong></span> <span class='ocrx_word' id='word_1_224' title='bbox 145 3110 297 3178; x_wconf 67' lang='lat' dir='ltr'><strong>midnum</strong></span> <span class='ocrx_word' id='word_1_225' title='bbox 311 3108 414 3176; x_wconf 79' lang='lat' dir='ltr'><strong>dividi</strong></span> <span class='ocrx_word' id='word_1_226' title='bbox 432 3117 539 3198; x_wconf 82' lang='lat' dir='ltr'><strong>posset</strong></span> <span class='ocrx_word' id='word_1_227' title='bbox 558 3109 593 3175; x_wconf 91' lang='lat' dir='ltr'><strong>in</strong></span> <span class='ocrx_word' id='word_1_228' title='bbox 612 3108 691 3175; x_wconf 86' lang='lat' dir='ltr'><strong>dnae</strong></span> <span class='ocrx_word' id='word_1_229' title='bbox 709 3118 814 3196; x_wconf 84' lang='lat' dir='ltr'><strong>partes</strong></span> <span class='ocrx_word' id='word_1_230' title='bbox 834 3106 993 3196; x_wconf 83' lang='lat' dir='ltr'><strong>simplices</strong></span> <span class='ocrx_word' id='word_1_231' title='bbox 1013 3110 1234 3197; x_wconf 87' lang='lat' dir='ltr'><strong>consequentis</strong></span> 
     </span>
     <span class='ocr_line' id='line_1_28' title="bbox 103 3204 1235 3301; baseline 0.009 -30"><span class='ocrx_word' id='word_1_232' title='bbox 103 3204 247 3295; x_wconf 86' lang='lat' dir='ltr'><strong>aliquotas,</strong></span> <span class='ocrx_word' id='word_1_233' title='bbox 270 3213 442 3301; x_wconf 85' lang='lat' dir='ltr'><strong>(simplices</strong></span> <span class='ocrx_word' id='word_1_234' title='bbox 467 3212 593 3301; x_wconf 87' lang='lat' dir='ltr'><strong>appello</strong></span> <span class='ocrx_word' id='word_1_235' title='bbox 613 3234 746 3300; x_wconf 89' lang='lat' dir='ltr'><strong>quarum</strong></span> <span class='ocrx_word' id='word_1_236' title='bbox 765 3221 946 3279; x_wconf 89' lang='lat' dir='ltr'><strong>numerator</strong></span> <span class='ocrx_word' id='word_1_237' title='bbox 964 3220 1013 3279; x_wconf 90' lang='lat' dir='ltr'><strong>est</strong></span> <span class='ocrx_word' id='word_1_238' title='bbox 1037 3212 1176 3297; x_wconf 80' lang='lat' dir='ltr'><strong>unitas3)</strong></span> <span class='ocrx_word' id='word_1_239' title='bbox 1197 3236 1235 3281; x_wconf 90' lang='lat' dir='ltr'><strong>eo</strong></span> 
     </span>
     <span class='ocr_line' id='line_1_29' title="bbox 103 3312 1235 3403; baseline 0 -21"><span class='ocrx_word' id='word_1_240' title='bbox 103 3322 177 3392; x_wconf 63' lang='lat' dir='ltr'><strong>Pecto</strong></span> <span class='ocrx_word' id='word_1_241' title='bbox 190 3338 250 3402; x_wconf 91' lang='lat' dir='ltr'><strong>quo</strong></span> <span class='ocrx_word' id='word_1_242' title='bbox 271 3314 354 3381; x_wconf 86' lang='lat' dir='ltr'><strong>sicut</strong></span> <span class='ocrx_word' id='word_1_243' title='bbox 375 3312 499 3381; x_wconf 88' lang='lat' dir='ltr'><strong>ostendi</strong></span> <span class='ocrx_word' id='word_1_244' title='bbox 519 3313 607 3401; x_wconf 88' lang='lat' dir='ltr'><strong>prins</strong></span> <span class='ocrx_word' id='word_1_245' title='bbox 628 3313 837 3403; x_wconf 89' lang='lat' dir='ltr'><strong>comparando</strong></span> <span class='ocrx_word' id='word_1_246' title='bbox 854 3320 889 3379; x_wconf 91' lang='lat'><strong>11</strong></span> <span class='ocrx_word' id='word_1_247' title='bbox 907 3335 979 3379; x_wconf 91' lang='lat' dir='ltr'><strong>cnm</strong></span> <span class='ocrx_word' id='word_1_248' title='bbox 995 3322 1024 3395; x_wconf 83' lang='lat'><strong>6,</strong></span> <span class='ocrx_word' id='word_1_249' title='bbox 1039 3314 1200 3380; x_wconf 85' lang='lat' dir='ltr'><strong>residuum</strong></span> <span class='ocrx_word' id='word_1_250' title='bbox 1216 3324 1235 3382; x_wconf 86' lang='lat'>5</span> 
     </span>
     <span class='ocr_line' id='line_1_30' title="bbox 104 3414 1236 3504; baseline 0.006 -28"><span class='ocrx_word' id='word_1_251' title='bbox 104 3414 220 3483; x_wconf 79' lang='lat' dir='ltr'><strong>continet</strong></span> <span class='ocrx_word' id='word_1_252' title='bbox 234 3426 252 3483; x_wconf 85' lang='lat'><strong>3</strong></span> <span class='ocrx_word' id='word_1_253' title='bbox 268 3426 300 3483; x_wconf 86' lang='lat' dir='ltr'><strong>et</strong></span> <span class='ocrx_word' id='word_1_254' title='bbox 318 3426 348 3498; x_wconf 83' lang='lat'><strong>2,</strong></span> <span class='ocrx_word' id='word_1_255' title='bbox 367 3438 501 3504; x_wconf 88' lang='lat' dir='ltr'><strong>quorum</strong></span> <span class='ocrx_word' id='word_1_256' title='bbox 520 3422 539 3483; x_wconf 82' lang='lat'><strong>3</strong></span> <span class='ocrx_word' id='word_1_257' title='bbox 559 3424 609 3481; x_wconf 88' lang='lat' dir='ltr'><strong>est</strong></span> <span class='ocrx_word' id='word_1_258' title='bbox 626 3439 691 3481; x_wconf 91' lang='lat' dir='ltr'><strong>nna</strong></span> <span class='ocrx_word' id='word_1_259' title='bbox 710 3415 845 3481; x_wconf 87' lang='lat' dir='ltr'><strong>dimidie</strong></span> <span class='ocrx_word' id='word_1_260' title='bbox 863 3438 946 3503; x_wconf 88' lang='lat' dir='ltr'><strong>pars,</strong></span> <span class='ocrx_word' id='word_1_261' title='bbox 967 3425 999 3481; x_wconf 90' lang='lat' dir='ltr'><strong>et</strong></span> <span class='ocrx_word' id='word_1_262' title='bbox 1018 3424 1036 3480; x_wconf 78' lang='lat'>2</span> <span class='ocrx_word' id='word_1_263' title='bbox 1057 3436 1123 3481; x_wconf 88' lang='lat' dir='ltr'><strong>una</strong></span> <span class='ocrx_word' id='word_1_264' title='bbox 1141 3417 1236 3483; x_wconf 87' lang='lat' dir='ltr'><strong>tertia</strong></span> 
     </span>
     <span class='ocr_line' id='line_1_31' title="bbox 104 3514 1234 3607; baseline -0.002 -22"><span class='ocrx_word' id='word_1_265' title='bbox 104 3520 300 3607; x_wconf 71' lang='lat' dir='ltr'><strong>unquentis</strong></span> <span class='ocrx_word' id='word_1_266' title='bbox 326 3529 355 3588; x_wconf 87' lang='lat'><strong>6.</strong></span> <span class='ocrx_word' id='word_1_267' title='bbox 399 3518 498 3586; x_wconf 89' lang='lat' dir='ltr'><strong>Unde</strong></span> <span class='ocrx_word' id='word_1_268' title='bbox 523 3518 609 3585; x_wconf 88' lang='lat' dir='ltr'><strong>dicta</strong></span> <span class='ocrx_word' id='word_1_269' title='bbox 631 3518 777 3585; x_wconf 86' lang='lat' dir='ltr'><strong>videatur</strong></span> <span class='ocrx_word' id='word_1_270' title='bbox 806 3518 874 3583; x_wconf 87' lang='lat' dir='ltr'><strong>haec</strong></span> <span class='ocrx_word' id='word_1_271' title='bbox 897 3516 978 3583; x_wconf 85' lang='lat' dir='ltr'><strong>ratio</strong></span> <span class='ocrx_word' id='word_1_272' title='bbox 1007 3514 1166 3603; x_wconf 77' lang='grc' dir='ltr'>ἔπιμερής,</span> <span class='ocrx_word' id='word_1_273' title='bbox 1193 3541 1234 3585; x_wconf 85' lang='lat' dir='ltr'><strong>ex</strong></span> 
     </span>
     <span class='ocr_line' id='line_1_32' title="bbox 104 3617 1234 3707; baseline 0.003 -25"><span class='ocrx_word' id='word_1_274' title='bbox 104 3629 188 3686; x_wconf 87' lang='lat' dir='ltr'><strong>mente</strong></span> <span class='ocrx_word' id='word_1_275' title='bbox 200 3622 311 3690; x_wconf 84' lang='lat' dir='ltr'><strong>saltem</strong></span> <span class='ocrx_word' id='word_1_276' title='bbox 326 3620 477 3703; x_wconf 80' lang='lat' dir='ltr'><strong>Theonis,</strong></span> <span class='ocrx_word' id='word_1_277' title='bbox 492 3630 580 3688; x_wconf 85' lang='lat' dir='ltr'><strong>etex</strong></span> <span class='ocrx_word' id='word_1_278' title='bbox 594 3619 851 3707; x_wconf 85' lang='lat' dir='ltr'><strong>interpretatione</strong></span> <span class='ocrx_word' id='word_1_279' title='bbox 872 3620 929 3685; x_wconf 80' lang='grc' dir='ltr'><strong>τοῦ</strong></span> <span class='ocrx_word' id='word_1_280' title='bbox 947 3617 1048 3701; x_wconf 71' lang='grc' dir='ltr'>λόγου</span> <span class='ocrx_word' id='word_1_281' title='bbox 1066 3617 1234 3706; x_wconf 71' lang='grc' dir='ltr'>ἐπομεροῦς</span> 
     </span>
     <span class='ocr_line' id='line_1_33' title="bbox 105 3720 1232 3812; baseline 0.001 -24"><span class='ocrx_word' id='word_1_282' title='bbox 105 3738 180 3803; x_wconf 80' lang='lat' dir='ltr'><strong>quam</strong></span> <span class='ocrx_word' id='word_1_283' title='bbox 196 3725 249 3793; x_wconf 89' lang='lat' dir='ltr'><strong>ille</strong></span> <span class='ocrx_word' id='word_1_284' title='bbox 268 3726 375 3793; x_wconf 83' lang='lat' dir='ltr'><strong>tradit.</strong></span> <span class='ocrx_word' id='word_1_285' title='bbox 418 3724 523 3792; x_wconf 83' lang='lat' dir='ltr'><strong>Juxta</strong></span> <span class='ocrx_word' id='word_1_286' title='bbox 539 3747 636 3812; x_wconf 87' lang='lat' dir='ltr'><strong>quam</strong></span> <span class='ocrx_word' id='word_1_287' title='bbox 657 3723 870 3812; x_wconf 88' lang='lat' dir='ltr'><strong>acceptionem</strong></span> <span class='ocrx_word' id='word_1_288' title='bbox 891 3720 1044 3789; x_wconf 86' lang='lat' dir='ltr'><strong>limmatis</strong></span> <span class='ocrx_word' id='word_1_289' title='bbox 1065 3722 1146 3789; x_wconf 88' lang='lat' dir='ltr'><strong>ratio</strong></span> <span class='ocrx_word' id='word_1_290' title='bbox 1168 3746 1232 3790; x_wconf 92' lang='lat' dir='ltr'><strong>non</strong></span> 
     </span>
     <span class='ocr_line' id='line_1_34' title="bbox 104 3822 1233 3919; baseline 0.006 -33"><span class='ocrx_word' id='word_1_291' title='bbox 104 3822 150 3888; x_wconf 82' lang='lat' dir='ltr'><strong>trit</strong></span> <span class='ocrx_word' id='word_1_292' title='bbox 169 3825 326 3919; x_wconf 71' lang='grc' dir='ltr'>ἔπιμερής·</span> <span class='ocrx_word' id='word_1_293' title='bbox 349 3851 426 3894; x_wconf 91' lang='lat' dir='ltr'><strong>nam</strong></span> <span class='ocrx_word' id='word_1_294' title='bbox 447 3836 495 3910; x_wconf 83' lang='lat'><strong>13,</strong></span> <span class='ocrx_word' id='word_1_295' title='bbox 519 3849 668 3895; x_wconf 87' lang='lat' dir='ltr'><strong>excessus</strong></span> <span class='ocrx_word' id='word_1_296' title='bbox 693 3824 818 3891; x_wconf 88' lang='lat' dir='ltr'><strong>numeri</strong></span> <span class='ocrx_word' id='word_1_297' title='bbox 839 3832 897 3893; x_wconf 82' lang='lat'><strong>256</strong></span> <span class='ocrx_word' id='word_1_298' title='bbox 923 3847 1017 3914; x_wconf 85' lang='lat' dir='ltr'><strong>super</strong></span> <span class='ocrx_word' id='word_1_299' title='bbox 1040 3832 1110 3908; x_wconf 82' lang='lat'><strong>243,</strong></span> <span class='ocrx_word' id='word_1_300' title='bbox 1131 3824 1233 3893; x_wconf 88' lang='lat' dir='ltr'><strong>dividi</strong></span> 
     </span>
     <span class='ocr_line' id='line_1_35' title="bbox 105 3927 1232 4020; baseline 0.003 -27"><span class='ocrx_word' id='word_1_301' title='bbox 105 3927 194 4013; x_wconf 81' lang='lat' dir='ltr'><strong>nequit</strong></span> <span class='ocrx_word' id='word_1_302' title='bbox 214 3930 247 3997; x_wconf 93' lang='lat' dir='ltr'><strong>in</strong></span> <span class='ocrx_word' id='word_1_303' title='bbox 267 3931 348 3998; x_wconf 88' lang='lat' dir='ltr'><strong>dnae</strong></span> <span class='ocrx_word' id='word_1_304' title='bbox 369 3940 474 4020; x_wconf 80' lang='lat' dir='ltr'><strong>partes</strong></span> <span class='ocrx_word' id='word_1_305' title='bbox 500 3930 659 4017; x_wconf 88' lang='lat' dir='ltr'><strong>simplices</strong></span> <span class='ocrx_word' id='word_1_306' title='bbox 680 3928 837 4017; x_wconf 86' lang='lat' dir='ltr'><strong>aliquotas</strong></span> <span class='ocrx_word' id='word_1_307' title='bbox 859 3928 1080 4017; x_wconf 88' lang='lat' dir='ltr'><strong>consequentis</strong></span> <span class='ocrx_word' id='word_1_308' title='bbox 1101 3936 1171 4011; x_wconf 75' lang='lat'><strong>243,</strong></span> <span class='ocrx_word' id='word_1_309' title='bbox 1195 3939 1232 3997; x_wconf 92' lang='lat' dir='ltr'><strong>ut</strong></span> 
     </span>
     <span class='ocr_line' id='line_1_36' title="bbox 105 4032 965 4115; baseline 0.003 -18"><span class='ocrx_word' id='word_1_310' title='bbox 105 4032 269 4115; x_wconf 75' lang='lat' dir='ltr'><strong>experiendo</strong></span> <span class='ocrx_word' id='word_1_311' title='bbox 285 4033 452 4103; x_wconf 84' lang='lat' dir='ltr'><strong>constabit.</strong></span> <span class='ocrx_word' id='word_1_312' title='bbox 962 4066 965 4071; x_wconf 92' lang='lat'>·</span> 
     </span>
    </p>
   </div>
   <div class='ocr_carea' id='block_1_4' title="bbox 555 4194 747 4259">
    <p class='ocr_par' dir='ltr' id='par_1_5' title="bbox 555 4194 747 4259">
     <span class='ocr_line' id='line_1_37' title="bbox 555 4194 747 4259; baseline 0.005 -16"><span class='ocrx_word' id='word_1_313' title='bbox 555 4194 565 4225; x_wconf 94' lang='lat'>¹</span> <span class='ocrx_word' id='word_1_314' title='bbox 579 4194 640 4259; x_wconf 76' lang='lat' dir='ltr'><strong>cap.</strong></span> <span class='ocrx_word' id='word_1_315' title='bbox 653 4207 693 4254; x_wconf 76' lang='lat' dir='ltr'><strong>aa,</strong></span> <span class='ocrx_word' id='word_1_316' title='bbox 708 4195 747 4244; x_wconf 76' lang='lat'><strong>28.</strong></span> 
     </span>
    </p>
   </div>
   <div class='ocr_carea' id='block_1_5' title="bbox 0 0 1588 5192">
    <p class='ocr_par' dir='ltr' id='par_1_6' title="bbox 0 0 1588 5192">
     <span class='ocr_line' id='line_1_38' title="bbox 0 0 1588 5192; baseline 0 0"><span class='ocrx_word' id='word_1_317' title='bbox 0 0 1588 5192; x_wconf 95' lang='lat' dir='ltr'><strong> </strong></span> 
     </span>
    </p>
   </div>
  </div>
 </body>
</html>
