3167 5192
111 370 201 421 uuor.
218 350 293 441 η]
442 368 630 421 nenorosus
652 366 928 418 menusanum
1084 342 1089 353 '
1198 347 1271 425 231.

108 540 315 620 ratiocinium,
344 538 497 625 legitimis
520 536 761 626 hypothesibus,
788 546 845 601 aut
870 534 1161 624 predemoustratis
1188 556 1265 602 con-

107 643 300 709 clusionibus
331 642 492 726 innixum)
524 640 552 707 si
581 638 704 727 quovis,
734 639 877 726 inquam,
908 637 1025 704 rationi
1053 649 1264 705 consentaneo

106 760 194 835 pacto
215 748 412 836 reperiamus
434 770 506 835 quus
528 746 571 811 sit
591 747 661 835 ejus
683 744 725 809 ad
745 743 924 831 expositam
946 742 1103 831 quemvis,
1130 766 1150 809 a
1172 743 1265 809 nobis

106 854 182 917 bene
201 852 468 939 comprehensam
490 854 580 938 (puta
598 848 756 937 pedalem)
778 846 1014 933 longitudinem
1034 847 1068 911 in
1087 846 1265 934 quantitate

106 955 221 1034 relatio,
238 956 369 1042 quoties
384 954 473 1019 illum
488 952 638 1032 continet,
655 958 711 1017 aut
724 952 904 1017 continetur
917 950 952 1015 in
967 956 1014 1031 ed,
1030 961 1150 1037 quanto
1167 951 1266 1017 semel

105 1070 155 1124 aut
175 1058 351 1147 aliquoties
373 1068 501 1145 occepta
522 1066 651 1145 superat
671 1056 771 1135 illum,
799 1054 853 1120 vel
874 1055 916 1120 ab
939 1054 996 1119 illo
1017 1054 1160 1134 deficiat3
1187 1077 1264 1118 num

106 1161 194 1228 hsbet
214 1184 250 1227 se
270 1162 316 1227 ad
337 1160 438 1241 illam,
459 1161 711 1226 sicutnumerus
730 1158 890 1246 quispiam
909 1156 951 1221 ad
968 1158 1086 1237 alium3
1109 1156 1162 1222 vel
1183 1156 1266 1222 sicut

106 1264 206 1352 aliquo
218 1275 309 1331 recta
323 1263 419 1343 linea,
436 1282 533 1350 quam
547 1261 699 1328 exhibere
718 1282 860 1347 possum,
876 1258 918 1324 a'd
933 1258 1040 1341 aliam,
1056 1280 1154 1346 quem
1168 1258 1265 1325 etiem

106 1388 227 1457 possum
242 1369 387 1448 efficere3
410 1367 463 1433 vel
477 1376 514 1432 ut
529 1364 622 1431 radix
638 1363 772 1451 alicujus
792 1362 990 1450 aequationis,
1010 1385 1083 1451 quse
1098 1364 1266 1450 analytice

107 1471 254 1538 subdatur
275 1468 441 1553 ἐξηγήσει,
461 1479 494 1533 et
513 1490 569 1556 per
590 1478 690 1533 artem
710 1464 994 1553 quomodocunque
1012 1465 1129 1531 resolvi
1146 1467 1264 1554 possit3

107 1582 176 1639 tuno
201 1597 273 1641 eam
300 1594 487 1639 mensurare
513 1571 656 1636 dicamur
682 1568 927 1656 longitudinem.
973 1566 1086 1648 Qualis
1111 1579 1266 1635 rectarum

108 1674 340 1763 long'tudinum
367 1674 525 1741 dimensio
546 1682 748 1761 nuncupatur
772 1671 973 1758 eusampio
997 1670 1051 1737 vel
1077 1669 1267 1759 εὐθνμετρία

111 1780 260 1868 (hybridis
284 1792 396 1847 autem
419 1777 555 1845 subinde
574 1776 750 1857 vocabulis,
771 1774 992 1862 Longimetrio
1009 1784 1043 1841 et
1056 1774 1265 1861 Altimetria).

111 1882 257 1951 Similiter
279 1882 449 1973 proposito
470 1881 584 1969 qudvis
605 1880 711 1967 figure
731 1879 845 1967 plant;
876 1901 949 1944 eum
971 1900 1042 1966 quus
1068 1879 1111 1945 sit
1134 1881 1203 1969 ejus
1225 1880 1266 1946 ad

111 1986 280 2054 exhibitam
308 1986 406 2052 eliam
429 1984 564 2071 figuram
588 1983 729 2071 planam,
755 1982 870 2070 pedem
890 1981 1040 2048 videlicet
1064 1983 1265 2070 quadratum,

110 2091 260 2179 proportio
278 2090 477 2177 colligimus,
498 2097 530 2155 et
551 2088 691 2154 numeris
711 2096 767 2151 aut
788 2086 852 2153 elio
873 2085 969 2153 modo
994 2098 1265 2176 representamus,

110 2192 191 2259 illam
214 2194 378 2261 habemur
400 2192 537 2259 dimensi
547 2217 556 2271 ;
583 2190 762 2279 cujusmodi
781 2188 948 2278 planorum
968 2190 1123 2258 dimensio
1146 2192 1268 2259 dicetur

111 2295 352 2384 ἔμπεδομετρία,
367 2295 467 2382 vulgo
481 2294 676 2380 barbaroque
691 2293 910 2359 Plenimetria.
956 2292 1032 2359 Pori
1046 2295 1177 2375 ratione,
1193 2317 1267 2361 cum

112 2398 238 2465 solidum
253 2398 391 2486 aliquod
405 2420 478 2463 cum
493 2395 574 2485 pede
588 2393 709 2475 cubico,
721 2395 774 2461 vel
788 2416 861 2460 cum
874 2403 962 2461 tauto
976 2394 1095 2482 telique
1109 2396 1266 2483 cylindro,

112 2501 157 2567 rel
175 2525 246 2568 cum
270 2502 341 2569 alio
362 2501 460 2590 probe
479 2500 605 2587 cognito
625 2497 740 2585 quovis
758 2519 886 2583 corpore
908 2496 1114 2577 conferentes,
1136 2497 1205 2583 ejus
1227 2498 1268 2563 ad

112 2602 366 2673 honorationem
383 2604 595 2692 expisoamur,
621 2604 861 2688 στερεομετρεῖν
879 2598 1023 2665 dicimur.
1068 2598 1161 2680 Item,
1184 2602 1268 2688 ejus-

113 2708 189 2775 modi
213 2706 416 2797 oomparatio
438 2705 572 2772 luterum
594 2714 627 2769 et
648 2704 838 2790 angulorum
864 2701 999 2788 alicujus
1023 2701 1187 2788 trianguli,
1213 2725 1269 2791 per

114 2832 199 2897 quam
224 2836 242 2879 e
267 2812 360 2879 notis
390 2810 425 2874 in
453 2830 491 2875 ee
514 2806 705 2895 quibusdam
729 2805 880 2871 luteribus
904 2815 960 2870 aut
981 2805 1110 2891 augulis
1132 2804 1267 2872 aliorum

114 2914 292 3000 angulorum
321 2912 363 2977 ad
382 2920 504 2977 rectum
526 2909 679 2995 ungulum
701 2908 792 2987 ratio,
822 2906 876 2974 vel
904 2906 1039 2973 aliorum
1064 2907 1200 2975 laterum
1226 2910 1268 2975 ad

115 3034 203 3082 uuum
218 3016 436 3104 designatum,
456 3022 489 3079 et
507 3010 637 3077 aliunde
657 3020 768 3076 notum
788 3010 948 3098 proportio
967 3007 1188 3099 comperiatur,
1211 3035 1268 3103 ap·

115 3118 239 3205 pelletur
262 3113 534 3204 Trigonometria.
579 3111 725 3199 Cumque
747 3112 959 3199 peripheriam
982 3112 1065 3180 inter
1093 3124 1126 3181 et
1149 3116 1269 3182 diame-

115 3228 189 3287 h'um
203 3216 318 3287 circuli
335 3222 405 3305 (nec
419 3240 484 3283 non
498 3216 581 3281 inter
595 3236 700 3281 aream
715 3214 908 3295 circularem,
924 3224 956 3280 et
971 3215 1117 3284 diametri
1131 3220 1269 3307 quadro·

117 3323 187 3407 tum)
203 3342 355 3411 quaenam
370 3318 537 3387 intercidet
552 3316 719 3405 proportio,
735 3316 841 3403 quoad
854 3338 1032 3404 possumus,
1048 3332 1160 3386 exacte
1174 3342 1268 3387 cona-

117 3444 179 3489 mur
198 3426 343 3505 definire,
365 3433 442 3489 tunc
462 3442 589 3511 operam
608 3419 722 3485 damus
743 3422 790 3504 rii,
806 3422 1031 3509 κυκλομετρίᾳ.
1077 3422 1205 3502 Quibus
1226 3424 1269 3489 ab

119 3530 275 3617 exemplis,
292 3528 329 3593 in
344 3526 378 3592 id
392 3525 536 3592 consulto
551 3518 699 3611 prolatis,
713 3522 795 3589 illud
809 3534 933 3589 constet
947 3524 1032 3612 quod
1047 3523 1126 3606 dixi,
1142 3548 1270 3591 mensu·

120 3631 239 3698 notionis
261 3633 350 3697 hanc
371 3629 511 3695 maxime
537 3627 709 3714 genuinum
735 3636 768 3693 et
792 3627 974 3714 primariam
1005 3649 1074 3694 esse
1098 3630 1269 3707 notionem,

120 3752 184 3799 cum
201 3736 285 3801 circe
307 3733 398 3798 illem
421 3728 589 3819 precipue
611 3728 795 3796 Mathesebs
820 3741 926 3818 partes
951 3731 1153 3819 potissimum
1178 3754 1270 3799 oceu—

121 3846 235 3921 pentur,
253 3846 288 3904 et
302 3837 345 3903 ab
360 3841 398 3901 et
412 3844 638 3921 consequenter
655 3830 945 3900 denominationem
962 3836 1127 3925 accipiant.
1172 3834 1270 3903 Unde

123 3958 209 4024 penes
237 3940 324 4007 hauc
350 3939 471 4006 censeri
502 3936 598 4003 debet
625 3936 750 4003 affectio
779 3936 1021 4024 magnitudinis,
1056 3938 1270 4027 disquisitioni

122 4053 228 4109 nostrae
257 4044 411 4131 subjecto,
445 4060 542 4128 quam
570 4036 868 4106 mcmaorcbilitctem
897 4041 1109 4129 appellamus;
1145 4042 1270 4129 (Graece

124 4144 282 4235 μέτρησιν·
305 4146 410 4234 magis
431 4143 593 4231 ambiguo,
616 4152 648 4209 et
670 4166 743 4208 cum
766 4152 840 4209 actu
860 4146 1036 4232 potentiam
1058 4146 1270 4214 confundente

173 4458 245 4516 ’lhos
257 4461 442 4531 longimetry,
455 4460 614 4530 moneor,
627 4460 823 4529 stereometry,
836 4456 1050 4530 Trigouomctry,
1063 4458 1242 4531 cyclometry.
