3167 5192
98 348 184 397 ινιτ.
200 328 301 415 min]
428 344 616 397 nummum
638 344 912 396 unrueurrrcru.
1187 328 1250 396 207

96 518 199 599 exiles,
220 528 252 584 et
273 514 333 585 Sol
350 540 414 582 uon
435 517 481 583 ita
501 540 637 603 magnus
654 527 823 605 appareat;
850 516 935 583 unde
957 516 1065 583 veniat
1086 518 1194 605 igitur,
1219 530 1251 584 et

96 644 237 709 quorsum
252 622 365 689 tendat
379 630 548 710 aspectatae'
567 622 612 688 rei
633 623 764 711 speciae,
779 633 949 710 antequam
969 624 1039 710 ejus
1059 624 1251 711 dijudicetur

96 726 287 811 magnitudo,
303 726 555 813 pernoscendum
572 748 650 791 esse.
695 725 780 792 Tum
801 748 873 812 quae
892 726 976 791 mole
995 749 1094 814 parva
1112 737 1197 808 sunt,
1215 730 1249 793 vi

96 852 317 917 nonnunquam
335 831 455 896 eximia
472 830 582 895 donari
592 856 600 910 ;
622 851 758 917 quaeque
778 830 861 894 nihil
883 830 917 894 in
940 852 974 894 se
992 830 1132 895 notabile
1149 834 1250 897 conti·

97 946 174 1013 nent,
189 956 382 1021 permagnos
405 933 540 999 subinde
561 943 634 1020 post
656 956 689 998 se
708 932 831 998 trahere
848 934 1099 1018 consequentias.
1143 932 1252 1000 Maxi-

98 1060 209 1102 mamm
234 1060 344 1103 rerum
371 1035 509 1121 origines
534 1036 599 1101 sere
625 1057 748 1120 semper
774 1056 900 1121 parvas
915 1036 1068 1115 existere;
1099 1038 1206 1125 parvis
1230 1062 1249 1104 e

98 1141 262 1205 seminibus
279 1139 518 1227 ingentissimas
533 1138 646 1227 stirpes
659 1162 847 1218 excrescere,
863 1140 970 1226 parvis
990 1163 1007 1205 e
1028 1140 1169 1207 fontibus
1190 1142 1253 1206 im-

99 1266 212 1309 mensos
227 1244 347 1311 fluvios
368 1243 586 1321 intumescere,
602 1241 745 1307 veritatis
764 1253 796 1306 et
815 1242 927 1307 erroris
946 1242 1102 1330 praecipue
1117 1244 1249 1311 feracem

99 1368 157 1411 esse
177 1356 373 1426 naturam,e
394 1344 504 1432 paucis
527 1344 594 1409 veri
614 1342 760 1409 scintillis
778 1356 902 1409 vastam
921 1345 1124 1434 undiquaque
1146 1346 1249 1413 lucem

101 1450 232 1531 diffundi,
261 1472 279 1515 e
306 1448 444 1514 minima
472 1447 623 1513 falsitatis
642 1446 746 1512 radice
771 1447 930 1535 copiosam
950 1472 1087 1514 errorum
1111 1461 1250 1536 segetem

101 1552 261 1639 pullularc;
293 1552 330 1617 in
357 1551 499 1617 scientiis
522 1550 707 1639 praesertim,
730 1571 747 1614 e
769 1551 919 1616 tenuibus
945 1552 1010 1617 filis
1035 1554 1176 1617 maxima
1201 1578 1251 1619 re-

103 1678 163 1721 rum
186 1666 351 1723 momenta
381 1654 542 1742 suspendi,
572 1677 631 1719 nec
660 1653 729 1719 sine
757 1653 893 1717 maximi
923 1654 1083 1742 dispendii
1112 1657 1250 1743 periculo

102 1758 221 1825 minima
242 1757 427 1825 contemni:
454 1757 535 1822 sicut
559 1761 623 1822 una
646 1754 750 1821 rotuld
773 1757 965 1845 transposita
990 1768 1057 1823 tota
1078 1761 1160 1846 perit
1184 1786 1251 1826 ma·

104 1861 194 1942 chine,
218 1861 272 1931 rel
299 1862 343 1928 ad
370 1884 464 1927 usum
494 1861 603 1948 inepta
631 1859 783 1940 redditur,
813 1861 992 1947 venultque
1021 1862 1157 1930 subinde
1186 1865 1252 1931 dis·

104 1972 184 2052 rupte
196 1966 248 2033 vel
265 1986 407 2052 magnus
426 1962 592 2052 perimitur
612 1961 819 2049 elephantus;
842 1962 888 2027 ita
902 1986 1130 2055 nonnunquam
1145 1968 1249 2047 unica,

105 2090 164 2153 que
178 2069 305 2155 gracilis
321 2066 425 2134 videri
443 2066 544 2153 possit
558 2074 590 2130 et
605 2065 732 2145 sterilis,
747 2066 836 2131 notio
853 2066 937 2133 male
956 2070 1068 2156 posita,
1087 2093 1250 2158 perperam

107 2170 261 2253 intellecta,
282 2180 410 2237 vastam
431 2168 658 2248 confusionem,
680 2168 817 2255 spissam
841 2170 1020 2256 caliginem,
1041 2172 1251 2261 multiplicem

107 2274 214 2338 errandi
225 2297 367 2352 causam,
380 2295 421 2337 ex
433 2272 582 2337 loecunde
592 2272 886 2357 consequentiarum
897 2275 1082 2361 propagine,
1093 2276 1126 2340 in
1139 2300 1252 2363 quam·

108 2374 148 2439 ris
156 2375 270 2444 derivet
279 2376 457 2443 scientiam.
481 2374 657 2441 Prudenter
666 2374 726 2441 hoc
739 2375 818 2463 (ipse
828 2399 953 2462 quoque
962 2401 1028 2442 suae
1040 2379 1251 2466 aoribologiae,

110 2481 269 2569 strictaeque
296 2480 493 2569 quibusdam
519 2480 554 2544 in
576 2479 804 2545 minutioribus
830 2479 1007 2564 diligentiae
1036 2483 1249 2567 patrocinans)

110 2580 273 2649 observavit
294 2581 497 2661 Aristoteles,
521 2581 626 2647 verbis
648 2581 923 2646 animadversione
947 2581 1156 2667 dignissimis,
1179 2608 1251 2671 quae

110 2698 205 2752 extant
218 2689 251 2754 in
265 2690 315 2754 De
339 2686 431 2765 Ocelo,
448 2704 471 2751 1.
488 2686 519 2751 5.
565 2684 632 2751 Καὶ
652 2684 689 2751 τὸ
710 2684 826 2773 μικρὸν
843 2685 970 2772 (inquit)
988 2687 1178 2774 παραβῆναι
1197 2691 1255 2772 τῆς

112 2783 245 2867 ἀληθείας
265 2788 500 2877 ἀφισταμένοις
521 2787 643 2871 γίνεται
662 2786 773 2875 πόῤῥω
792 2787 1050 2871 μυριαπλάσιον·
1072 2789 1140 2855 οἷον
1159 2792 1189 2856 εἴ
1206 2819 1254 2862 τις

114 2889 271 2981 ἐλάχιστον
300 2891 385 2959 εἶναι’
412 2919 444 2958 τι
473 2890 570 2980 φαίνῃ
596 2891 740 2975 μέγεθος·
772 2890 863 2963 οὗτος
884 2890 948 2979 qdp
969 2892 1190 2982 τούλάχιστον
1210 2897 1253 2963 εἰ·

114 2994 246 3078 σνγαγών
265 2997 309 3063 τὰ
332 2994 460 3079 μέγιστ’
483 2993 523 3061 ἂν
545 2994 685 3077 κινήσειε
711 2998 775 3060 τῶν
797 2995 1057 3079 Μαθηματικῶν·
1088 2998 1203 3067 τούτου
1224 3000 1251 3066 δ’

114 3096 207 3179 αἴτιον,
222 3098 309 3183 irari
334 3098 419 3187 ἀρχὴ
439 3096 568 3182 δυνάμει
588 3100 694 3182 μεῖζον
716 3096 735 3179 ἢ
757 3098 896 3181 μεγέθει·
919 3098 1030 3187 διόπερ
1052 3098 1089 3164 τὸ
1111 3101 1146 3165 ἐν
1166 3101 1254 3191 ἀρχῆ

115 3202 219 3287 μικρὸν,
248 3206 282 3271 ἐν
311 3208 354 3289 τῇ
383 3206 517 3289 τελευτῇ
548 3202 670 3286 γίνεται
706 3202 920 3285 παμμέγεθες·
958 3201 1019 3268 hoc
1048 3214 1097 3269 est
1125 3205 1250 3284 Latine,

118 3300 221 3371 Modica
235 3310 392 3397 quaepiam
406 3308 562 3373 aberratio
577 3306 784 3371 recedentibus
800 3330 821 3369 a
835 3294 974 3384 veritate,
993 3308 1099 3372 atatim
1118 3309 1254 3373 immane

116 3422 244 3488 mantea
269 3412 444 3499 adaugetur
467 3422 496 3475 et
523 3408 759 3496 multiplicator.
813 3410 851 3473 Ut
879 3409 981 3495 siquae
1006 3410 1252 3495 magnitudinem

117 3508 226 3591 affimat
241 3514 406 3580 minimam
420 3512 513 3595 dari;
536 3512 565 3577 ia
579 3524 656 3576 certe
670 3510 836 3575 minimam
849 3510 1005 3590 inducens,
1021 3513 1165 3577 maeima
1183 3514 1254 3579 meb-

120 3625 194 3677 verte
211 3617 499 3683 Mathematicoram
518 3615 648 3679 decreta.
694 3612 737 3677 Id
756 3626 858 3679 autem
880 3614 990 3679 eerbde
1001 3617 1157 3702 provenit,
1174 3618 1257 3703 qaod

114 3714 285 3805 moabiam
300 3744 389 3786 omne
402 3731 552 3809 potestate
568 3723 636 3797 acad,
658 3740 752 3804 quarn
773 3715 916 3782 absoluta
936 3719 1153 3802 magnitudine
1171 3745 1256 3808 pree-

120 3816 249 3889 tuleott'uo
263 3838 316 3891 eat.
367 3824 453 3889 Unde
467 3822 551 3910 qaod
562 3822 655 3888 iaiteb
675 3820 798 3887 videtur
819 3822 976 3907 exiguam,
992 3845 1163 3909 progressa
1185 3838 1256 3890 taa-

121 3918 378 4015 deropemaqaam
390 3926 503 3993 evadit.
537 3925 629 3990 Adeo
640 3924 853 4012 periculosum
868 3932 916 3989 est
931 3924 1121 4011 Philosophi
1131 3927 1255 4014 judicio

123 4025 302 4098 minimorum
325 4054 432 4099 curam
456 4029 653 4117 posthabere,
678 4027 794 4113 quibus
818 4050 882 4092 non
908 4038 1034 4092 tantum
1058 4052 1117 4094 sua
1141 4032 1253 4116 gratia,

124 4128 208 4196 sedet
225 4134 303 4201 inest
322 4159 387 4201 non
406 4157 475 4199 raro
493 4156 551 4198 sua
572 4132 716 4219 quedam
736 4130 859 4197 utilitas
879 4154 944 4195 non
968 4133 1180 4219 aspemenda;
1205 4134 1255 4199 his

495 4286 818 4295 ——-—-—-——-—-——-—-

167 4376 197 4431 So
209 4380 335 4438 Aristotle
350 4400 420 4453 says,
434 4384 440 4409 ‘
451 4382 479 4437 1t
487 4398 528 4435 we
542 4352 619 4436 were:
631 4386 661 4435 to
677 4398 794 4451 suppose
806 4396 823 4435 a
834 4378 976 4434 niiuinuun
990 4378 1029 4446 (of
1042 4380 1213 4452 magnitude)
1226 4386 1261 4436 tn

126 4454 154 4512 le
163 4462 239 4535 then,
250 4468 272 4524 it
282 4471 370 4525 would
383 4474 512 4525 overtnrn
526 4468 689 4537 Geometrr!
