3167 5192
313 376 376 447 292
651 394 837 447 caenosas
860 392 1133 445 narusnsmca.
1245 376 1352 463 [sacr.
1368 382 1460 441 xvrrt.

314 562 402 630 aliud
423 561 572 631 denotare
593 584 690 651 quam
711 562 967 651 magnitudinem
989 562 1103 652 ipsam,
1126 571 1287 651 quatenus
1309 582 1364 649 per
1383 578 1463 626 suam

317 669 365 753 (ut
389 666 437 732 ita
461 666 586 753 loquar)
614 664 869 753 singularitatem
895 664 1122 733 determinatur
1146 666 1181 731 in
1209 686 1255 745 se,
1282 674 1316 730 et
1340 662 1381 729 ab
1403 662 1464 728 aliis

314 770 443 857 quantis
464 769 683 857 distinguitur.
728 766 837 837 Causa
857 790 933 837 vero
953 779 1198 859 propterquam
1219 768 1332 855 aliqua
1355 766 1465 851 magni·

314 870 403 950 tudo,
418 870 472 936 vel
485 870 592 959 potius
606 869 737 957 aliquod
754 892 907 957 magnum
929 870 1127 959 (plerumque
1140 871 1228 937 enim
1243 866 1465 935 confunduntur

314 964 446 1038 domina
460 982 604 1040 concreta
617 982 651 1038 et
666 973 837 1057 abstracta)
862 972 920 1039 teli
941 974 1036 1041 modo
1057 974 1190 1040 refertur
1212 972 1258 1039 sd
1280 970 1368 1038 aliud
1387 992 1464 1055 snag-

315 1097 393 1139 num
408 1097 473 1141 non
487 1075 551 1142 alia
563 1074 687 1162 concipi
701 1084 816 1163 potest,
831 1097 929 1161 quam
942 1075 1014 1142 ideo
1032 1075 1119 1164 quod
1138 1074 1288 1141 absolute
1306 1082 1422 1139 tantam
1437 1071 1464 1135 in

316 1201 351 1244 ae
365 1179 621 1265 magnitudinem
634 1178 750 1260 habet,
773 1178 856 1245 sicut
875 1178 1050 1245 universim
1071 1180 1176 1245 omnia
1194 1176 1311 1246 relatio
1330 1174 1464 1243 fundator

315 1281 351 1346 in
365 1280 472 1367 aliquo
485 1280 643 1348 absoluto.

381 1382 479 1451 Unde
497 1405 563 1450 non
582 1374 753 1449 admodum
770 1382 880 1473 probe,
896 1383 982 1471 quod
1000 1382 1087 1451 eard
1104 1382 1315 1467 πηλικότητα
1333 1374 1464 1447 nonnulli

316 1497 491 1576 exponunt,
511 1486 686 1555 secundum
704 1487 791 1575 quod
809 1509 910 1553 unum
929 1487 1059 1554 alterius
1081 1487 1266 1575 tentuplnm
1287 1496 1345 1565 est,
1360 1482 1407 1549 sel
1423 1502 1464 1547 se·

317 1590 457 1657 cundum
471 1590 737 1679 tantoplicitatem
752 1589 920 1677 (ejusmodi
934 1612 1049 1678 nempe
1063 1590 1221 1657 vocabula
1235 1588 1320 1655 nihil
1331 1596 1464 1653 verentur

317 1694 506 1781 confingere,
529 1692 803 1774 δυσκατάληπον
827 1692 934 1759 nescio
957 1692 1035 1780 quid
1057 1693 1300 1781 significantia).
1345 1690 1462 1755 Preter-

317 1819 414 1884 quam
432 1799 517 1865 enim
537 1820 569 1865 v.
579 1820 607 1864 c.
630 1797 716 1885 quod
735 1820 800 1863 non
814 1798 895 1863 bene
910 1807 1000 1864 sonet
1015 1798 1198 1885 hujusmodi
1214 1796 1357 1865 definitio
1370 1790 1462 1879 dupla

317 1899 459 1981 rationis,
473 1900 585 1968 relatio
599 1900 732 1967 duorum
746 1902 938 1988 quantorum
956 1901 1130 1967 secundum
1144 1900 1372 1989 duplicitatem,
1387 1892 1461 1961 vide·

317 2012 370 2070 tur
396 2003 614 2091 tantuplicitas
640 2002 810 2069 intrinsece
836 2004 995 2069 continere
1021 2004 1073 2070 vel
1100 2014 1272 2071 connotare
1296 1999 1461 2069 relationem

318 2105 496 2193 quandam,
523 2116 557 2172 at
578 2128 653 2173 vero
674 2105 863 2173 relationum
885 2106 1094 2174 fundamenta
1113 2130 1179 2173 non
1204 2115 1280 2174 suunt
1301 2102 1459 2177 relationes,

318 2230 377 2275 nec
405 2209 590 2276 relationem
618 2209 794 2298 implicant,
826 2218 860 2275 st
887 2232 938 2276 res
967 2209 1121 2277 absoluta
1152 2219 1236 2292 sunt,
1269 2216 1390 2298 propter
1414 2210 1465 2267 aut
1499 2222 1502 2232 ·

318 2312 490 2379 secundum
505 2334 585 2401 quas
598 2313 787 2380 relationum
802 2312 931 2380 termini
945 2312 987 2378 ad
1004 2334 1039 2379 se
1056 2312 1243 2381 referuntur.
1290 2307 1370 2377 Male
1385 2304 1458 2370 dice·

317 2426 413 2499 retur,
429 2417 550 2506 opinor,
566 2417 628 2484 hoo
641 2417 671 2483 ei
686 2416 792 2483 simile
810 2426 868 2497 est,
884 2414 960 2503 quia
977 2416 1124 2483 similiter
1144 2416 1313 2496 affectum3
1334 2420 1364 2477 st
1378 2408 1456 2481 bene,

318 2519 395 2606 quia
413 2520 553 2587 calidum
572 2529 621 2587 est
639 2520 693 2585 vel
711 2518 840 2599 album3
864 2540 921 2585 scu
941 2528 1069 2607 propter
1090 2517 1225 2584 calorem
1249 2526 1282 2585 et
1299 2508 1455 2582 albedinem
1536 2548 1537 2556 κ

318 2622 488 2709 qualitates
506 2623 686 2691 absolutas:
709 2622 756 2688 sic
776 2630 810 2689 et
831 2620 953 2709 aequale
975 2620 1091 2688 dieitur
1112 2622 1173 2687 hoc
1195 2620 1256 2701 illi,
1278 2624 1397 2709 propter
1414 2606 1456 2675 vel

318 2727 493 2794 secundum
506 2727 671 2815 utriusque
684 2724 940 2813 magnitudinem
955 2724 1144 2807 absolutam,
1157 2734 1189 2792 et
1203 2734 1331 2815 propter
1343 2712 1454 2787 eandem

317 2826 379 2895 hoe
391 2829 480 2895 illius
494 2829 675 2919 tantuplnm
690 2840 745 2896 aut
759 2828 929 2916 totuplum.

382 2926 452 2995 Nec
466 2928 576 2995 &dem
591 2930 631 2998 de
648 2934 744 2997 canat
761 2928 843 2996 mihi
866 2926 1026 3019 perplacet
1045 2926 1103 2995 illa
1121 2928 1228 2997 Clavii
1249 2916 1451 3013 interpretatio

321 3030 497 3097 &ardum
520 3034 736 3120 quantitatem,
759 3034 817 3100 hoo
845 3047 898 3115 est,
925 3032 1091 3101 secundom
1116 3034 1199 3121 qood
1221 3058 1290 3101 unc
1312 3028 1402 3116 myos
1420 3042 1453 3086 Μ

317 3159 413 3222 qoam
428 3135 538 3216 altera
552 3136 602 3203 vel
616 3138 728 3217 mium,
745 3136 796 3203 cel
814 3136 954 3225 oeqmlro.
999 3134 1090 3203 Non:
1114 3136 1291 3225 aequalitas,
1305 3126 1451 3219 majoritat,

317 3238 492 3320 minoritas,
519 3249 595 3305 sunt
619 3238 777 3306 vocabula
801 3262 926 3328 quoqne
951 3240 1094 3322 relative,
1120 3262 1180 3306 nec
1204 3238 1319 3307 idonea
1344 3224 1453 3325 proinde

317 3341 463 3410 relationi
483 3340 666 3408 fundandae.
710 3340 863 3422 Quinimo
884 3364 957 3407 cum
977 3342 1058 3408 ratio
1078 3341 1237 3424 definitur,
1257 3344 1334 3432 ipsae
1351 3334 1452 3419 sliqu-

317 3459 410 3515 tenus
424 3454 458 3515 et
470 3444 650 3512 virtualiter
664 3443 839 3531 aequalitas,
855 3442 1027 3531 majoritas,
1043 3454 1076 3510 et
1094 3444 1269 3527 minoritas,
1288 3448 1387 3532 utpote
1403 3432 1451 3499 sub

315 3554 438 3621 ratione
459 3573 516 3618 seu
537 3572 652 3638 genere
673 3570 730 3615 suo
754 3547 999 3636 comprehensa,
1023 3545 1227 3617 definiuntur.
1272 3546 1364 3618 Unde
1384 3536 1450 3608 male

317 3652 464 3723 collocari
486 3652 636 3719 videntur
657 3649 693 3716 in
716 3648 818 3738 ipsius
842 3649 975 3716 rationis
996 3648 1189 3718 definitione.
1234 3650 1309 3717 Non
1330 3640 1449 3733 improbo

315 3770 432 3841 tamen,
447 3768 482 3824 et
495 3755 627 3844 dignm
642 3752 791 3821 existimo
806 3774 878 3840 quoe
892 3762 1083 3820 memoretur
1101 3754 1350 3821 observationem
1363 3738 1450 3815 Greci

318 3862 516 3941 Scholiasta,
540 3858 597 3946 qui
623 3854 709 3924 κατὰ
729 3853 935 3937 enhaema
955 3854 1061 3944 potius
1083 3878 1180 3944 quam
1202 3856 1287 3924 κατὰ
1306 3848 1448 3927 ποσότητα

315 3966 458 4035 consulto
471 3963 612 4052 positum
626 3967 780 4041 autumat,
797 3956 874 4046 quia
893 3981 958 4025 non
978 3980 1089 4027 omnes
1109 3961 1248 4029 rationes
1268 3976 1388 4029 numero
1403 3968 1449 4014 0¹·

314 4070 411 4159 primi
431 4074 574 4156 possunt,
596 4087 656 4131 nec
674 4084 767 4130 omne
783 4070 941 4150 quantum
960 4061 1091 4129 alterius
1109 4063 1177 4131 ullo
1198 4044 1446 4154 comprehensibill

366 4334 431 4393 sart
448 4352 476 4389 r.
494 4330 583 4389 isnot
595 4331 742 4403 according
756 4336 788 4389 to
802 4332 996 4405 ammeta,
1017 4349 1048 4389 as
1065 4344 1141 4388 some
1158 4346 1213 4401 say.

366 4418 500 4479 Oladua's
515 4417 728 4487 interpretation
744 4418 879 4488 rejected.

363 4505 436 4576 Why
453 4504 607 4569 ηλικότητα
622 4502 719 4559 rather
734 4504 802 4559 illan
821 4506 955 4567 ποσότητα.
