3167 5192
310 335 374 401 208
658 346 845 397 secutores
867 335 1138 395 mruunnmcs.
1260 325 1366 412 [secr.
1382 341 1458 391 xus

308 521 483 611 praesertim
498 520 531 585 in
547 519 697 599 scientiis,
709 541 780 606 quae
795 540 837 583 ex
852 516 1038 596 humilibus,
1054 526 1087 581 et
1100 536 1182 603 pene
1195 513 1341 581 ridiculis
1353 513 1453 593 initiis,

310 624 352 691 ad
372 623 589 691 incredibilem
611 624 775 711 inopinato
792 622 1035 710 amplitudinem
1053 630 1086 687 et
1104 619 1321 686 excelsitatem
1341 619 1452 685 enitun-

310 740 371 795 tur.
416 726 491 794 Non
506 728 614 815 itaque
627 725 708 791 mihi
723 725 855 812 gravius
868 723 1116 791 succensendum
1131 734 1190 803 est,
1211 722 1241 787 si
1259 722 1368 788 videar
1384 744 1452 789 nou·

310 854 474 918 nunquam
489 830 576 897 haud
590 829 741 917 praecipui
762 827 912 915 ponderis
933 828 1028 893 rebus
1042 848 1139 914 quam
1160 849 1220 913 par
1240 835 1291 891 est
1311 825 1450 891 curiosius

311 934 481 1014 attendere,
492 932 649 1021 prolixius
660 931 840 1011 immorari;
855 931 983 1018 quando
994 952 1107 1017 nempe
1117 952 1167 995 res
1178 929 1301 1009 suadet,
1311 938 1452 1017 utputeu

311 1038 407 1105 exiis
422 1039 503 1104 bene
517 1036 672 1125 perceptis
687 1037 783 1102 etiam
798 1036 954 1123 gravioris
969 1034 1122 1101 momenti
1135 1035 1231 1099 rebus
1245 1033 1368 1121 aliquid
1381 1033 1453 1099 lutis

262 1154 264 1159 “
311 1141 467 1208 accedere.

376 1243 471 1323 Quod
486 1252 592 1309 autem
607 1240 648 1308 ad
662 1242 745 1324 illas,
761 1265 841 1330 quas
855 1265 921 1308 nou
936 1241 1148 1327 infrequenter
1161 1262 1275 1305 moveo
1289 1248 1456 1305 controver-

312 1346 384 1427 sias,
401 1370 442 1412 ex
456 1346 496 1411 iis
510 1368 604 1410 nemo
620 1345 796 1433 suspicetur
810 1343 1109 1411 Mathematicarum
1128 1344 1299 1431 quicquam
1320 1343 1457 1408 scientia·

311 1472 382 1515 rum
400 1448 582 1515 certitudini
600 1447 766 1527 decedere;
789 1470 865 1512 nam
884 1446 968 1513 circa
981 1469 1031 1513 res
1046 1446 1110 1511 illae
1124 1458 1292 1511 versantur
1305 1469 1326 1511 a
1340 1445 1457 1513 Mathe·

311 1562 433 1618 matum
448 1550 663 1617 fundamentis
674 1550 844 1615 admodum
855 1560 1002 1617 remotas.
1031 1548 1100 1614 Vix
1111 1548 1265 1614 extimam
1275 1548 1457 1615 Geometrie

312 1666 416 1723 cutem
441 1656 602 1741 stringunt
625 1654 676 1719 hae
700 1655 900 1742 questiones,
920 1654 1040 1720 nedum
1063 1665 1099 1719 ut
1121 1655 1190 1741 ejus
1210 1654 1326 1719 intima
1345 1652 1461 1719 viscere

312 1758 505 1845 pertingant.
537 1755 612 1822 Non
627 1759 695 1845 ejus
710 1757 868 1844 principia
877 1757 1025 1845 quatiunt
1039 1756 1074 1821 hi
1089 1756 1211 1835 arietes,
1223 1778 1288 1821 nou
1302 1756 1463 1821 ratiocinia

313 1861 452 1941 diruunt,
469 1870 524 1925 aut
539 1859 667 1925 omnino
682 1860 851 1926 solicitant.
891 1859 978 1925 Dum
993 1860 1026 1923 in
1041 1860 1110 1946 ejus
1124 1858 1269 1923 confiniis
1284 1870 1379 1947 atque
1391 1859 1464 1925 sub-

313 1960 412 2029 urbiis
436 1961 651 2027 contentiones
677 1961 821 2027 oriuntur
846 1972 880 2027 et
898 1984 1025 2050 pugnae,
1051 1960 1204 2027 clamores
1222 1970 1255 2026 ct
1269 1961 1379 2049 jurgia
1394 1984 1465 2049 per-

313 2076 475 2152 strepunt3
506 2066 589 2131 intra
614 2088 730 2147 muros,
757 2068 792 2132 in
816 2066 888 2155 ipsi
912 2065 1051 2154 acropoli
1079 2066 1146 2131 alta
1173 2088 1247 2152 pax,
1273 2064 1463 2152 profundum

313 2169 438 2237 habitat
462 2169 644 2251 silentium3
674 2171 758 2235 nihil
781 2171 878 2237 isthic
900 2170 1028 2237 auditur
1052 2168 1306 2258 ἀμφισβήτητον
1330 2180 1387 2235 aut
1409 2167 1466 2235 ‹ir-

313 2274 469 2365 τίῤῥητον.

378 2379 540 2469 Exempla
558 2380 761 2447 desumamus
779 2379 855 2445 licet
873 2402 946 2446 cum
967 2378 1106 2459 aliunde,
1121 2387 1192 2443 tum
1213 2400 1257 2443 ex
1277 2374 1466 2465 nuperrimis

312 2506 391 2571 quas
412 2483 604 2570 agitavimus
623 2482 854 2549 controversiis.
899 2482 1120 2569 Disceptatum
1139 2490 1189 2546 est
1207 2502 1278 2566 quae
1298 2480 1342 2545 sit
1362 2501 1467 2566 equs-

313 2588 413 2655 litetis
431 2586 570 2675 genuina
584 2587 681 2667 notio,
696 2585 781 2651 unde
798 2585 1051 2652 commodissime
1071 2584 1258 2664 definiatur;
1281 2606 1323 2647 au
1337 2582 1466 2647 demon·

313 2690 405 2757 strari
428 2692 560 2778 possint,
585 2713 656 2778 quse
680 2690 763 2755 circa
785 2687 875 2753 illam
898 2699 1102 2755 assumuntur
1123 2688 1303 2755 axiomata:
1333 2696 1368 2751 at
1387 2708 1465 2751 num

313 2816 388 2859 vere
407 2794 472 2857 sint
491 2794 552 2859 ista
570 2794 740 2872 axiomata,
760 2815 855 2859 nemo
874 2792 1017 2881 disputat
1037 2804 1093 2858 aut
1113 2791 1257 2873 dubitat3
1279 2800 1313 2857 et
1333 2788 1466 2878 proinde

313 2916 406 2960 nemo
428 2894 568 2960 collectis
590 2918 697 2962 eornm
720 2895 863 2961 subsidio
884 2894 1138 2961 conclusionibus
1158 2894 1325 2961 dissentiet
1342 2904 1399 2959 aut
1417 2916 1467 2959 re-

313 2996 480 3084 pugnabit.
535 2996 586 3063 De
613 2998 841 3086 principiorum
869 3005 983 3065 nsturt
1010 3008 1043 3065 et
1071 3021 1212 3079 numero,
1242 2998 1345 3086 deque
1372 2998 1466 3066 modo

312 3100 452 3188 ipsorum
482 3100 626 3165 notitiem
656 3103 868 3189 consequendi
900 3106 989 3190 (num
1018 3104 1129 3170 inuata
1152 3102 1226 3185 sint,
1253 3112 1310 3169 aut
1338 3101 1467 3168 aliunde

312 3212 501 3290 comparata,
516 3225 595 3269 num
610 3226 651 3269 ex
666 3203 848 3271 inductione
861 3206 1012 3293 generali,
1027 3205 1080 3273 vel
1096 3229 1139 3272 ex
1155 3204 1377 3273 observatione
1396 3215 1466 3271 tan·

312 3312 381 3370 tum
404 3304 558 3391 singulari
580 3305 765 3393 dependeat)
791 3307 977 3393 disquiritur
998 3317 1031 3373 et
1050 3309 1248 3396 disputatum
1270 3318 1414 3374 attamen
1431 3320 1469 3374 ut

312 3418 396 3475 serta
406 3418 489 3475 tecta
498 3417 689 3497 permaneat,
702 3419 794 3476 extra
804 3410 1012 3477 dubitationis
1026 3411 1127 3477 aleam
1142 3411 1311 3477 collocetur
1324 3411 1466 3500 ipsorum

311 3511 438 3581 veritas.
484 3513 672 3601 Ambigitur
686 3524 718 3583 et
732 3515 972 3582 controvertitur
987 3539 1029 3581 an
1046 3514 1197 3582 Euclides
1215 3515 1465 3603 parallelismum
1557 3532 1558 3535 ’

311 3617 474 3685 commode
489 3616 646 3684 definierit
659 3640 701 3683 cx
715 3619 883 3704 negatione
898 3640 1067 3685 concursus
1081 3628 1238 3686 rectarum
1254 3618 1381 3686 infinite
1395 3642 1466 3708 prc-

311 3730 499 3801 tractarum;
529 3730 563 3786 at
586 3718 664 3786 tales
688 3719 755 3785 dani
777 3730 888 3801 rectas,
912 3743 983 3807 quae
1006 3719 1052 3786 sic
1076 3742 1241 3807 nunquam
1263 3722 1464 3798 conveniant,

311 3844 444 3910 quaeque
463 3846 526 3890 non
548 3822 655 3910 inepte
676 3821 878 3889 nominentur
899 3822 1068 3911 paralleloe,
1088 3822 1242 3889 haetenus
1260 3824 1376 3912 opinor
1397 3822 1466 3890 iufi-

311 3926 412 3991 ciatus
431 3936 479 3992 est
498 3948 600 3992 nemo.
646 3924 701 3991 An
723 3925 808 3990 idem
829 3936 912 3991 recte
934 3925 1082 4013 principii
1104 3925 1173 3991 loco
1194 3927 1367 4014 sumpserit
1387 3926 1465 3993 duas
1557 3954 1558 3985 ;

310 4040 420 4110 rectas,
432 4051 503 4117 quae
518 4052 590 4095 cum
605 4030 770 4097 insistente
784 4035 870 4095 recta
883 4029 1001 4095 faciant
1014 4031 1153 4096 internos
1164 4030 1206 4096 ad
1220 4029 1349 4096 easdem
1364 4040 1466 4119 partes
1557 4036 1558 4039 ’

361 4258 420 4316 'she
431 4261 628 4315 controversios
639 4265 669 4317 to
682 4262 768 4319 which
782 4264 796 4319 1
809 4264 883 4320 refer
894 4263 931 4319 do
944 4268 994 4319 not
1004 4264 1088 4319 touch
1100 4264 1147 4320 the
1159 4264 1240 4320 ritals
1251 4264 1282 4319 of
1291 4264 1447 4329 Geometry.
1557 4260 1558 4285 ³

308 4346 397 4487 lamii:
416 4346 496 4401 these
514 4346 712 4403 controversios
730 4349 778 4404 tho
798 4348 877 4405 tnrth
894 4350 925 4405 ol
938 4346 988 4405 the
1003 4350 1117 4418 arionis,
1136 4349 1184 4406 hc
1203 4351 1227 4405 is
1246 4350 1363 4405 slloucd
1379 4364 1413 4404 ou
1428 4342 1462 4399 all
