3167 5192
331 378 402 446 358
679 394 866 447 nacrrouss
889 397 1161 449 usruunsncm.
1276 381 1377 469 [usar.
1391 400 1466 453 mu.

332 562 415 628 catab
427 585 490 650 per
508 584 610 629 omncs
628 587 778 644 nummos,
799 588 869 631 cuna
886 564 1009 652 infiniti
1024 578 1108 646 sunt,
1124 577 1167 632 eat
1186 564 1403 653 stapocmbaliq
1421 590 1468 631 aaa

333 680 378 733 eat
391 690 463 755 erpo
477 668 615 754 definitae
630 669 703 749 hoeo,
718 668 774 735 aad
786 670 959 757 hypothecae
965 673 987 737 ¹.

383 768 453 836 ‘Ad
467 769 553 835 hunc
567 770 743 835 discensum
757 779 908 857 praenoto,
920 770 1005 858 quod
1016 770 1098 837 male
1110 770 1209 837 sumit
1219 770 1274 836 hic
1288 770 1468 859 philosophus

331 869 511 954 Euclidem,
526 872 561 937 id
574 872 610 937 in
622 873 683 938 hac
697 872 759 938 sibi
774 872 956 940 definitione
975 874 1094 959 negotii
1113 872 1249 953 dedisse,
1265 883 1303 938 ut
1319 874 1468 960 proportio

332 974 475 1040 ualitatis
499 976 733 1061 generationem
759 973 907 1041 traderet.
952 974 1045 1041 Nihil
1072 975 1128 1041 ille
1153 973 1220 1041 tale
1245 974 1408 1041 meditatus
1426 984 1467 1040 aut

332 1078 461 1143 molitus
487 1090 545 1158 est,
573 1078 628 1144 sed
653 1088 691 1143 ut
719 1078 1022 1166 proportionalitatis
1048 1079 1250 1145 solummodo
1276 1079 1466 1144 distinctivum

331 1180 552 1268 proprietatem
571 1180 763 1266 adsignaret,
778 1182 828 1247 uti
847 1204 919 1247 cum
939 1179 1091 1247 circulum
1112 1205 1154 1248 ex
1176 1181 1338 1247 radiorum
1358 1182 1467 1269 paritate

331 1283 485 1350 definivit.
508 1282 577 1349 Ubi
591 1282 697 1348 forsan
713 1284 747 1349 ἐν
761 1282 893 1371 παρόδῳ
904 1286 946 1350 sit
960 1308 1062 1373 operae
1076 1287 1215 1373 pretium
1231 1295 1387 1364 annotare,
1400 1282 1468 1370 quod

330 1387 390 1454 etsi
410 1387 619 1453 communiter
640 1388 769 1471 optimae
792 1387 858 1453 sint
880 1388 1036 1475 ejusmodi
1056 1388 1270 1469 definitiones,
1293 1412 1362 1475 quae
1382 1410 1467 1453 rerum

330 1490 547 1575 generationes
562 1490 755 1576 exprimunt,
774 1490 851 1574 (imo
866 1496 975 1556 revera
989 1490 1064 1555 solae
1079 1489 1159 1555 tales
1174 1500 1319 1556 accurata
1333 1488 1467 1576 loquendo

330 1592 422 1658 bonae
442 1600 526 1673 sunt,
542 1614 614 1658 cum
633 1615 683 1658 res
705 1590 845 1658 definitae
867 1602 942 1659 suut
964 1592 1144 1658 immediate
1164 1592 1370 1679 generabiles,
1384 1601 1467 1678 etper

329 1716 365 1762 se
379 1696 471 1783 quasi
490 1696 639 1783 primario
659 1696 861 1781 subsistunt)
884 1706 1023 1762 attamen
1038 1694 1202 1761 nonnullis
1223 1695 1319 1761 rebus
1337 1692 1467 1781 ejusmodi

329 1796 532 1864 definitiones
553 1820 617 1863 non
632 1797 844 1877 couveniuut3
863 1797 903 1863 iis
919 1796 1038 1863 scilieet
1052 1819 1124 1883 quae
1139 1819 1205 1861 non
1220 1818 1324 1884 perse
1338 1816 1466 1881 genens·

330 1910 389 1978 tur,
405 1912 438 1965 at
452 1923 510 1965 ceu
523 1901 685 1986 passiones
701 1900 895 1967 secundaria
909 1922 952 1965 ex
971 1896 1105 1965 aliarum
1127 1920 1235 1963 rerum
1253 1898 1322 1985 jam
1343 1894 1466 1982 progeni·

328 2011 431 2067 tarum
447 2004 671 2069 constitutione
685 2004 850 2085 resultant,
866 2014 898 2070 et
913 2013 1101 2092 promanant
1116 2026 1157 2068 ex
1172 2003 1314 2091 ipsarum
1331 1997 1464 2088 primariis

328 2105 556 2171 affectionibus.

393 2206 434 2273 E.
446 2230 478 2293 g.
503 2207 560 2295 qui
582 2207 686 2272 focum
708 2208 867 2294 parabolae
888 2205 941 2273 vel
963 2205 1085 2294 ellipsis
1106 2205 1324 2273 definiendum
1345 2198 1462 2287 suscipit

328 2320 496 2399 postquam
518 2309 776 2376 animadverterit
797 2310 901 2377 inesse
921 2308 1017 2375 talem
1041 2309 1201 2397 parabolas
1220 2310 1290 2396 jam
1310 2302 1462 2373 constituta
1524 2388 1525 2401 χ

329 2412 563 2501 proprietatem,
578 2422 616 2478 ut
629 2434 738 2478 omnes
753 2413 794 2478 ad
808 2434 902 2477 axem
917 2410 1061 2499 paralleli
1075 2412 1156 2477 radii
1175 2436 1196 2478 a
1213 2417 1311 2479 curva
1329 2403 1460 2497 parabolae
1524 2444 1525 2465 ι

326 2516 423 2596 linet,
436 2515 477 2581 ad
486 2525 607 2582 certum
615 2514 774 2601 quoddam
784 2514 818 2579 in
829 2536 889 2579 axe
900 2523 1053 2601 punctum
1064 2512 1280 2594 reflectantur3
1293 2521 1330 2577 ut
1339 2518 1368 2576 et
1376 2502 1458 2591 ellipsi

329 2618 394 2685 tale
408 2618 567 2707 quoddam
581 2626 762 2705 symptoma
776 2626 961 2703 competere,
977 2615 1062 2703 quod
1076 2616 1118 2683 ab
1133 2638 1198 2683 uno
1215 2614 1349 2703 quodam
1366 2611 1397 2675 in
1413 2626 1459 2673 axe

236 2744 244 2759 ·
327 2731 444 2809 puncto
466 2721 656 2809 prodeuntes
675 2718 767 2799 radii,
788 2719 830 2784 ab
850 2718 971 2806 ellipsis
992 2719 1115 2785 ambitu
1133 2742 1247 2786 versus
1267 2714 1351 2784 aliud
1368 2713 1458 2777 inere

326 2833 480 2908 puuctum
493 2832 730 2909 retorquentur;
750 2821 811 2885 hac
828 2819 985 2907 (inquam)
996 2821 1185 2909 proprietate
1199 2822 1285 2910 (quae
1298 2842 1316 2885 e
1328 2808 1458 2905 primulii!

326 2922 399 2988 aliis
424 2923 580 2991 linearum
606 2926 738 2991 istarum
764 2924 1009 3012 proprietatibus
1038 2924 1121 3009 fluit)
1149 2914 1456 3011 deprehensarum
1523 2936 1524 3021 }

326 3025 445 3113 optime
465 3026 603 3107 definiat,
618 3050 683 3093 non
702 3051 721 3095 e
741 3028 943 3113 generatione
963 3033 1029 3109 sut,
1045 3027 1132 3115 quod
1150 3020 1380 3115 impeditissimi
1396 3016 1456 3081 loret
1523 3022 1524 3054 1

325 3128 456 3215 negotii,
472 3129 528 3195 sed
538 3152 556 3195 e
566 3134 726 3215 comperta
736 3129 824 3195 dicta
837 3130 1044 3217 proprietate3
1060 3142 1215 3220 punctum
1230 3132 1264 3197 in
1279 3150 1337 3196 axe
1350 3120 1455 3193 efflat,

325 3231 361 3297 iu
375 3230 461 3320 quod
473 3231 556 3297 radii
574 3230 616 3297 ad
635 3254 729 3296 axem
746 3232 899 3319 paralleli,
914 3231 968 3299 vel
989 3256 1032 3299 ex
1050 3256 1115 3301 uuo
1134 3234 1274 3321 quodam
1293 3216 1455 3311 designtblll

325 3337 360 3402 in
377 3358 438 3402 axe
460 3344 578 3424 puncto
600 3334 791 3424 prodeuntes
815 3336 899 3402 dicto
923 3336 1017 3403 modo
1040 3336 1151 3403 reflexi
1175 3339 1394 3425 congregantur
1412 3328 1454 3389 ³¹1²
1522 3416 1523 3427 χ

324 3439 470 3508 tendunt.

389 3542 442 3608 Ita
456 3541 741 3630 proportionalitas,
757 3564 830 3607 curn
844 3540 965 3607 nonsit
985 3564 1034 3608 res
1051 3540 1201 3629 primario
1223 3539 1394 3609 subsistens.
1407 3545 1453 3593 110⁰

326 3644 510 3710 immediate
534 3643 736 3731 generabilis,
762 3653 797 3709 at
819 3642 924 3729 passio
947 3642 1093 3729 quadam
1118 3666 1136 3711 e
1161 3652 1346 3731 quantorum
1367 3628 1454 3715 ³1qu²

323 3747 598 3834 praedeterminata
612 3746 793 3813 conditione
807 3745 973 3829 resultans,
990 3746 1048 3813 vix
1068 3746 1138 3813 fieri
1157 3740 1384 3834 potestantem
1401 3750 1451 3796 1¹011

322 3852 461 3941 expedit,
476 3861 514 3919 ut
527 3876 583 3940 per
597 3850 832 3939 generationem
847 3848 987 3936 aliquam
1002 3850 1181 3917 definiatur.
1226 3849 1385 3931 Utcunque
1397 3852 1451 3900 mt-

836 4003 845 4037 ¹
863 4004 933 4055 Diol.
948 4020 971 4058 a.

376 4279 451 4334 Μ
468 4278 566 4334 Euclid
584 4280 651 4335 does
668 4282 717 4335 not
733 4280 814 4336 teach
831 4295 864 4335 us
881 4280 911 4335 to
928 4278 987 4333 liud
1003 4274 1213 4349 proportionale.

373 4369 441 4420 Ans.
476 4364 1005 4421 ltwasnothisbusiuesstodoso.

373 4450 454 4505 Some
470 4448 564 4518 things
581 4454 680 4505 cannot
695 4448 731 4505 be
747 4449 860 4505 defined
878 4448 913 4518 by
924 4448 998 4504 their
1014 4447 1191 4518 gener-atlon:
1212 4446 1261 4501 Ex.
1278 4441 1331 4499 'l'he
1346 4432 1410 4489 focus
1423 4415 1447 4473 ⁰f
1520 4508 1521 4511 Ἴ

319 4551 337 4588 a
353 4535 429 4591 couic
446 4534 557 4591 section.
