3167 5192
111 403 211 451 naen.
227 386 289 471 vn]
453 399 640 449 nacrrosns
662 399 936 451 nussausmcm.
1233 391 1276 458 99

109 574 165 654 sit,
180 584 220 639 ut
233 572 342 641 omnia
353 572 527 661 pradicata
540 571 576 637 in
590 573 773 660 composita
788 572 1065 641 demonstrationis
1081 575 1164 644 serie
1183 578 1276 645 adhi-

109 677 183 743 bita
207 702 266 765 per
290 700 325 743 se
351 676 541 743 conveniant
565 686 717 743 extrema
742 677 955 745 conclusionis
981 681 1135 767 subjecto,
1161 705 1274 749 verum

109 782 230 847 sufficit
243 792 281 847 ut
294 780 544 868 unumquodque
558 803 625 845 suae
646 781 781 868 propria
803 781 1015 853 conclusionis
1037 784 1180 871 subjecto
1201 787 1275 853 tali·

107 895 157 950 ter
171 894 339 970 congruat.
386 883 511 963 Quibus
524 908 567 950 ex
583 884 759 951 observatis
772 884 931 973 pleraeque
946 909 1055 956 omues
1073 898 1182 954 contra
1201 889 1273 957 Ma·-

107 988 302 1054 thematicas
331 987 616 1054 demonstrationes
645 988 752 1053 allatae
780 988 942 1059 instantia
968 989 1102 1056 dissolvi
1125 1005 1270 1079 possunt.

107 1089 268 1177 Adeoque
283 1091 311 1155 si
326 1091 446 1176 singuli
461 1091 643 1178 syllogismi
657 1092 692 1156 in
706 1090 801 1158 dictae
815 1092 927 1179 primae
949 1092 1177 1161 elementorum
1198 1120 1271 1186 pro-

105 1194 280 1281 positionis
294 1216 351 1259 sen
367 1194 643 1273 constructionem,
658 1216 717 1259 sen
731 1193 1031 1263 demonstrationem
1047 1198 1192 1265 adductae
1206 1202 1272 1268 sint

105 1296 398 1363 demonstrationes
413 1296 600 1383 simpliciter
619 1295 811 1376 scientificae‚
828 1299 949 1367 censeri
971 1299 1085 1367 debeat
1106 1302 1178 1389 ipsa
1197 1326 1270 1391 prc-

105 1400 226 1488 positio
255 1400 428 1465 scientifics
457 1399 680 1472 demonstrata
726 1399 926 1487 Quapropter
947 1402 1153 1490 inspiciemus
1173 1406 1268 1488 illos;

106 1518 140 1571 at
153 1506 327 1571 brevitatis
342 1511 439 1572 causa
455 1528 512 1594 pro
528 1506 727 1593 syllogismis
747 1507 989 1594 enthymemata
1006 1510 1220 1598 subjiciemus,
1236 1524 1268 1581 et

105 1608 345 1694 consequentia
359 1609 578 1675 necessitatem
594 1607 838 1674 insinuabimus.
884 1609 961 1697 Ipsa
977 1612 1151 1699 propositio
1172 1610 1270 1700 (quod

104 1712 221 1798 opinor
234 1710 357 1775 nemini
372 1733 390 1776 e
404 1712 496 1777 vobis
510 1711 669 1798 ignotum)
686 1710 761 1777 talis
775 1720 834 1781 est.

168 3006 277 3095 Super
290 3007 406 3095 qutvis
422 3007 497 3079 dats
513 3014 600 3077 recta
622 3008 712 3095 (AB)
734 3004 930 3097 triangulum
950 3006 1167 3095 aequilaterum
1188 3034 1263 3079 con-

104 3112 248 3194 stituere,
272 3114 337 3200 (vel
355 3114 390 3179 in
407 3114 613 3195 ⁴theorematis
631 3115 765 3180 formam
785 3112 921 3192 redacta,
945 3112 1030 3200 quod
1051 3115 1181 3203 perinde
1203 3127 1261 3199 est,

106 3214 265 3303 siquidem
280 3239 375 3282 omne
389 3216 552 3305 problema
565 3216 719 3305 possibile
733 3239 790 3304 pro
806 3215 999 3281 theoremate
1017 3226 1121 3304 potest
1140 3218 1261 3301 haberi,

105 3329 262 3407 quatenns
283 3320 346 3386 ista
366 3320 563 3408 possibilitas
585 3330 633 3387 est
655 3318 933 3399 demonstrabilis;
957 3319 1200 3413 theorematice„
1213 3324 1262 3389 in·

105 3445 212 3509 quam,
237 3423 400 3511 proposita
424 3424 499 3489 talis
520 3424 594 3505 erit,
622 3420 733 3490 Potest
755 3446 849 3511 super
876 3422 990 3509 quavis
1012 3421 1203 3508 cataneto,
1227 3437 1267 3501 ut

106 3527 176 3607 AB,
192 3526 391 3613 triangulum
406 3528 625 3617 aequilaterum
639 3528 816 3612 constitui).

109 3738 134 3797 1.
162 3731 380 3819 andycem.
425 3732 556 3817 Quaeris
572 3744 658 3803 recta
675 3742 780 3824 potest
795 3754 863 3800 esse
878 3730 986 3798 radius
1001 3730 1119 3797 circuli.
1164 3730 1263 3823 Ergo,

167 3836 238 3903 AB
249 3836 291 3901 sit
305 3837 414 3908 radius
429 3838 538 3905 circuli
557 3841 659 3928 (cujus
674 3849 817 3907 centrum
832 3837 890 3920 A).

109 3936 308 4005 Antecedens
333 3940 475 4007 continet
500 3943 700 4011 essentialem
728 3940 952 4031 proprietatem
978 3949 1071 4009 rectae
1096 3940 1199 4025 lineae‚
1226 3952 1263 4011 ut

169 4066 265 4132 supra
277 4043 475 4111 insinuatum
490 4058 548 4114 est.

159 4256 290 4331 Examplo
301 4260 371 4314 from
384 4258 482 4315 Euclid
494 4276 513 4315 s
526 4267 549 4316 1.
1228 4338 1233 4349 Ι

159 4344 193 4399 ln
203 4346 260 4401 this
271 4346 308 4402 all
319 4346 369 4403 tho
380 4347 542 4419 syllogisms,
552 4346 693 4418 including
703 4346 752 4403 tho
763 4345 975 4406 mastructional
984 4362 1057 4416 onos,
1070 4362 1117 4403 cre
1134 4344 1262 4402 deduced

112 4428 374 4575 333me
381 4433 532 4491 cornuta
544 4434 576 4490 of
583 4433 633 4491 tbo
644 4434 780 4504 subjecta:
791 4432 848 4489 and
859 4434 908 4490 tha
918 4434 974 4489 last
986 4432 1123 4503 syllogism
1135 4433 1159 4488 is
1170 4432 1261 4489 caussl
