3167 5192
317 393 358 459 66
653 403 841 454 uacrronrrs
863 403 1137 454 ursanusrrcn.
1300 393 1407 468 [aner.
1427 405 1475 452 rr.

317 589 496 668 congruunt
524 577 696 644 ratiociniis
725 575 896 641 insinuare.
950 575 1042 640 Adeo
1071 598 1157 657 vero,
1188 575 1216 642 si
1245 599 1312 642 rem
1341 575 1478 641 crassius
1556 642 1557 655 2

316 685 518 763 assumemus,
545 681 694 747 convenit
720 679 807 745 hisce
834 679 977 744 scientiis
1004 679 1240 762 demonstratio,
1270 688 1308 745 ut
1335 681 1477 767 ipsamm
1556 728 1557 733 η

316 787 408 874 quasi
428 786 555 875 propria
569 796 600 851 et
614 783 782 872 peculiaris
797 783 961 862 habeatur,
976 805 1035 848 nec
1048 806 1091 848 ex
1112 805 1202 870 aequo
1219 784 1290 871 jure
1309 782 1478 848 convenire

316 902 480 958 censeatur
501 888 572 954 aliis
599 887 786 975 disciplinis.
832 885 929 952 Unde
955 885 1138 970 (Moralium
1160 887 1264 971 initio)
1288 885 1478 952 Aristotelea
1557 910 1558 929 ι

316 993 402 1083 quod
423 1015 472 1059 res
494 989 628 1056 Ethieas
650 989 811 1077 pinguiori
833 988 982 1054 Minervd
1006 998 1188 1076 exponeret,
1215 1012 1315 1054 neca
1335 1011 1372 1054 se
1394 989 1479 1054 dicta

317 1097 423 1162 stricte
438 1095 676 1172 demonstraret,
692 1090 767 1156 inde
781 1090 861 1179 petit
874 1091 1121 1170 excusationem,
1139 1091 1227 1177 quod
1240 1090 1478 1158 Mathematicis

316 1199 455 1265 scientiis
469 1197 529 1263 iste
545 1194 780 1262 demonstrandi
800 1195 894 1281 rigor,
915 1216 980 1258 non
999 1193 1155 1280 ejusmodi
1175 1193 1327 1260 doctrinis
1341 1216 1479 1280 congru·

316 1313 390 1382 eret,
421 1301 611 1388 subjiciens3
648 1296 885 1385 παραπλήσιον
914 1295 978 1383 γὰρ
1008 1297 1157 1383 φαίνεται
1185 1297 1417 1380 μαθηματικοῦ
1445 1325 1480 1364 τε
1559 1380 1560 1383 ¹

316 1407 607 1488 πιθονολαγοῦντος
621 1401 844 1489 ἀποδέχεσθαι
859 1400 914 1466 καὶ
927 1400 1097 1488 ῥητορικὸν
1111 1400 1288 1486 ἀποδείξεις
1303 1401 1479 1470 ararent
1559 1446 1560 1495 3

317 1510 454 1597 Parique
475 1509 595 1574 ratione
617 1517 713 1593 negat
731 1505 923 1590 exigendam
943 1527 962 1569 a
979 1505 1117 1569 natrrrali
1137 1506 1328 1594 philosopho
1350 1505 1481 1573 Mathe·

315 1615 463 1681 maticam
486 1611 730 1700 ἀκριβολογίαν.
775 1607 843 1692 Τὴν
860 1607 887 1674 δ’
907 1606 1143 1695 ἀκριβολογίαν
1163 1609 1392 1693 μαθηματικὴν
1420 1611 1481 1696 (in.
1560 1634 1561 1697 q

316 1717 397 1805 quit)
423 1715 481 1782 oria
501 1715 535 1780 ἐν
549 1712 675 1779 ἅπασιν
696 1709 902 1790 ἀπαιτητέον,
924 1707 1001 1774 ἀλλ’
1022 1710 1057 1775 ἐν
1076 1715 1144 1780 τοῖς
1160 1709 1206 1794 μὴ
1228 1710 1364 1799 ἔχουσιν
1384 1710 1479 1794 ὕλην.
1560 1746 1561 1777 1

317 1820 412 1900 Quod
436 1841 508 1884 curn
533 1816 796 1882 animadverteret
826 1824 934 1880 auctor
962 1813 1091 1899 Logicae
1120 1814 1265 1880 minime,
1280 1818 1479 1903 spemendua

315 1923 340 1991 J
341 1947 387 1989 ac.
403 1920 576 2000 Zabarella,
597 1929 691 2006 prout
706 1918 821 1982 alicubi
841 1917 882 1984 de
901 1939 935 1983 se
949 1927 1082 1982 testatur
1100 1917 1179 2005 ipse,
1200 1919 1479 1987 demonstrationis

316 2037 461 2092 natruam
485 2034 522 2090 ut
542 2032 760 2109 assequeretur
777 2022 894 2087 rectius
917 2031 948 2088 et
970 2021 1093 2087 felicius
1114 2023 1296 2111 explicaret,
1320 2022 1479 2092 Euclides

317 2127 507 2195 Geometriae
522 2126 676 2192 elementa
691 2123 788 2190 sernel
802 2135 898 2211 atque
912 2125 1026 2191 iterum
1041 2125 1150 2192 sedulo
1165 2127 1387 2214 pervolutavit.

382 2231 495 2319 Operas
510 2252 585 2295 vero
600 2228 705 2293 forsan
719 2228 858 2314 pretium
872 2229 924 2310 sit,
942 2229 1028 2295 unde
1041 2230 1207 2316 proveniat
1220 2231 1281 2296 hoc
1295 2230 1477 2312 discrimen,

320 2334 535 2423 (quamobrem
558 2354 601 2397 sc.
624 2353 695 2417 quaa
717 2330 752 2394 iu
774 2329 1009 2396 Mathematicis
1030 2331 1149 2418 ubique
1170 2332 1331 2419 reperitur,
1354 2343 1386 2398 et
1410 2333 1478 2399 sola

316 2441 421 2508 locum
437 2439 566 2518 obtinet,
578 2436 614 2501 in
628 2433 757 2522 reliquis
772 2433 949 2521 disciplinis
963 2457 1120 2522 nusquam
1135 2448 1190 2500 aut
1200 2459 1270 2502 raro
1285 2449 1476 2524 compareat,

316 2542 563 2627 demonstrata)
590 2561 701 2606 causas
722 2538 832 2626 paucis
857 2538 1032 2624 exquirere,
1078 2537 1208 2604 Etenim
1230 2563 1272 2606 ex
1293 2540 1356 2605 ista
1378 2541 1478 2605 colla·

315 2649 401 2715 tione
415 2639 592 2733 cujusmodi
613 2641 654 2706 sit
669 2640 893 2707 demonstratio
909 2639 1143 2721 Mathematica,
1164 2643 1270 2707 nescio
1289 2665 1330 2707 an
1350 2643 1477 2711 facilius

316 2761 348 2818 et
367 2750 491 2828 clarius,
514 2769 610 2833 quarn
630 2744 694 2810 alia
715 2744 829 2832 quavis
845 2743 910 2824 ria,
933 2744 1089 2810 constabit
1103 2757 1134 2811 et
1154 2745 1316 2813 elucescet.
1361 2746 1477 2836 Itaque

317 2852 464 2941 provenit
483 2851 544 2914 hoc
561 2847 686 2928 exinde,

383 2957 413 3019 1.
444 2951 547 3032 Quod,
571 2972 651 3037 quas
673 2949 724 3015 hae
747 2949 887 3015 scientiae
907 2949 1169 3035 contemplantur,
1192 2973 1242 3016 res
1263 2951 1371 3017 animo
1391 2952 1477 3019 clare

317 3056 521 3143 concipimus,
545 3065 576 3121 et
597 3054 738 3140 ipsarum
762 3053 928 3118 distinctas
951 3052 1039 3118 ideas
1055 3053 1148 3120 facile
1171 3053 1414 3141 consequimur3
1439 3081 1477 3122 eo

317 3161 403 3252 quod
429 3157 670 3248 simplicissimae
701 3157 775 3238 sint,
806 3165 838 3223 et
868 3157 1154 3238 communissimae3
1187 3159 1327 3225 maxime
1356 3159 1477 3227 famili-
1564 3181 1565 3223 r

317 3287 386 3332 ares
415 3262 516 3336 nobis,
543 3260 688 3326 sensibus
718 3259 882 3346 exposita,
913 3259 1016 3324 obviis
1044 3259 1201 3346 exemplis
1227 3261 1397 3348 conspicuo
1428 3288 1477 3330 re·
1564 3290 1565 3319 ι

315 3365 561 3458 praesentabiles,
578 3363 717 3452 adeoque
738 3363 902 3430 intellectu
922 3362 1092 3428 facillimae.
1138 3361 1230 3428 Nihil
1251 3365 1398 3445 abacum,
1415 3367 1477 3432 im·
1564 3434 1565 3443 ,

316 3469 427 3562 pliciti‚
443 3468 608 3535 insolentis
623 3467 763 3555 ipsarum
778 3465 997 3552 complectitur
1014 3475 1136 3532 natura
1181 3465 1268 3546 Quid
1281 3467 1367 3532 enirn
1388 3493 1423 3535 v.
1442 3493 1474 3556 g.

316 3579 358 3646 sit
380 3576 465 3642 linea
489 3584 582 3652 recta,
606 3570 683 3659 quid
709 3571 806 3659 plana
830 3569 1021 3655 superficies,
1043 3569 1248 3656 triangulum,
1272 3570 1474 3657 quadratum,

316 3683 462 3763 circulus,
485 3678 636 3769 pyramis,
660 3676 769 3756 cubus,
794 3675 929 3762 sphaera,
952 3698 1015 3761 quo
1036 3674 1119 3741 clare
1140 3675 1349 3762 distincteque
1370 3679 1476 3764 perci·

315 3790 452 3877 piamus,
477 3783 647 3850 admodum
676 3801 777 3868 pauca
803 3777 1014 3865 requinmtrrr,
1036 3790 1070 3844 et
1092 3801 1164 3865 quae
1186 3780 1385 3867 paucissimis
1415 3805 1474 3848 ex-

315 3892 411 3979 primi
439 3889 554 3968 verbis,
585 3895 617 3952 et
646 3881 852 3950 lucidissimis
888 3880 1045 3968 exemplis
1081 3883 1296 3970 representari
1325 3897 1472 3971 possunt.

742 3984 909 4049 ²1.d{aapl.
922 3985 1037 4050 capula

368 4170 424 4226 llor
435 4168 484 4224 the
495 4167 522 4223 N
524 4171 605 4222 aturo
615 4167 646 4221 os
656 4168 889 4236 Demonstration,
900 4183 948 4222 see
960 4166 1105 4222 Aristotla.

367 4254 439 4310 Who
458 4269 519 4323 says
534 4253 597 4307 that
616 4253 823 4310 Mathematical
843 4253 1061 4308 demonstration
1080 4253 1104 4307 is
1123 4256 1172 4308 not
1191 4257 1222 4308 to
1239 4253 1276 4307 be
1294 4252 1425 4322 required
1442 4251 1475 4307 os

314 4341 404 4398 Moral
415 4355 448 4395 or
459 4337 578 4393 Natural
589 4337 785 4408 philosophata.
813 4340 857 4394 On
868 4339 924 4394 thia
935 4343 1050 4395 account
1062 4337 1205 4394 Zabarella
1216 4338 1284 4396 read
1296 4338 1402 4395 Euclid.

347 4426 451 4482 Causas
463 4423 494 4479 of
503 4423 552 4478 tho
564 4421 701 4478 clearuess
712 4424 744 4480 os
752 4423 956 4480 mathematiml
968 4422 1191 4480 demonstration

364 4510 411 4582 (1)
445 4509 589 4565 Oleameas
610 4507 640 4562 os
662 4507 846 4564 Geometrr'cal
867 4509 1048 4579 conceptione.
