3167 5192
120 361 222 415 naor.
240 349 286 435 a]
354 338 359 348 ’
500 370 686 423 marronae
707 372 849 424 ornos.
1164 359 1206 426 13

118 551 193 609 turn
207 553 252 610 ut
267 544 414 612 videndi
428 546 569 629 modum,
585 545 658 632 (hoc
668 556 718 614 est
728 569 792 635 quo
806 555 899 636 pacto
911 568 1022 615 sensus
1037 545 1090 613 hic
1100 557 1208 616 noster

118 644 255 714 idoneis
275 650 418 735 organis
441 649 615 717 instructus
638 651 709 716 istis
732 649 992 716 concurrentibus
1013 650 1127 732 causis,
1150 651 1209 716 ob-

114 750 293 838 jectorum
318 754 408 835 illas,
434 777 514 842 quas
537 755 728 844 experimur,
754 753 948 820 differentias
971 752 1205 841 apprehendit)

3 937 4 957 Χ
118 854 327 922 adnitamur
344 879 515 944 exponere;
532 856 657 938 dehinc,
667 867 704 922 ut
718 855 935 922 Phaenomena
948 857 1095 943 quaedam
1109 856 1208 922 selec·

118 957 209 1022 tiora
237 959 465 1047 suscipiamus
489 957 697 1039 elucidanda;
725 967 949 1045 postremoque
972 956 1088 1040 forsan,
1111 967 1149 1024 ut
1167 956 1207 1024 de

1 1008 4 1105 l
119 1059 220 1126 visus
235 1063 402 1128 remediis
418 1086 456 1128 ac
470 1062 622 1129 subsidiis
636 1061 759 1150 aliquid
774 1061 1018 1149 subjungamus.

189 1267 262 1337 IV.
315 1269 461 1336 Visionis
495 1293 606 1336 causas
636 1279 784 1337 externas
814 1269 899 1358 quod
933 1271 1056 1351 attinet,
1085 1267 1208 1336 nemini

115 1369 192 1457 jam
216 1371 368 1438 dubium
384 1381 442 1451 est,
457 1372 618 1453 existimo,
638 1394 704 1437 non
718 1371 788 1437 ullo
805 1373 999 1460 (quanquam
1015 1371 1206 1460 Empedocli,

119 1472 279 1556 Ρῑαιοπί,
297 1474 440 1553 Euclida]
456 1474 618 1541 veteribus
639 1473 712 1539 aliis
729 1473 764 1538 id
781 1473 936 1561 placitum
958 1473 1037 1558 erat)
1055 1475 1097 1540 ab
1117 1475 1209 1541 oculo

120 1576 307 1643 radiorum
333 1577 511 1658 emissione,
531 1599 645 1643 rerum
670 1577 711 1642 ab
735 1576 868 1664 objectis
890 1576 1047 1642 defluente
1069 1579 1103 1642 re
1129 1582 1210 1664 qut-

120 1677 231 1764 piam,
254 1677 436 1766 oculosque
455 1679 645 1767 percellente
667 1678 774 1746 visum
800 1679 899 1762 effici3
927 1678 1013 1766 quod
1040 1690 1073 1746 et
1095 1680 1210 1746 Durno-

121 1783 209 1848 criu>
229 1783 314 1868 jam
329 1783 416 1863 olim,
432 1785 565 1870 ejusque
584 1782 713 1871 sequaci
736 1783 853 1868 (dicam
868 1805 910 1848 an
925 1781 1018 1848 simio
1025 1781 1054 1868 l)
1079 1781 1210 1849 subolu-

121 1895 197 1951 erat
212 1887 378 1974 Epicuro.
423 1886 517 1967 Quod
531 1909 607 1954 sane
621 1885 732 1951 malim
752 1885 926 1967 adsumere,
945 1885 998 1953 vel
1020 1907 1207 1974 supponere,

124 2009 234 2074 quam
251 2001 333 2080 post
347 2000 396 2058 tot
410 1990 490 2057 alios
507 2011 638 2078 operoso
658 1989 732 2056 nisu
753 1990 968 2076 comprobare.
1014 1988 1108 2056 Certe
1132 1991 1210 2076 (quo

124 2089 335 2159 brevissime
348 2102 479 2180 tangam
501 2091 585 2158 hano
607 2091 828 2179 quaestionem)
856 2090 902 2156 sic
923 2091 959 2156 in
980 2090 1044 2156 alia
1065 2091 1209 2179 qualibet

127 2197 251 2262 evenit
269 2197 425 2277 censione,
445 2194 570 2284 (quidni
587 2195 705 2283 pariter
718 2194 753 2260 in
767 2193 877 2279 visul)
900 2215 965 2260 nou
987 2204 1024 2260 ut
1041 2216 1153 2260 sensus
1173 2195 1208 2260 in

128 2297 273 2384 objecta
286 2289 413 2381 feratur,
432 2298 489 2365 sed
506 2308 544 2363 ut
557 2297 628 2385 ipsa
647 2319 681 2363 se
703 2297 850 2362 sensibus
868 2295 1070 2384 imprimant:
1094 2297 1208 2364 imme·

129 2398 228 2468 diato
244 2425 364 2491 nempe
378 2409 535 2481 contactu,
550 2400 603 2467 rel
617 2399 716 2464 medii
736 2397 901 2484 cujusdam
917 2419 973 2462 seu
987 2397 1129 2484 projecti,
1151 2421 1207 2464 seu

131 2503 299 2580 commoti
313 2503 504 2569 interventu.
549 2500 635 2566 Tum
653 2499 735 2565 ratio
757 2508 855 2579 vetat,
877 2508 915 2564 ut
937 2521 980 2563 ex
998 2499 1098 2566 ocello
1117 2499 1207 2587 quic·

131 2625 244 2691 quam
261 2605 296 2670 in
320 2604 510 2671 immensam
528 2603 608 2669 adeo
630 2601 875 2690 circumquaque
895 2600 1078 2666 distantiam
1100 2600 1208 2667 creda·

130 2729 219 2772 inus
252 2729 416 2787 emanare3
441 2727 545 2792 neque
573 2705 660 2793 quod
687 2705 734 2771 sic
758 2716 886 2772 emanet
914 2705 949 2770 in
975 2727 1013 2771 eo
1042 2703 1207 2792 quidpiam

133 2819 261 2897 aptum
282 2819 394 2876 natum
414 2807 688 2897 deprehendimus.
733 2807 837 2875 Totus
856 2807 1017 2874 enimvero
1039 2805 1208 2895 pellucidis

134 2913 337 2980 humoribus
360 2923 416 2980 aut
438 2912 667 2979 membranulis
690 2921 815 2979 constat
838 2911 954 3000 opacis,
982 2913 1023 2978 ad
1046 2911 1209 2978 munemit-

137 3017 278 3083 tendam
293 3017 406 3099 lucem,
421 3015 475 3084 vel
489 3016 531 3082 ad
553 3039 624 3084 eam
642 3015 874 3104 excipiendam,
891 3015 1064 3105 aptissime,
1088 3016 1145 3084 sed
1167 3015 1209 3083 ad

138 3119 401 3207 progignendam
417 3141 485 3185 ase
504 3119 557 3185 rel
577 3118 793 3205 ejaculandam
816 3118 1061 3208 haudquaquam
1082 3143 1209 3207 compa·

140 3223 236 3288 ratis.
281 3221 375 3302 Quod
401 3223 429 3287 si
459 3221 563 3287 lucem
588 3221 658 3310 ipse
682 3221 894 3311 profunderet,
921 3222 1089 3310 insitisque
1110 3221 1209 3288 radiis

142 3326 321 3412 attingeret
334 3325 467 3412 objecta,
482 3324 596 3411 quidni
616 3325 814 3391 densissimis
836 3325 871 3389 iu
893 3325 1030 3391 tenebris
1046 3324 1108 3389 hoo
1128 3347 1210 3411 prae-

54 3428 57 3438 '
143 3428 259 3496 sertim
287 3429 412 3508 faceret,
436 3438 469 3494 et
490 3428 568 3494 feles
597 3429 651 3495 vel
678 3428 862 3514 (Historicis
887 3428 915 3492 si
937 3427 1053 3514 placet)
1084 3427 1210 3494 Tabai-ii

144 3533 298 3600 fieremus
318 3531 453 3598 omnes?
495 3531 586 3612 erae,
602 3530 683 3611 dico,
698 3529 779 3596 lucis
799 3539 940 3595 externas
962 3539 1028 3594 tam
1047 3527 1211 3616 indispen-

146 3633 261 3700 sabilis
289 3632 332 3699 ad
364 3633 471 3698 risum
500 3633 672 3699 necessitas
700 3631 807 3698 esset?
844 3631 1035 3714 συναυγείας
1062 3629 1211 3718 equidem

145 3735 333 3803 Platonicae.
379 3735 502 3804 Sonam
531 3735 637 3815 audio,
666 3733 735 3800 vim
759 3755 825 3799 non
854 3733 955 3820 capio.
1000 3731 1139 3799 Domum
1168 3733 1211 3801 ab

147 3840 292 3928 objectis,
308 3839 442 3906 etiams
463 3849 553 3925 tergo
576 3837 656 3919 sitis,
679 3836 886 3903 circumfusas
912 3835 1032 3924 species
1054 3855 1134 3922 quas
1155 3858 1211 3902 ro·

149 3956 233 4026 eant,
250 3943 292 4010 ad
306 3943 413 4010 oculos
433 3942 600 4031 deportari,
616 3942 729 4029 suique
742 3941 976 4031 perceptionem
991 3941 1121 4022 efficere,
1137 3963 1211 4007 cum

149 4071 171 4113 a
184 4046 331 4136 speculis,
353 4057 422 4113 tum
437 4047 480 4112 ab
499 4045 572 4112 aliis
592 4045 767 4111 innumeris
788 4065 942 4132 perquam
964 4043 1068 4110 obviis
1086 4045 1212 4131 experi-

149 4151 267 4217 mentis
281 4160 474 4238 oompertum
489 4149 642 4230 habetur3
664 4148 791 4214 illarum
813 4147 912 4233 igitur
933 4145 1079 4212 efficaciae
1097 4145 1211 4234 quidni

149 4253 406 4320 commodissime
433 4252 589 4319 visionem
623 4249 866 4317 adscribamus?
901 4249 979 4315 satis
1014 4249 1083 4316 haec
1119 4249 1209 4315 illam

150 4379 248 4444 quam
258 4355 456 4423 adsumimus
465 4356 630 4443 vulgarem
637 4354 706 4442 jam
718 4351 913 4442 hypothesin
924 4351 1102 4437 adstruunt,
1113 4375 1210 4441 quam

150 4471 183 4526 et
197 4469 283 4526 totus
296 4457 499 4527 dicendorum
513 4467 604 4525 tenor
617 4456 776 4524 luculenta
789 4454 999 4524 confirmabit.
