<?xml version="1.0" encoding="UTF-8"?>
<!DOCTYPE html PUBLIC "-//W3C//DTD XHTML 1.0 Transitional//EN"
    "http://www.w3.org/TR/xhtml1/DTD/xhtml1-transitional.dtd">
<html xmlns="http://www.w3.org/1999/xhtml" xml:lang="en" lang="en">
 <head>
  <title>
</title>
<meta http-equiv="Content-Type" content="text/html;charset=utf-8" />
  <meta name='ocr-system' content='tesseract 3.04.00' />
  <meta name='ocr-capabilities' content='ocr_page ocr_carea ocr_par ocr_line ocrx_word'/>
</head>
<body>
  <div class='ocr_page' id='page_1' title='image "./mathematicalwor00whewgoog_0193.png"; bbox 0 0 3167 5192; ppageno 0'>
   <div class='ocr_carea' id='block_1_1' title="bbox 106 341 1272 427">
    <p class='ocr_par' dir='ltr' id='par_1_1' title="bbox 106 341 1272 427">
     <span class='ocr_line' id='line_1_1' title="bbox 106 341 1272 427; baseline 0.009 -20"><span class='ocrx_word' id='word_1_1' title='bbox 106 358 208 409; x_wconf 75' lang='lat' dir='ltr'><strong>sacr.</strong></span> <span class='ocrx_word' id='word_1_2' title='bbox 224 341 291 427; x_wconf 78' lang='lat' dir='ltr'><strong>ru]</strong></span> <span class='ocrx_word' id='word_1_3' title='bbox 445 358 633 411; x_wconf 76' lang='lat' dir='ltr'><strong>arenosas</strong></span> <span class='ocrx_word' id='word_1_4' title='bbox 654 360 933 415; x_wconf 75' lang='lat' dir='ltr'><strong>nnuamrcm</strong></span> <span class='ocrx_word' id='word_1_5' title='bbox 1209 350 1272 419; x_wconf 85' lang='grc'><strong>169</strong></span> 
     </span>
    </p>
   </div>
   <div class='ocr_carea' id='block_1_2' title="bbox 104 530 1271 725">
    <p class='ocr_par' dir='ltr' id='par_1_2' title="bbox 104 530 1271 725">
     <span class='ocr_line' id='line_1_2' title="bbox 104 530 1271 621; baseline 0.009 -25"><span class='ocrx_word' id='word_1_6' title='bbox 104 553 165 597; x_wconf 84' lang='lat' dir='ltr'><strong>nes</strong></span> <span class='ocrx_word' id='word_1_7' title='bbox 186 530 320 597; x_wconf 84' lang='lat' dir='ltr'><strong>alterius</strong></span> <span class='ocrx_word' id='word_1_8' title='bbox 337 530 481 618; x_wconf 84' lang='lat' dir='ltr'><strong>partibus</strong></span> <span class='ocrx_word' id='word_1_9' title='bbox 497 534 609 598; x_wconf 82' lang='lat' dir='ltr'><strong>exacte</strong></span> <span class='ocrx_word' id='word_1_10' title='bbox 626 533 829 621; x_wconf 88' lang='lat' dir='ltr'><strong>respondent,</strong></span> <span class='ocrx_word' id='word_1_11' title='bbox 844 543 879 601; x_wconf 88' lang='lat' dir='ltr'><strong>et</strong></span> <span class='ocrx_word' id='word_1_12' title='bbox 896 534 968 602; x_wconf 74' lang='lat' dir='ltr'><strong>alie</strong></span> <span class='ocrx_word' id='word_1_13' title='bbox 988 534 1069 602; x_wconf 88' lang='lat' dir='ltr'><strong>alias</strong></span> <span class='ocrx_word' id='word_1_14' title='bbox 1088 535 1271 607; x_wconf 84' lang='lat' dir='ltr'><strong>immediata</strong></span> 
     </span>
     <span class='ocr_line' id='line_1_3' title="bbox 105 634 1170 725; baseline 0.007 -24"><span class='ocrx_word' id='word_1_15' title='bbox 105 635 312 721; x_wconf 83' lang='lat' dir='ltr'><strong>contingunt,</strong></span> <span class='ocrx_word' id='word_1_16' title='bbox 328 634 469 723; x_wconf 85' lang='lat' dir='ltr'><strong>adeoque</strong></span> <span class='ocrx_word' id='word_1_17' title='bbox 483 636 552 703; x_wconf 79' lang='lat' dir='ltr'><strong>ista</strong></span> <span class='ocrx_word' id='word_1_18' title='bbox 566 636 629 703; x_wconf 90' lang='lat' dir='ltr'><strong>sibi</strong></span> <span class='ocrx_word' id='word_1_19' title='bbox 643 636 782 705; x_wconf 86' lang='lat' dir='ltr'><strong>invicem</strong></span> <span class='ocrx_word' id='word_1_20' title='bbox 796 648 977 725; x_wconf 88' lang='lat' dir='ltr'><strong>congruunt</strong></span> <span class='ocrx_word' id='word_1_21' title='bbox 989 639 1052 707; x_wconf 90' lang='lat' dir='ltr'><strong>hoc</strong></span> <span class='ocrx_word' id='word_1_22' title='bbox 1065 638 1170 708; x_wconf 88' lang='lat' dir='ltr'><strong>modo.</strong></span> 
     </span>
    </p>
   </div>
   <div class='ocr_carea' id='block_1_3' title="bbox 101 735 1269 1451">
    <p class='ocr_par' dir='ltr' id='par_1_3' title="bbox 102 735 1269 1134">
     <span class='ocr_line' id='line_1_4' title="bbox 170 735 1269 826; baseline 0.008 -25"><span class='ocrx_word' id='word_1_23' title='bbox 170 736 237 804; x_wconf 89' lang='lat' dir='ltr'><strong>Per</strong></span> <span class='ocrx_word' id='word_1_24' title='bbox 252 735 502 818; x_wconf 88' lang='lat' dir='ltr'><strong>Snccessionem,</strong></span> <span class='ocrx_word' id='word_1_25' title='bbox 517 760 590 805; x_wconf 91' lang='lat' dir='ltr'><strong>curn</strong></span> <span class='ocrx_word' id='word_1_26' title='bbox 606 739 702 805; x_wconf 90' lang='lat' dir='ltr'><strong>unius</strong></span> <span class='ocrx_word' id='word_1_27' title='bbox 720 739 952 826; x_wconf 80' lang='lat' dir='ltr'><strong>magnitudinis</strong></span> <span class='ocrx_word' id='word_1_28' title='bbox 972 751 1085 808; x_wconf 84' lang='lat' dir='ltr'><strong>amotae</strong></span> <span class='ocrx_word' id='word_1_29' title='bbox 1100 742 1205 809; x_wconf 89' lang='lat' dir='ltr'><strong>locum</strong></span> <span class='ocrx_word' id='word_1_30' title='bbox 1219 742 1269 810; x_wconf 84' lang='lat' dir='ltr'><strong>in-</strong></span> 
     </span>
     <span class='ocr_line' id='line_1_5' title="bbox 103 840 1267 931; baseline 0.008 -25"><span class='ocrx_word' id='word_1_31' title='bbox 103 840 196 927; x_wconf 81' lang='lat' dir='ltr'><strong>gredi</strong></span> <span class='ocrx_word' id='word_1_32' title='bbox 212 841 391 930; x_wconf 92' lang='lat' dir='ltr'><strong>concipitur</strong></span> <span class='ocrx_word' id='word_1_33' title='bbox 404 841 503 907; x_wconf 86' lang='lat' dir='ltr'><strong>altera</strong></span> <span class='ocrx_word' id='word_1_34' title='bbox 525 843 637 928; x_wconf 89' lang='lat' dir='ltr'><strong>(veluti</strong></span> <span class='ocrx_word' id='word_1_35' title='bbox 657 866 731 911; x_wconf 89' lang='lat' dir='ltr'><strong>curn</strong></span> <span class='ocrx_word' id='word_1_36' title='bbox 749 844 852 909; x_wconf 76' lang='lat' dir='ltr'><strong>effust</strong></span> <span class='ocrx_word' id='word_1_37' title='bbox 871 848 988 931; x_wconf 76' lang='lat' dir='ltr'><strong>aqute</strong></span> <span class='ocrx_word' id='word_1_38' title='bbox 1007 845 1136 913; x_wconf 89' lang='lat' dir='ltr'><strong>vasculo</strong></span> <span class='ocrx_word' id='word_1_39' title='bbox 1155 846 1267 915; x_wconf 84' lang='lat' dir='ltr'><strong>vinum</strong></span> 
     </span>
     <span class='ocr_line' id='line_1_6' title="bbox 102 942 1267 1033; baseline 0.008 -25"><span class='ocrx_word' id='word_1_40' title='bbox 102 942 298 1027; x_wconf 87' lang='lat' dir='ltr'><strong>infunditur)</strong></span> <span class='ocrx_word' id='word_1_41' title='bbox 315 965 488 1029; x_wconf 79' lang='lat' dir='ltr'>congruere</span> <span class='ocrx_word' id='word_1_42' title='bbox 502 944 648 1011; x_wconf 89' lang='lat' dir='ltr'><strong>dicantur</strong></span> <span class='ocrx_word' id='word_1_43' title='bbox 660 944 731 1011; x_wconf 82' lang='lat' dir='ltr'><strong>istae</strong></span> <span class='ocrx_word' id='word_1_44' title='bbox 748 945 996 1033; x_wconf 73' lang='lat' dir='ltr'><strong>magnitudines,</strong></span> <span class='ocrx_word' id='word_1_45' title='bbox 1012 948 1054 1013; x_wconf 90' lang='lat' dir='ltr'><strong>ob</strong></span> <span class='ocrx_word' id='word_1_46' title='bbox 1068 948 1267 1017; x_wconf 73' lang='lat' dir='ltr'><strong>identitatem</strong></span> 
     </span>
     <span class='ocr_line' id='line_1_7' title="bbox 103 1045 761 1134; baseline 0.006 -23"><span class='ocrx_word' id='word_1_47' title='bbox 103 1046 201 1134; x_wconf 84' lang='lat' dir='ltr'><strong>spatii</strong></span> <span class='ocrx_word' id='word_1_48' title='bbox 215 1045 305 1134; x_wconf 90' lang='lat' dir='ltr'><strong>quod</strong></span> <span class='ocrx_word' id='word_1_49' title='bbox 318 1056 474 1134; x_wconf 89' lang='lat' dir='ltr'><strong>occupant</strong></span> <span class='ocrx_word' id='word_1_50' title='bbox 488 1049 674 1115; x_wconf 76' lang='lat' dir='ltr'><strong>sucoessive.</strong></span> <span class='ocrx_word' id='word_1_51' title='bbox 758 1101 761 1108; x_wconf 89' lang='lat'><em>.</em></span> 
     </span>
    </p>

    <p class='ocr_par' dir='ltr' id='par_1_4' title="bbox 101 1150 1268 1451">
     <span class='ocr_line' id='line_1_8' title="bbox 166 1150 1268 1246; baseline 0.008 -31"><span class='ocrx_word' id='word_1_52' title='bbox 166 1150 237 1217; x_wconf 88' lang='lat' dir='ltr'><strong>Per</strong></span> <span class='ocrx_word' id='word_1_53' title='bbox 250 1150 427 1219; x_wconf 87' lang='lat' dir='ltr'><strong>Mentalem</strong></span> <span class='ocrx_word' id='word_1_54' title='bbox 443 1151 710 1234; x_wconf 86' lang='lat' dir='ltr'><strong>Penetrationem,</strong></span> <span class='ocrx_word' id='word_1_55' title='bbox 729 1176 802 1221; x_wconf 91' lang='lat' dir='ltr'><strong>cum</strong></span> <span class='ocrx_word' id='word_1_56' title='bbox 817 1154 952 1221; x_wconf 89' lang='lat' dir='ltr'><strong>duorum</strong></span> <span class='ocrx_word' id='word_1_57' title='bbox 967 1178 1132 1244; x_wconf 84' lang='lat' dir='ltr'><strong>corporum</strong></span> <span class='ocrx_word' id='word_1_58' title='bbox 1143 1158 1268 1246; x_wconf 87' lang='lat' dir='ltr'><strong>magui·</strong></span> 
     </span>
     <span class='ocr_line' id='line_1_9' title="bbox 102 1253 1266 1345; baseline 0.007 -26"><span class='ocrx_word' id='word_1_59' title='bbox 102 1253 235 1319; x_wconf 86' lang='lat' dir='ltr'><strong>tudines</strong></span> <span class='ocrx_word' id='word_1_60' title='bbox 253 1276 311 1341; x_wconf 91' lang='lat' dir='ltr'><strong>per</strong></span> <span class='ocrx_word' id='word_1_61' title='bbox 332 1253 475 1341; x_wconf 87' lang='lat' dir='ltr'><strong>ejusdem</strong></span> <span class='ocrx_word' id='word_1_62' title='bbox 497 1254 560 1321; x_wconf 90' lang='lat' dir='ltr'><strong>loci</strong></span> <span class='ocrx_word' id='word_1_63' title='bbox 582 1256 805 1323; x_wconf 89' lang='lat' dir='ltr'><strong>simultancam</strong></span> <span class='ocrx_word' id='word_1_64' title='bbox 827 1257 1058 1345; x_wconf 86' lang='lat' dir='ltr'><strong>possessionem</strong></span> <span class='ocrx_word' id='word_1_65' title='bbox 1083 1258 1266 1342; x_wconf 87' lang='lat' dir='ltr'><strong>coalescere,</strong></span> 
     </span>
     <span class='ocr_line' id='line_1_10' title="bbox 101 1356 1266 1451; baseline 0.006 -28"><span class='ocrx_word' id='word_1_66' title='bbox 101 1356 291 1438; x_wconf 86' lang='lat' dir='ltr'><strong>coincidere,</strong></span> <span class='ocrx_word' id='word_1_67' title='bbox 318 1368 351 1423; x_wconf 87' lang='lat' dir='ltr'><strong>et</strong></span> <span class='ocrx_word' id='word_1_68' title='bbox 375 1368 528 1446; x_wconf 89' lang='lat' dir='ltr'><strong>tanquam</strong></span> <span class='ocrx_word' id='word_1_69' title='bbox 557 1360 728 1427; x_wconf 86' lang='lat' dir='ltr'><strong>coadunari</strong></span> <span class='ocrx_word' id='word_1_70' title='bbox 753 1360 941 1448; x_wconf 84' lang='lat' dir='ltr'><strong>cogitamus.</strong></span> <span class='ocrx_word' id='word_1_71' title='bbox 986 1361 1059 1443; x_wconf 82' lang='lat' dir='ltr'><strong>Quo</strong></span> <span class='ocrx_word' id='word_1_72' title='bbox 1083 1362 1147 1429; x_wconf 88' lang='lat' dir='ltr'><strong>fere</strong></span> <span class='ocrx_word' id='word_1_73' title='bbox 1173 1374 1266 1451; x_wconf 89' lang='lat' dir='ltr'><strong>pacto</strong></span> 
     </span>
    </p>
   </div>
   <div class='ocr_carea' id='block_1_4' title="bbox 97 1461 1312 4343">
    <p class='ocr_par' dir='ltr' id='par_1_5' title="bbox 98 1461 1266 1968">
     <span class='ocr_line' id='line_1_11' title="bbox 100 1461 1265 1552; baseline 0.006 -26"><span class='ocrx_word' id='word_1_74' title='bbox 100 1472 291 1551; x_wconf 89' lang='lat' dir='ltr'><strong>supponunt</strong></span> <span class='ocrx_word' id='word_1_75' title='bbox 312 1461 523 1551; x_wconf 86' lang='lat' dir='ltr'><strong>Perspectivae</strong></span> <span class='ocrx_word' id='word_1_76' title='bbox 545 1463 712 1552; x_wconf 75' lang='lat' dir='ltr'><strong>scriptores</strong></span> <span class='ocrx_word' id='word_1_77' title='bbox 732 1463 816 1532; x_wconf 87' lang='lat' dir='ltr'><strong>inter</strong></span> <span class='ocrx_word' id='word_1_78' title='bbox 834 1464 960 1531; x_wconf 91' lang='lat' dir='ltr'><strong>oculum</strong></span> <span class='ocrx_word' id='word_1_79' title='bbox 979 1474 1012 1532; x_wconf 91' lang='lat' dir='ltr'><strong>et</strong></span> <span class='ocrx_word' id='word_1_80' title='bbox 1033 1466 1192 1552; x_wconf 88' lang='lat' dir='ltr'><strong>objectum</strong></span> <span class='ocrx_word' id='word_1_81' title='bbox 1215 1490 1265 1533; x_wconf 90' lang='lat' dir='ltr'><strong>ra·</strong></span> 
     </span>
     <span class='ocr_line' id='line_1_12' title="bbox 98 1564 1265 1657; baseline 0.005 -26"><span class='ocrx_word' id='word_1_82' title='bbox 98 1564 195 1632; x_wconf 84' lang='lat' dir='ltr'><strong>dinus</strong></span> <span class='ocrx_word' id='word_1_83' title='bbox 219 1566 438 1654; x_wconf 78' lang='lat' dir='ltr'><strong>interpositam</strong></span> <span class='ocrx_word' id='word_1_84' title='bbox 459 1568 613 1650; x_wconf 86' lang='lat' dir='ltr'><strong>tabulam,</strong></span> <span class='ocrx_word' id='word_1_85' title='bbox 634 1569 724 1637; x_wconf 82' lang='lat' dir='ltr'><strong>velut</strong></span> <span class='ocrx_word' id='word_1_86' title='bbox 743 1569 863 1657; x_wconf 90' lang='lat' dir='ltr'><strong>ubique</strong></span> <span class='ocrx_word' id='word_1_87' title='bbox 886 1566 1095 1657; x_wconf 84' lang='lat' dir='ltr'><strong>perspicuam,</strong></span> <span class='ocrx_word' id='word_1_88' title='bbox 1117 1592 1138 1635; x_wconf 88' lang='lat' dir='ltr'><strong>a</strong></span> <span class='ocrx_word' id='word_1_89' title='bbox 1159 1569 1265 1637; x_wconf 92' lang='lat' dir='ltr'><strong>lucido</strong></span> 
     </span>
     <span class='ocr_line' id='line_1_13' title="bbox 99 1670 1266 1761; baseline 0.003 -25"><span class='ocrx_word' id='word_1_90' title='bbox 99 1670 193 1755; x_wconf 82' lang='lat' dir='ltr'><strong>quasi</strong></span> <span class='ocrx_word' id='word_1_91' title='bbox 209 1692 291 1737; x_wconf 91' lang='lat' dir='ltr'><strong>cono</strong></span> <span class='ocrx_word' id='word_1_92' title='bbox 303 1670 357 1737; x_wconf 85' lang='lat' dir='ltr'><strong>vel</strong></span> <span class='ocrx_word' id='word_1_93' title='bbox 370 1672 537 1759; x_wconf 86' lang='lat' dir='ltr'><strong>pyramide</strong></span> <span class='ocrx_word' id='word_1_94' title='bbox 551 1672 718 1761; x_wconf 87' lang='lat' dir='ltr'><strong>penetrari,</strong></span> <span class='ocrx_word' id='word_1_95' title='bbox 734 1673 781 1739; x_wconf 89' lang='lat' dir='ltr'><strong>sic</strong></span> <span class='ocrx_word' id='word_1_96' title='bbox 795 1682 832 1739; x_wconf 88' lang='lat' dir='ltr'><strong>ut</strong></span> <span class='ocrx_word' id='word_1_97' title='bbox 851 1670 1043 1758; x_wconf 80' lang='lat' dir='ltr'><strong>trajicientes</strong></span> <span class='ocrx_word' id='word_1_98' title='bbox 1063 1671 1169 1739; x_wconf 87' lang='lat' dir='ltr'><strong>radios</strong></span> <span class='ocrx_word' id='word_1_99' title='bbox 1189 1696 1266 1739; x_wconf 89' lang='lat' dir='ltr'><strong>nus·</strong></span> 
     </span>
     <span class='ocr_line' id='line_1_14' title="bbox 99 1774 1265 1865; baseline 0.003 -26"><span class='ocrx_word' id='word_1_100' title='bbox 99 1796 199 1859; x_wconf 87' lang='lat' dir='ltr'><strong>quam</strong></span> <span class='ocrx_word' id='word_1_101' title='bbox 214 1774 379 1861; x_wconf 83' lang='lat' dir='ltr'><strong>impediat,</strong></span> <span class='ocrx_word' id='word_1_102' title='bbox 395 1786 429 1841; x_wconf 91' lang='lat' dir='ltr'><strong>at</strong></span> <span class='ocrx_word' id='word_1_103' title='bbox 442 1776 574 1865; x_wconf 82' lang='lat' dir='ltr'><strong>recipiat</strong></span> <span class='ocrx_word' id='word_1_104' title='bbox 587 1776 623 1842; x_wconf 90' lang='lat' dir='ltr'><strong>in</strong></span> <span class='ocrx_word' id='word_1_105' title='bbox 642 1800 676 1843; x_wconf 88' lang='lat' dir='ltr'><strong>se</strong></span> <span class='ocrx_word' id='word_1_106' title='bbox 692 1785 833 1858; x_wconf 86' lang='lat' dir='ltr'><strong>cunctos,</strong></span> <span class='ocrx_word' id='word_1_107' title='bbox 852 1797 1024 1863; x_wconf 90' lang='lat' dir='ltr'><strong>eorumque</strong></span> <span class='ocrx_word' id='word_1_108' title='bbox 1046 1774 1183 1863; x_wconf 85' lang='lat' dir='ltr'><strong>vestigia</strong></span> <span class='ocrx_word' id='word_1_109' title='bbox 1201 1776 1265 1843; x_wconf 88' lang='lat' dir='ltr'><strong>sibi</strong></span> 
     </span>
     <span class='ocr_line' id='line_1_15' title="bbox 98 1879 689 1968; baseline 0.003 -23"><span class='ocrx_word' id='word_1_110' title='bbox 98 1880 190 1947; x_wconf 82' lang='lat' dir='ltr'><strong>velut</strong></span> <span class='ocrx_word' id='word_1_111' title='bbox 206 1880 363 1968; x_wconf 88' lang='lat' dir='ltr'><strong>impressa</strong></span> <span class='ocrx_word' id='word_1_112' title='bbox 375 1879 428 1945; x_wconf 86' lang='lat' dir='ltr'><strong>vel</strong></span> <span class='ocrx_word' id='word_1_113' title='bbox 441 1880 533 1946; x_wconf 88' lang='lat' dir='ltr'><strong>nnita</strong></span> <span class='ocrx_word' id='word_1_114' title='bbox 546 1881 689 1947; x_wconf 87' lang='lat' dir='ltr'><strong>retineat.</strong></span> 
     </span>
    </p>

    <p class='ocr_par' dir='ltr' id='par_1_6' title="bbox 97 1982 1312 3911">
     <span class='ocr_line' id='line_1_16' title="bbox 162 1982 1262 2072; baseline 0 -21"><span class='ocrx_word' id='word_1_115' title='bbox 162 1984 225 2051; x_wconf 82' lang='lat' dir='ltr'><strong>Ex</strong></span> <span class='ocrx_word' id='word_1_116' title='bbox 246 1984 335 2052; x_wconf 88' lang='lat' dir='ltr'><strong>hisce</strong></span> <span class='ocrx_word' id='word_1_117' title='bbox 355 1982 570 2069; x_wconf 85' lang='lat' dir='ltr'><strong>congruentiae</strong></span> <span class='ocrx_word' id='word_1_118' title='bbox 591 1982 705 2064; x_wconf 89' lang='lat' dir='ltr'><strong>modis,</strong></span> <span class='ocrx_word' id='word_1_119' title='bbox 724 2005 795 2070; x_wconf 86' lang='lat' dir='ltr'><strong>quae</strong></span> <span class='ocrx_word' id='word_1_120' title='bbox 817 2006 874 2072; x_wconf 90' lang='lat' dir='ltr'><strong>per</strong></span> <span class='ocrx_word' id='word_1_121' title='bbox 895 1983 1139 2072; x_wconf 82' lang='lat' dir='ltr'><strong>applicationem</strong></span> <span class='ocrx_word' id='word_1_122' title='bbox 1161 1984 1199 2053; x_wconf 80' lang='lat' dir='ltr'><strong>fit</strong></span> <span class='ocrx_word' id='word_1_123' title='bbox 1220 2008 1262 2051; x_wconf 86' lang='lat' dir='ltr'><strong>ex</strong></span> 
     </span>
     <span class='ocr_line' id='line_1_17' title="bbox 98 2086 1263 2177; baseline -0.001 -22"><span class='ocrx_word' id='word_1_124' title='bbox 98 2100 190 2177; x_wconf 83' lang='lat' dir='ltr'><strong>parte</strong></span> <span class='ocrx_word' id='word_1_125' title='bbox 204 2088 262 2163; x_wconf 85' lang='lat' dir='ltr'><strong>rei,</strong></span> <span class='ocrx_word' id='word_1_126' title='bbox 274 2086 350 2152; x_wconf 92' lang='lat' dir='ltr'><strong>solis</strong></span> <span class='ocrx_word' id='word_1_127' title='bbox 363 2086 498 2175; x_wconf 86' lang='lat' dir='ltr'><strong>quadrat</strong></span> <span class='ocrx_word' id='word_1_128' title='bbox 511 2086 604 2153; x_wconf 90' lang='lat' dir='ltr'><strong>lineis</strong></span> <span class='ocrx_word' id='word_1_129' title='bbox 618 2110 656 2153; x_wconf 90' lang='lat' dir='ltr'><strong>ac</strong></span> <span class='ocrx_word' id='word_1_130' title='bbox 670 2086 905 2175; x_wconf 85' lang='lat' dir='ltr'><strong>superficiebus,</strong></span> <span class='ocrx_word' id='word_1_131' title='bbox 917 2110 988 2175; x_wconf 85' lang='lat' dir='ltr'><strong>quae</strong></span> <span class='ocrx_word' id='word_1_132' title='bbox 999 2089 1041 2155; x_wconf 92' lang='lat' dir='ltr'><strong>ob</strong></span> <span class='ocrx_word' id='word_1_133' title='bbox 1056 2087 1263 2154; x_wconf 81' lang='lat' dir='ltr'><strong>indivisibili-</strong></span> 
     </span>
     <span class='ocr_line' id='line_1_18' title="bbox 97 2189 1312 2279; baseline -0.001 -21"><span class='ocrx_word' id='word_1_134' title='bbox 97 2201 200 2258; x_wconf 80' lang='lat' dir='ltr'><strong>tatem</strong></span> <span class='ocrx_word' id='word_1_135' title='bbox 212 2214 304 2257; x_wconf 87' lang='lat' dir='ltr'><strong>suam</strong></span> <span class='ocrx_word' id='word_1_136' title='bbox 314 2201 444 2278; x_wconf 92' lang='lat' dir='ltr'><strong>possent</strong></span> <span class='ocrx_word' id='word_1_137' title='bbox 453 2189 525 2255; x_wconf 85' lang='lat' dir='ltr'><strong>aliae</strong></span> <span class='ocrx_word' id='word_1_138' title='bbox 535 2189 616 2256; x_wconf 87' lang='lat' dir='ltr'><strong>alias</strong></span> <span class='ocrx_word' id='word_1_139' title='bbox 626 2212 661 2256; x_wconf 90' lang='lat' dir='ltr'><strong>se</strong></span> <span class='ocrx_word' id='word_1_140' title='bbox 671 2190 747 2257; x_wconf 89' lang='lat' dir='ltr'><strong>totis</strong></span> <span class='ocrx_word' id='word_1_141' title='bbox 757 2190 939 2257; x_wconf 85' lang='lat' dir='ltr'><strong>immediate</strong></span> <span class='ocrx_word' id='word_1_142' title='bbox 948 2191 1146 2278; x_wconf 63' lang='lat' dir='ltr'><strong>contingam</strong></span> <span class='ocrx_word' id='word_1_143' title='bbox 1162 2201 1196 2259; x_wconf 89' lang='lat' dir='ltr'><strong>et</strong></span> <span class='ocrx_word' id='word_1_144' title='bbox 1206 2215 1262 2279; x_wconf 92' lang='lat' dir='ltr'><strong>per</strong></span> <span class='ocrx_word' id='word_1_145' title='bbox 1310 2198 1312 2203; x_wconf 81' lang='grc'>’</span> 
     </span>
     <span class='ocr_line' id='line_1_19' title="bbox 100 2292 1257 2382; baseline 0.003 -24"><span class='ocrx_word' id='word_1_146' title='bbox 100 2293 187 2361; x_wconf 90' lang='lat' dir='ltr'><strong>hunc</strong></span> <span class='ocrx_word' id='word_1_147' title='bbox 201 2303 383 2361; x_wconf 80' lang='lat' dir='ltr'><strong>contactum</strong></span> <span class='ocrx_word' id='word_1_148' title='bbox 397 2294 518 2381; x_wconf 90' lang='lat' dir='ltr'><strong>seipsas</strong></span> <span class='ocrx_word' id='word_1_149' title='bbox 532 2294 625 2381; x_wconf 88' lang='lat' dir='ltr'><strong>quasi</strong></span> <span class='ocrx_word' id='word_1_150' title='bbox 642 2302 818 2382; x_wconf 77' lang='lat' dir='ltr'><strong>penetrem,</strong></span> <span class='ocrx_word' id='word_1_151' title='bbox 840 2305 872 2358; x_wconf 90' lang='lat' dir='ltr'><strong>et</strong></span> <span class='ocrx_word' id='word_1_152' title='bbox 890 2294 925 2358; x_wconf 93' lang='lat' dir='ltr'><strong>in</strong></span> <span class='ocrx_word' id='word_1_153' title='bbox 944 2317 1044 2360; x_wconf 89' lang='lat' dir='ltr'><strong>unum</strong></span> <span class='ocrx_word' id='word_1_154' title='bbox 1064 2292 1257 2361; x_wconf 77' lang='lat' dir='ltr'><strong>coincidunt.</strong></span> 
     </span>
     <span class='ocr_line' id='line_1_20' title="bbox 100 2395 1261 2485; baseline -0.001 -21"><span class='ocrx_word' id='word_1_155' title='bbox 100 2396 199 2464; x_wconf 88' lang='lat' dir='ltr'><strong>Unde</strong></span> <span class='ocrx_word' id='word_1_156' title='bbox 217 2398 326 2465; x_wconf 87' lang='lat' dir='ltr'><strong>taliter</strong></span> <span class='ocrx_word' id='word_1_157' title='bbox 345 2420 500 2485; x_wconf 87' lang='lat' dir='ltr'><strong>congruas</strong></span> <span class='ocrx_word' id='word_1_158' title='bbox 518 2397 619 2463; x_wconf 88' lang='lat' dir='ltr'><strong>lineas</strong></span> <span class='ocrx_word' id='word_1_159' title='bbox 637 2406 671 2463; x_wconf 91' lang='lat' dir='ltr'><strong>et</strong></span> <span class='ocrx_word' id='word_1_160' title='bbox 690 2396 872 2484; x_wconf 88' lang='lat' dir='ltr'><strong>superficies</strong></span> <span class='ocrx_word' id='word_1_161' title='bbox 896 2395 969 2482; x_wconf 79' lang='lat' dir='ltr'><strong>(hoc</strong></span> <span class='ocrx_word' id='word_1_162' title='bbox 990 2406 1048 2477; x_wconf 90' lang='lat' dir='ltr'><strong>est,</strong></span> <span class='ocrx_word' id='word_1_163' title='bbox 1064 2397 1111 2462; x_wconf 88' lang='lat' dir='ltr'><strong>ita</strong></span> <span class='ocrx_word' id='word_1_164' title='bbox 1132 2398 1261 2465; x_wconf 89' lang='lat' dir='ltr'><strong>sibimet</strong></span> 
     </span>
     <span class='ocr_line' id='line_1_21' title="bbox 99 2498 1262 2591; baseline -0.001 -24"><span class='ocrx_word' id='word_1_165' title='bbox 99 2502 293 2591; x_wconf 86' lang='lat' dir='ltr'><strong>adjacentes,</strong></span> <span class='ocrx_word' id='word_1_166' title='bbox 318 2511 357 2567; x_wconf 85' lang='lat' dir='ltr'><strong>ut</strong></span> <span class='ocrx_word' id='word_1_167' title='bbox 379 2500 477 2567; x_wconf 91' lang='lat' dir='ltr'><strong>medii</strong></span> <span class='ocrx_word' id='word_1_168' title='bbox 505 2500 589 2565; x_wconf 90' lang='lat' dir='ltr'><strong>nihil</strong></span> <span class='ocrx_word' id='word_1_169' title='bbox 617 2500 802 2587; x_wconf 75' lang='lat' dir='ltr'><strong>interjaceat</strong></span> <span class='ocrx_word' id='word_1_170' title='bbox 827 2498 935 2587; x_wconf 87' lang='lat' dir='ltr'><strong>spatii)</strong></span> <span class='ocrx_word' id='word_1_171' title='bbox 964 2521 1020 2587; x_wconf 88' lang='lat' dir='ltr'><strong>pro</strong></span> <span class='ocrx_word' id='word_1_172' title='bbox 1043 2500 1117 2565; x_wconf 89' lang='lat' dir='ltr'><strong>unis</strong></span> <span class='ocrx_word' id='word_1_173' title='bbox 1143 2500 1262 2567; x_wconf 89' lang='lat' dir='ltr'><strong>habent</strong></span> 
     </span>
     <span class='ocr_line' id='line_1_22' title="bbox 100 2600 1261 2688; baseline -0.002 -17"><span class='ocrx_word' id='word_1_174' title='bbox 100 2602 292 2671; x_wconf 79' lang='lat' dir='ltr'><strong>Geometrae.</strong></span> <span class='ocrx_word' id='word_1_175' title='bbox 336 2602 378 2669; x_wconf 96' lang='lat' dir='ltr'><strong>Id</strong></span> <span class='ocrx_word' id='word_1_176' title='bbox 390 2602 531 2669; x_wconf 87' lang='lat' dir='ltr'><strong>voluisse</strong></span> <span class='ocrx_word' id='word_1_177' title='bbox 544 2601 671 2669; x_wconf 87' lang='lat' dir='ltr'><strong>videtur</strong></span> <span class='ocrx_word' id='word_1_178' title='bbox 684 2600 848 2681; x_wconf 86' lang='lat' dir='ltr'><strong>Euclides,</strong></span> <span class='ocrx_word' id='word_1_179' title='bbox 864 2624 937 2667; x_wconf 92' lang='lat' dir='ltr'><strong>cum</strong></span> <span class='ocrx_word' id='word_1_180' title='bbox 951 2602 1083 2688; x_wconf 82' lang='lat' dir='ltr'><strong>negavit</strong></span> <span class='ocrx_word' id='word_1_181' title='bbox 1097 2626 1117 2669; x_wconf 91' lang='lat' dir='ltr'><strong>a</strong></span> <span class='ocrx_word' id='word_1_182' title='bbox 1136 2601 1261 2669; x_wconf 86' lang='lat' dir='ltr'><strong>duabus</strong></span> 
     </span>
     <span class='ocr_line' id='line_1_23' title="bbox 99 2703 1260 2795; baseline 0.001 -24"><span class='ocrx_word' id='word_1_183' title='bbox 99 2708 192 2774; x_wconf 85' lang='lat' dir='ltr'><strong>rectis</strong></span> <span class='ocrx_word' id='word_1_184' title='bbox 206 2706 304 2773; x_wconf 90' lang='lat' dir='ltr'><strong>lineis</strong></span> <span class='ocrx_word' id='word_1_185' title='bbox 319 2705 457 2795; x_wconf 91' lang='lat' dir='ltr'><strong>spatium</strong></span> <span class='ocrx_word' id='word_1_186' title='bbox 471 2704 712 2793; x_wconf 80' lang='lat' dir='ltr'><strong>comprehendi3</strong></span> <span class='ocrx_word' id='word_1_187' title='bbox 734 2712 773 2771; x_wconf 90' lang='lat' dir='ltr'><strong>ut</strong></span> <span class='ocrx_word' id='word_1_188' title='bbox 786 2712 819 2771; x_wconf 93' lang='lat' dir='ltr'><strong>et</strong></span> <span class='ocrx_word' id='word_1_189' title='bbox 833 2703 920 2791; x_wconf 89' lang='lat' dir='ltr'><strong>quod</strong></span> <span class='ocrx_word' id='word_1_190' title='bbox 934 2703 996 2769; x_wconf 90' lang='lat' dir='ltr'><strong>duo</strong></span> <span class='ocrx_word' id='word_1_191' title='bbox 1010 2704 1108 2792; x_wconf 90' lang='lat' dir='ltr'><strong>plana</strong></span> <span class='ocrx_word' id='word_1_192' title='bbox 1122 2704 1260 2773; x_wconf 90' lang='lat' dir='ltr'><strong>solidum</strong></span> 
     </span>
     <span class='ocr_line' id='line_1_24' title="bbox 100 2806 1259 2898; baseline 0.001 -23"><span class='ocrx_word' id='word_1_193' title='bbox 100 2812 239 2898; x_wconf 87' lang='lat' dir='ltr'><strong>spatium</strong></span> <span class='ocrx_word' id='word_1_194' title='bbox 253 2832 319 2875; x_wconf 90' lang='lat' dir='ltr'><strong>non</strong></span> <span class='ocrx_word' id='word_1_195' title='bbox 332 2808 535 2875; x_wconf 85' lang='lat' dir='ltr'><strong>concludunt.</strong></span> <span class='ocrx_word' id='word_1_196' title='bbox 579 2807 624 2873; x_wconf 85' lang='lat' dir='ltr'><strong>Et</strong></span> <span class='ocrx_word' id='word_1_197' title='bbox 639 2830 710 2895; x_wconf 83' lang='lat' dir='ltr'><strong>quae</strong></span> <span class='ocrx_word' id='word_1_198' title='bbox 724 2807 832 2896; x_wconf 89' lang='lat' dir='ltr'><strong>plures</strong></span> <span class='ocrx_word' id='word_1_199' title='bbox 846 2806 947 2873; x_wconf 91' lang='lat' dir='ltr'><strong>lineas</strong></span> <span class='ocrx_word' id='word_1_200' title='bbox 962 2806 1138 2894; x_wconf 84' lang='lat' dir='ltr'><strong>contiguas,</strong></span> <span class='ocrx_word' id='word_1_201' title='bbox 1154 2817 1210 2875; x_wconf 89' lang='lat' dir='ltr'><strong>aut</strong></span> <span class='ocrx_word' id='word_1_202' title='bbox 1224 2831 1259 2876; x_wconf 88' lang='lat' dir='ltr'><strong>se</strong></span> 
     </span>
     <span class='ocr_line' id='line_1_25' title="bbox 100 2910 1257 2999; baseline 0.002 -20"><span class='ocrx_word' id='word_1_203' title='bbox 100 2913 323 2981; x_wconf 84' lang='lat' dir='ltr'><strong>intersecantes</strong></span> <span class='ocrx_word' id='word_1_204' title='bbox 337 2911 517 2991; x_wconf 86' lang='lat' dir='ltr'><strong>terminant,</strong></span> <span class='ocrx_word' id='word_1_205' title='bbox 532 2919 653 2999; x_wconf 90' lang='lat' dir='ltr'><strong>puncta</strong></span> <span class='ocrx_word' id='word_1_206' title='bbox 665 2933 790 2999; x_wconf 88' lang='lat' dir='ltr'><strong>semper</strong></span> <span class='ocrx_word' id='word_1_207' title='bbox 804 2910 924 2977; x_wconf 90' lang='lat' dir='ltr'><strong>habeut</strong></span> <span class='ocrx_word' id='word_1_208' title='bbox 937 2933 995 2998; x_wconf 92' lang='lat' dir='ltr'><strong>pro</strong></span> <span class='ocrx_word' id='word_1_209' title='bbox 1012 2932 1076 2977; x_wconf 89' lang='lat' dir='ltr'><strong>uno</strong></span> <span class='ocrx_word' id='word_1_210' title='bbox 1096 2911 1257 2981; x_wconf 85' lang='lat' dir='ltr'><strong>communi</strong></span> 
     </span>
     <span class='ocr_line' id='line_1_26' title="bbox 100 3013 1257 3106; baseline 0.001 -23"><span class='ocrx_word' id='word_1_211' title='bbox 100 3027 235 3106; x_wconf 81' lang='lat' dir='ltr'><strong>punct03</strong></span> <span class='ocrx_word' id='word_1_212' title='bbox 265 3025 304 3081; x_wconf 91' lang='lat' dir='ltr'><strong>ut</strong></span> <span class='ocrx_word' id='word_1_213' title='bbox 322 3026 355 3083; x_wconf 91' lang='lat' dir='ltr'><strong>et</strong></span> <span class='ocrx_word' id='word_1_214' title='bbox 373 3037 446 3102; x_wconf 83' lang='lat' dir='ltr'><strong>quoe</strong></span> <span class='ocrx_word' id='word_1_215' title='bbox 465 3013 573 3103; x_wconf 91' lang='lat' dir='ltr'><strong>plures</strong></span> <span class='ocrx_word' id='word_1_216' title='bbox 592 3014 774 3102; x_wconf 87' lang='lat' dir='ltr'><strong>superficies</strong></span> <span class='ocrx_word' id='word_1_217' title='bbox 795 3014 987 3102; x_wconf 84' lang='lat' dir='ltr'><strong>conjunctas,</strong></span> <span class='ocrx_word' id='word_1_218' title='bbox 1012 3022 1068 3079; x_wconf 89' lang='lat' dir='ltr'><strong>aut</strong></span> <span class='ocrx_word' id='word_1_219' title='bbox 1090 3035 1124 3080; x_wconf 89' lang='lat' dir='ltr'><strong>se</strong></span> <span class='ocrx_word' id='word_1_220' title='bbox 1145 3026 1257 3084; x_wconf 91' lang='lat' dir='ltr'><strong>mutuo</strong></span> 
     </span>
     <span class='ocr_line' id='line_1_27' title="bbox 101 3116 1257 3206; baseline -0.001 -18"><span class='ocrx_word' id='word_1_221' title='bbox 101 3130 241 3188; x_wconf 84' lang='lat' dir='ltr'><strong>secantes</strong></span> <span class='ocrx_word' id='word_1_222' title='bbox 266 3120 431 3199; x_wconf 85' lang='lat' dir='ltr'><strong>dirimunt,</strong></span> <span class='ocrx_word' id='word_1_223' title='bbox 455 3128 613 3185; x_wconf 89' lang='lat' dir='ltr'><strong>extremas</strong></span> <span class='ocrx_word' id='word_1_224' title='bbox 635 3116 736 3184; x_wconf 89' lang='lat' dir='ltr'><strong>lineas</strong></span> <span class='ocrx_word' id='word_1_225' title='bbox 764 3140 823 3206; x_wconf 92' lang='lat' dir='ltr'><strong>pro</strong></span> <span class='ocrx_word' id='word_1_226' title='bbox 846 3122 911 3185; x_wconf 75' lang='lat' dir='ltr'><strong>unt</strong></span> <span class='ocrx_word' id='word_1_227' title='bbox 933 3124 1064 3183; x_wconf 87' lang='lat' dir='ltr'><strong>sumunt</strong></span> <span class='ocrx_word' id='word_1_228' title='bbox 1090 3117 1193 3199; x_wconf 79' lang='lat' dir='ltr'><strong>linet3</strong></span> <span class='ocrx_word' id='word_1_229' title='bbox 1225 3129 1257 3187; x_wconf 90' lang='lat' dir='ltr'><strong>et</strong></span> 
     </span>
     <span class='ocr_line' id='line_1_28' title="bbox 103 3220 1257 3311; baseline -0.004 -18"><span class='ocrx_word' id='word_1_230' title='bbox 103 3246 172 3311; x_wconf 77' lang='lat' dir='ltr'><strong>que</strong></span> <span class='ocrx_word' id='word_1_231' title='bbox 192 3246 325 3311; x_wconf 86' lang='lat' dir='ltr'><strong>corpora</strong></span> <span class='ocrx_word' id='word_1_232' title='bbox 346 3222 530 3310; x_wconf 77' lang='lat' dir='ltr'><strong>dispescmt</strong></span> <span class='ocrx_word' id='word_1_233' title='bbox 550 3220 741 3310; x_wconf 89' lang='lat' dir='ltr'><strong>superficies,</strong></span> <span class='ocrx_word' id='word_1_234' title='bbox 762 3220 798 3287; x_wconf 92' lang='lat' dir='ltr'><strong>in</strong></span> <span class='ocrx_word' id='word_1_235' title='bbox 819 3242 916 3288; x_wconf 88' lang='lat' dir='ltr'><strong>unam</strong></span> <span class='ocrx_word' id='word_1_236' title='bbox 938 3228 1121 3309; x_wconf 89' lang='lat' dir='ltr'><strong>supponunt</strong></span> <span class='ocrx_word' id='word_1_237' title='bbox 1138 3220 1257 3288; x_wconf 88' lang='lat' dir='ltr'><strong>coales-</strong></span> 
     </span>
     <span class='ocr_line' id='line_1_29' title="bbox 102 3322 1256 3414; baseline -0.003 -19"><span class='ocrx_word' id='word_1_238' title='bbox 102 3350 178 3395; x_wconf 90' lang='lat' dir='ltr'><strong>cere.</strong></span> <span class='ocrx_word' id='word_1_239' title='bbox 221 3327 264 3393; x_wconf 92' lang='lat' dir='ltr'><strong>Id</strong></span> <span class='ocrx_word' id='word_1_240' title='bbox 278 3325 342 3394; x_wconf 89' lang='lat' dir='ltr'><strong>sibi</strong></span> <span class='ocrx_word' id='word_1_241' title='bbox 355 3324 581 3414; x_wconf 88' lang='lat' dir='ltr'><strong>postulandum</strong></span> <span class='ocrx_word' id='word_1_242' title='bbox 597 3324 719 3391; x_wconf 90' lang='lat' dir='ltr'><strong>censuit</strong></span> <span class='ocrx_word' id='word_1_243' title='bbox 738 3323 869 3405; x_wconf 92' lang='lat' dir='ltr'><strong>Vitello,</strong></span> <span class='ocrx_word' id='word_1_244' title='bbox 884 3346 999 3411; x_wconf 87' lang='lat' dir='ltr'><strong>nempe</strong></span> <span class='ocrx_word' id='word_1_245' title='bbox 1018 3346 1091 3389; x_wconf 87' lang='lat' dir='ltr'><strong>cunr</strong></span> <span class='ocrx_word' id='word_1_246' title='bbox 1111 3322 1183 3389; x_wconf 85' lang='lat' dir='ltr'><strong>duee</strong></span> <span class='ocrx_word' id='word_1_247' title='bbox 1202 3346 1256 3391; x_wconf 89' lang='lat' dir='ltr'><strong>su·</strong></span> 
     </span>
     <span class='ocr_line' id='line_1_30' title="bbox 102 3424 1256 3518; baseline -0.008 -19"><span class='ocrx_word' id='word_1_248' title='bbox 102 3431 241 3518; x_wconf 86' lang='lat' dir='ltr'><strong>perficies</strong></span> <span class='ocrx_word' id='word_1_249' title='bbox 260 3430 368 3518; x_wconf 75' lang='lat' dir='ltr'><strong>planae</strong></span> <span class='ocrx_word' id='word_1_250' title='bbox 385 3428 587 3517; x_wconf 83' lang='lat' dir='ltr'><strong>contingunt,</strong></span> <span class='ocrx_word' id='word_1_251' title='bbox 601 3450 700 3495; x_wconf 85' lang='lat' dir='ltr'><strong>unam</strong></span> <span class='ocrx_word' id='word_1_252' title='bbox 713 3450 756 3494; x_wconf 85' lang='lat' dir='ltr'><strong>ex</strong></span> <span class='ocrx_word' id='word_1_253' title='bbox 770 3427 812 3493; x_wconf 90' lang='lat' dir='ltr'><strong>iis</strong></span> <span class='ocrx_word' id='word_1_254' title='bbox 826 3426 895 3493; x_wconf 88' lang='lat' dir='ltr'><strong>fieri</strong></span> <span class='ocrx_word' id='word_1_255' title='bbox 911 3424 1120 3513; x_wconf 86' lang='lat' dir='ltr'><strong>superficiem.</strong></span> <span class='ocrx_word' id='word_1_256' title='bbox 1164 3424 1256 3491; x_wconf 89' lang='lat' dir='ltr'><strong>Pari-</strong></span> 
     </span>
     <span class='ocr_line' id='line_1_31' title="bbox 103 3528 1255 3622; baseline -0.006 -20"><span class='ocrx_word' id='word_1_257' title='bbox 103 3558 162 3622; x_wconf 88' lang='lat' dir='ltr'><strong>que</strong></span> <span class='ocrx_word' id='word_1_258' title='bbox 174 3535 297 3601; x_wconf 84' lang='lat' dir='ltr'><strong>ratione</strong></span> <span class='ocrx_word' id='word_1_259' title='bbox 311 3532 471 3600; x_wconf 89' lang='lat' dir='ltr'><strong>circularis</strong></span> <span class='ocrx_word' id='word_1_260' title='bbox 488 3532 601 3599; x_wconf 86' lang='lat' dir='ltr'><strong>annuli</strong></span> <span class='ocrx_word' id='word_1_261' title='bbox 619 3531 799 3621; x_wconf 85' lang='lat' dir='ltr'><strong>peripheria</strong></span> <span class='ocrx_word' id='word_1_262' title='bbox 817 3552 958 3599; x_wconf 90' lang='lat' dir='ltr'><strong>concava</strong></span> <span class='ocrx_word' id='word_1_263' title='bbox 976 3549 1128 3595; x_wconf 83' lang='lat' dir='ltr'><strong>convexae</strong></span> <span class='ocrx_word' id='word_1_264' title='bbox 1146 3528 1255 3595; x_wconf 88' lang='lat' dir='ltr'><strong>circuli</strong></span> 
     </span>
     <span class='ocr_line' id='line_1_32' title="bbox 103 3629 1254 3723; baseline -0.003 -21"><span class='ocrx_word' id='word_1_265' title='bbox 103 3637 287 3704; x_wconf 76' lang='lat' dir='ltr'><strong>mucentrici</strong></span> <span class='ocrx_word' id='word_1_266' title='bbox 306 3635 425 3702; x_wconf 87' lang='lat' dir='ltr'><strong>inclusi</strong></span> <span class='ocrx_word' id='word_1_267' title='bbox 445 3633 643 3723; x_wconf 75' lang='lat' dir='ltr'><strong>peripheria,</strong></span> <span class='ocrx_word' id='word_1_268' title='bbox 663 3633 717 3701; x_wconf 85' lang='lat' dir='ltr'><strong>vel</strong></span> <span class='ocrx_word' id='word_1_269' title='bbox 738 3632 850 3699; x_wconf 88' lang='lat' dir='ltr'><strong>annuli</strong></span> <span class='ocrx_word' id='word_1_270' title='bbox 871 3629 1019 3721; x_wconf 84' lang='lat' dir='ltr'><strong>sphaerici</strong></span> <span class='ocrx_word' id='word_1_271' title='bbox 1040 3652 1180 3697; x_wconf 89' lang='lat' dir='ltr'><strong>concava</strong></span> <span class='ocrx_word' id='word_1_272' title='bbox 1200 3652 1254 3699; x_wconf 85' lang='lat' dir='ltr'><strong>sn·</strong></span> 
     </span>
     <span class='ocr_line' id='line_1_33' title="bbox 103 3732 1255 3828; baseline -0.006 -20"><span class='ocrx_word' id='word_1_273' title='bbox 103 3740 239 3827; x_wconf 83' lang='lat' dir='ltr'><strong>perficies</strong></span> <span class='ocrx_word' id='word_1_274' title='bbox 275 3737 452 3828; x_wconf 81' lang='lat' dir='ltr'><strong>adjacentis</strong></span> <span class='ocrx_word' id='word_1_275' title='bbox 484 3738 618 3826; x_wconf 74' lang='lat' dir='ltr'><strong>spherae</strong></span> <span class='ocrx_word' id='word_1_276' title='bbox 652 3736 858 3805; x_wconf 83' lang='lat' dir='ltr'><strong>concentricae</strong></span> <span class='ocrx_word' id='word_1_277' title='bbox 892 3756 1044 3803; x_wconf 77' lang='lat' dir='ltr'><strong>convexae</strong></span> <span class='ocrx_word' id='word_1_278' title='bbox 1076 3732 1255 3821; x_wconf 86' lang='lat' dir='ltr'><strong>superficiei</strong></span> 
     </span>
     <span class='ocr_line' id='line_1_34' title="bbox 104 3843 256 3911; baseline 0.013 -2"><span class='ocrx_word' id='word_1_279' title='bbox 104 3843 256 3911; x_wconf 76' lang='lat' dir='ltr'><strong>coincidit.</strong></span> 
     </span>
    </p>

    <p class='ocr_par' dir='ltr' id='par_1_7' title="bbox 105 3938 1254 4343">
     <span class='ocr_line' id='line_1_35' title="bbox 164 3938 1253 4037; baseline -0.008 -21"><span class='ocrx_word' id='word_1_280' title='bbox 164 3947 303 4037; x_wconf 82' lang='lat' dir='ltr'><strong>Corpora</strong></span> <span class='ocrx_word' id='word_1_281' title='bbox 323 3968 409 4028; x_wconf 85' lang='lat' dir='ltr'><strong>varo,</strong></span> <span class='ocrx_word' id='word_1_282' title='bbox 431 3955 558 4035; x_wconf 89' lang='lat' dir='ltr'><strong>propter</strong></span> <span class='ocrx_word' id='word_1_283' title='bbox 578 3944 789 4012; x_wconf 85' lang='lat' dir='ltr'><strong>introversum</strong></span> <span class='ocrx_word' id='word_1_284' title='bbox 817 3943 978 4011; x_wconf 87' lang='lat' dir='ltr'><strong>reductam</strong></span> <span class='ocrx_word' id='word_1_285' title='bbox 1004 3938 1253 4032; x_wconf 82' lang='lat' dir='ltr'><strong>profunditatem</strong></span> 
     </span>
     <span class='ocr_line' id='line_1_36' title="bbox 105 4044 1254 4137; baseline -0.007 -19"><span class='ocrx_word' id='word_1_286' title='bbox 105 4070 198 4133; x_wconf 77' lang='lat' dir='ltr'><strong>suam,</strong></span> <span class='ocrx_word' id='word_1_287' title='bbox 217 4051 296 4118; x_wconf 87' lang='lat' dir='ltr'><strong>solis</strong></span> <span class='ocrx_word' id='word_1_288' title='bbox 313 4048 455 4117; x_wconf 86' lang='lat' dir='ltr'><strong>externis</strong></span> <span class='ocrx_word' id='word_1_289' title='bbox 471 4046 697 4137; x_wconf 86' lang='lat' dir='ltr'><strong>superficiebus</strong></span> <span class='ocrx_word' id='word_1_290' title='bbox 718 4046 876 4135; x_wconf 78' lang='lat' dir='ltr'><strong>contigua</strong></span> <span class='ocrx_word' id='word_1_291' title='bbox 896 4045 987 4128; x_wconf 89' lang='lat' dir='ltr'><strong>fiunt,</strong></span> <span class='ocrx_word' id='word_1_292' title='bbox 1004 4044 1144 4133; x_wconf 84' lang='lat' dir='ltr'><strong>adeoque</strong></span> <span class='ocrx_word' id='word_1_293' title='bbox 1164 4044 1254 4111; x_wconf 75' lang='lat' dir='ltr'><strong>nulla</strong></span> 
     </span>
     <span class='ocr_line' id='line_1_37' title="bbox 105 4145 1253 4241; baseline -0.007 -20"><span class='ocrx_word' id='word_1_294' title='bbox 105 4162 187 4236; x_wconf 83' lang='lat' dir='ltr'><strong>parte</strong></span> <span class='ocrx_word' id='word_1_295' title='bbox 200 4154 249 4220; x_wconf 90' lang='lat' dir='ltr'><strong>sni</strong></span> <span class='ocrx_word' id='word_1_296' title='bbox 262 4174 436 4241; x_wconf 87' lang='lat' dir='ltr'><strong>congruere</strong></span> <span class='ocrx_word' id='word_1_297' title='bbox 449 4158 592 4240; x_wconf 88' lang='lat' dir='ltr'><strong>possunt,</strong></span> <span class='ocrx_word' id='word_1_298' title='bbox 607 4148 669 4215; x_wconf 92' lang='lat' dir='ltr'><strong>hoc</strong></span> <span class='ocrx_word' id='word_1_299' title='bbox 683 4148 904 4238; x_wconf 88' lang='lat' dir='ltr'><strong>applicationis</strong></span> <span class='ocrx_word' id='word_1_300' title='bbox 918 4146 1023 4216; x_wconf 92' lang='lat' dir='ltr'><strong>modo.</strong></span> <span class='ocrx_word' id='word_1_301' title='bbox 1054 4145 1253 4239; x_wconf 80' lang='lat' dir='ltr'><strong>Quapropter</strong></span> 
     </span>
     <span class='ocr_line' id='line_1_38' title="bbox 107 4250 1254 4343; baseline -0.003 -23"><span class='ocrx_word' id='word_1_302' title='bbox 107 4257 361 4325; x_wconf 84' lang='lat' dir='ltr'><strong>crecentioribus</strong></span> <span class='ocrx_word' id='word_1_303' title='bbox 385 4278 450 4322; x_wconf 91' lang='lat' dir='ltr'><strong>non</strong></span> <span class='ocrx_word' id='word_1_304' title='bbox 474 4275 568 4320; x_wconf 91' lang='lat' dir='ltr'><strong>nemo</strong></span> <span class='ocrx_word' id='word_1_305' title='bbox 590 4252 721 4339; x_wconf 82' lang='lat' dir='ltr'><strong>negavit</strong></span> <span class='ocrx_word' id='word_1_306' title='bbox 743 4252 784 4319; x_wconf 91' lang='lat' dir='ltr'><strong>iis</strong></span> <span class='ocrx_word' id='word_1_307' title='bbox 811 4250 992 4343; x_wconf 78' lang='grc' dir='ltr'>ἐφάρμοσιν</span> <span class='ocrx_word' id='word_1_308' title='bbox 1015 4250 1144 4321; x_wconf 83' lang='lat' dir='ltr'><strong>omnino</strong></span> <span class='ocrx_word' id='word_1_309' title='bbox 1168 4274 1254 4319; x_wconf 91' lang='lat' dir='ltr'><strong>com-</strong></span> 
     </span>
    </p>
   </div>
   <div class='ocr_carea' id='block_1_5' title="bbox 151 4472 1164 4629">
    <p class='ocr_par' dir='ltr' id='par_1_8' title="bbox 151 4472 1164 4629">
     <span class='ocr_line' id='line_1_39' title="bbox 151 4472 1164 4619; baseline 0.015 -92"><span class='ocrx_word' id='word_1_310' title='bbox 151 4472 657 4547; x_wconf 60' lang='lat' dir='ltr'><strong>rwueemtppueemeue</strong></span> <span class='ocrx_word' id='word_1_311' title='bbox 677 4476 806 4537; x_wconf 64' lang='lat' dir='ltr'><strong>turea</strong></span> <span class='ocrx_word' id='word_1_312' title='bbox 1124 4550 1164 4619; x_wconf 79' lang='lat'><strong>22</strong></span> 
     </span>
     <span class='ocr_line' id='line_1_40' title="bbox 181 4578 261 4629; baseline 0.025 -2"><span class='ocrx_word' id='word_1_313' title='bbox 181 4578 261 4629; x_wconf 68' lang='lat' dir='ltr'><strong>RH.</strong></span> 
     </span>
    </p>
   </div>
   <div class='ocr_carea' id='block_1_6' title="bbox 0 0 1588 5192">
    <p class='ocr_par' dir='ltr' id='par_1_9' title="bbox 0 0 1588 5192">
     <span class='ocr_line' id='line_1_41' title="bbox 0 0 1588 5192; baseline 0 0"><span class='ocrx_word' id='word_1_314' title='bbox 0 0 1588 5192; x_wconf 95' lang='lat' dir='ltr'><strong> </strong></span> 
     </span>
    </p>
   </div>
  </div>
 </body>
</html>
