3167 5192
419 367 462 432 56
783 386 969 436 secutores
991 386 1132 436 oroma.
1325 375 1433 451 [sacr.
1446 390 1481 437 r.

254 577 311 643 sig.
325 592 365 641 5¹·
481 557 542 625 VI.
588 557 652 625 Per
672 558 801 625 radians
816 568 971 646 punctum
986 559 1019 622 A
1035 558 1167 624 ducatur
1184 557 1282 624 Ans
1292 557 1483 645 refringenti

415 662 587 749 parallela3
611 661 777 750 eidemque
801 661 1071 750 perpendicularis
1094 661 1162 726 AB
1177 659 1326 748 utrinque
1349 671 1484 747 proten-

415 763 509 829 datur
523 763 697 829 indefinite.
744 763 827 829 Item
843 786 899 850 per
914 763 1025 828 datum
1040 762 1173 828 alterum
1187 773 1341 850 punctum
1356 764 1395 827 X
1404 787 1484 850 pro-

413 866 562 931 tendatur
576 867 642 931 XB
657 865 698 930 ad
715 867 783 930 AB
801 865 973 954 parallela:
997 865 1181 944 Quinetiam
1202 867 1286 932 facto
1308 867 1394 932 AS:
1410 869 1483 932 AB

414 992 433 1034 :z
451 970 494 1034 I:
510 970 559 1050 R,
582 991 640 1055 per
656 969 684 1034 S
702 968 895 1033 extendatur
917 967 945 1034 S
950 969 980 1033 V
995 967 1036 1032 ad
1057 968 1125 1031 AB
1140 966 1303 1054 parallelo.
1349 966 1482 1046 Quibus

412 1073 581 1152 stantibus,
597 1095 653 1159 per
662 1076 694 1136 A
711 1082 914 1158 quoteunque
929 1080 1093 1136 transeant
1107 1081 1199 1136 rectae
1215 1081 1357 1136 secantes
1372 1071 1482 1158 ipsam

414 1175 443 1240 S
448 1176 478 1240 V
499 1176 627 1262 punctis
650 1175 692 1239 H
695 1201 703 1255 3
727 1185 760 1240 et
783 1185 890 1240 centro
917 1175 960 1254 X,
988 1173 1165 1240 intervallis
1190 1173 1277 1262 ipsas
1299 1175 1373 1238 ΑΗ
1389 1197 1481 1240 exm-

411 1279 594 1366 quantibus,
622 1279 842 1344 describantur
870 1277 980 1344 circuli
1010 1287 1152 1343 secantes
1181 1277 1478 1365 perpendicularem

410 1384 477 1449 AB
489 1384 616 1470 punctis
631 1384 683 1464 K·
707 1383 836 1448 demum
862 1405 917 1470 per
936 1383 979 1462 X,
1003 1382 1043 1446 K
1057 1381 1159 1448 duetae
1181 1382 1275 1448 lineae
1297 1403 1370 1448 cum
1393 1382 1479 1470 ipsis

409 1487 477 1551 HA
507 1487 698 1552 conveniant
723 1486 757 1550 in
785 1486 830 1551 N
876 1485 938 1552 Per
958 1485 1114 1573 ejusmodi
1136 1506 1332 1571 quacunque
1353 1493 1479 1571 puncta
1568 1499 1569 1580 l

408 1589 559 1656 transibit
584 1589 747 1677 proposito
773 1597 881 1654 nostro
904 1587 1084 1653 deserviens
1104 1586 1189 1652 linea
1216 1586 1348 1672 (ANN)
1373 1610 1477 1674 quam
1568 1607 1569 1660 1

408 1694 605 1782 suscepimus
620 1693 870 1772 describendam3
887 1693 1013 1780 cujusce
1024 1691 1175 1756 nimirum
1190 1713 1263 1756 eum
1277 1691 1476 1778 refringente
1568 1645 1569 1764 l

407 1797 474 1861 EF
492 1797 729 1863 intersectiones
755 1797 917 1884 ipsissima
942 1805 1016 1862 sunt
1040 1795 1219 1860 incidentiae
1242 1805 1370 1881 puncta,
1399 1819 1476 1883 quae
1568 1843 1569 1846 κ

406 1899 598 1985 indagamus
606 1925 615 1980 ;
640 1899 691 1964 hoe
708 1908 815 1964 autem
831 1899 872 1965 ad
890 1921 970 1964 unas
985 1907 1079 1964 rectae
1093 1898 1161 1962 AB
1173 1909 1277 1984 partes
1295 1898 1410 1983 (veluti
1430 1900 1475 1964 ad

405 2002 455 2085 F)
478 2000 650 2088 aliquando
672 2001 744 2066 duae
766 2010 877 2082 erunt3
901 2001 1037 2067 subinde
1062 2010 1188 2066 tantum
1213 2023 1288 2080 una,
1313 2023 1386 2066 eum
1408 2003 1480 2068 EF

405 2103 453 2168 sic
481 2105 625 2169 effectam
651 2126 782 2169 curvam
812 2103 935 2189 tangit3
964 2103 1154 2190 quandoque
1179 2102 1277 2182 nulla,
1309 2125 1381 2168 cum
1407 2105 1478 2170 EF
1568 2151 1569 2188 4

405 2206 490 2272 ultra
503 2216 687 2293 tangentem
708 2206 827 2272 dictam
843 2208 942 2294 jacet3
966 2206 1007 2271 ad
1029 2205 1143 2272 alteras
1166 2206 1280 2272 saltem
1299 2229 1365 2272 nna
1386 2210 1468 2290 erit3

404 2333 477 2398 quae
503 2310 582 2377 satis
607 2309 784 2376 attendenti
810 2311 978 2376 manifesta
1000 2309 1108 2374 futura
1131 2311 1268 2376 subnoto
1285 2320 1412 2378 tantum
1436 2323 1469 2379 et

404 2413 469 2479 levi
483 2414 564 2503 pede
577 2423 743 2502 praetorem
760 2413 912 2500 quoniam
926 2411 1055 2478 aliunde
1069 2435 1146 2476 mox
1162 2413 1366 2499 apparitura.)
1402 2413 1465 2495 Sit,
1568 2407 1569 2458 l

291 2571 298 2584 .
331 2549 351 2584 ι.
403 2517 545 2605 inquam,
566 2517 723 2605 ejusmodi
747 2516 899 2604 quaelibet
924 2516 1103 2582 intersectio
1126 2516 1166 2579 N
1170 2543 1178 2596 ;
1202 2514 1272 2580 dico
1294 2516 1360 2581 fore
1383 2518 1463 2598 XN,

403 2621 504 2709 ipsius
518 2622 592 2687 AN
607 2621 786 2688 refractum.
831 2619 962 2685 Etenim
977 2630 1025 2686 est
1040 2620 1083 2685 I:
1100 2620 1132 2684 R
1147 2643 1167 2684 ει
1183 2620 1259 2684 ΑΗ
1272 2643 1280 2686 :
1296 2619 1385 2688 AT:
1401 2621 1464 2687 hoc

403 2736 450 2790 est
468 2724 631 2812 (quoniam
645 2725 723 2804 ΑΗ,
739 2725 812 2788 ΚΧ
830 2734 905 2790 sunt
924 2747 966 2790 ex
989 2725 1220 2789 constructione
1234 2725 1337 2811 pares)
1363 2725 1389 2790 I
1403 2750 1411 2790 ε
1431 2727 1464 2790 E

403 2851 423 2892 2:
439 2828 513 2892 ΚΧ
524 2853 532 2894 :
548 2829 619 2893 AT
629 2852 649 2894 :2
664 2828 738 2892 NK
748 2852 756 2893 ε
773 2827 858 2908 NA;
881 2827 966 2892 unde
981 2825 1194 2906 manifestum,
1208 2849 1225 2891 e
1239 2837 1462 2914 praemonstra·

401 2930 454 3009 tis,
470 2941 519 2996 est
532 2931 738 3020 propositum.

465 3135 545 3203 Vll.
590 3135 808 3202 Veruntamen
836 3135 1020 3223 hujusmodi
1050 3137 1297 3203 constructiones
1334 3138 1460 3205 Geom-

401 3253 523 3305 trcruan
546 3261 623 3305 usus
649 3247 705 3304 aut
729 3261 795 3303 non
823 3237 960 3305 libenter
984 3239 1135 3320 admittit,
1160 3249 1217 3308 aut
1241 3239 1321 3304 alias
1344 3241 1458 3306 saltem

399 3343 502 3430 exigit
516 3367 572 3431 per
592 3343 694 3409 lineas
708 3342 808 3429 vulgo
830 3353 933 3422 notas,
953 3353 1048 3432 atque
1067 3353 1228 3432 receptas;
1252 3343 1361 3430 itaque
1382 3367 1459 3410 con·

398 3445 559 3512 suetudini
579 3469 699 3512 morem
713 3454 858 3532 gerentes
873 3469 939 3511 rem
954 3445 1047 3512 aliter
1064 3447 1284 3527 conficiemus;
1308 3446 1372 3512 hue
1393 3449 1458 3512 uti-

397 3573 459 3638 que
477 3550 596 3617 faciens
615 3572 751 3637 sequens
771 3549 935 3614 Problemo
958 3550 1184 3616 Lemmatt'eam
1209 3551 1455 3637 praemittentes:

397 3653 481 3720 Dato
504 3654 621 3741 angulo
644 3663 728 3719 recto
756 3653 866 3732 XPF3
889 3665 1069 3740 punctoque
1095 3652 1209 3740 quovis
1241 3655 1286 3735 Y;
1316 3675 1373 3740 per
1394 3654 1457 3719 hoc

396 3767 513 3824 rectam
528 3757 641 3823 ducere
656 3756 723 3822 dati
743 3755 854 3842 anguli
876 3756 1020 3822 cruribus
1042 3765 1266 3837 occurrentem,
1289 3755 1335 3822 sic
1356 3767 1394 3822 ut
1412 3759 1456 3824 ab

258 3891 290 3940 ·,
336 3929 344 3941 ‚
396 3860 437 3926 iis
459 3861 635 3948 intercepta
656 3861 700 3925 sit
722 3859 855 3948 aequalis
880 3859 962 3925 datae
988 3871 1084 3926 rectae
1112 3860 1147 3926 T.
1201 3859 1454 3948 Expeditissime

396 3965 525 4053 quidem
546 3964 707 4053 perficitur
726 3964 788 4030 hoc
802 3986 861 4053 ope
883 3962 1067 4030 Casama
1088 3963 1223 4049 alicujus
1244 3964 1319 4051 polo
1349 3964 1382 4030 Y
1397 3963 1454 4030 de-

395 4066 538 4156 scriptae3
560 4065 618 4132 sed
640 4066 726 4132 enim
745 4067 897 4152 quoniam
920 4075 953 4131 et
976 4064 1037 4131 iste
1060 4065 1174 4131 modus
1194 4065 1281 4131 haud
1301 4065 1348 4130 ita
1366 4064 1452 4134 Geo-

394 4173 543 4237 metricus
571 4181 733 4252 censetur3
764 4171 870 4238 adhuc
898 4170 1012 4236 iisdem
1038 4169 1219 4237 Geometris
1242 4170 1452 4257 obsequentes
1568 4207 1569 4256 q

393 4273 439 4339 ita
461 4275 659 4361 propositum
679 4297 881 4362 exequemur.
927 4273 1070 4340 Ducatur
1098 4275 1157 4339 YB
1176 4273 1218 4338 ad
1239 4274 1302 4339 PF
1317 4295 1451 4362 perpen-
1568 4259 1569 4340 ζ

393 4376 543 4442 dieularis
554 4403 562 4456 ;
585 4388 617 4442 et
643 4378 838 4466 Asympwtcls
856 4378 928 4458 PX,
955 4377 1016 4440 PB
1036 4377 1169 4442 ducatur
1194 4375 1374 4464 Hyperbola
1394 4398 1451 4463 per
1568 4441 1569 4464 ,

400 4478 606 4561 Ytransiens,
626 4481 809 4567 (siquidem
825 4489 978 4568 punctum
1006 4483 1039 4546 Y
1052 4482 1170 4550 existat
1190 4492 1282 4550 extra
1296 4481 1449 4568 angulum
1568 4491 1569 4580 q
