3167 5192
321 400 387 468 274
661 416 848 469 suessones
870 416 1143 469 marusnarrca.
1265 400 1368 487 [naor.
1384 418 1463 466 ruri.

389 584 439 653 Ut
453 593 486 653 et
500 583 617 653 exinde
635 585 722 675 quod
740 585 869 652 illorum
883 586 1202 653 abstractissimorum
1221 586 1383 653 nominum
1397 585 1469 652 deli·
1553 672 1554 675 Ἴ

324 689 462 757 uitiones
486 712 557 756 raro
581 689 635 757 vel
656 711 819 779 uunquam
846 690 1130 757 demonstrationes
1155 690 1389 778 ingrediantur;
1415 711 1470 755 uec
1553 682 1554 689 '

323 792 499 859 inserviant
516 790 584 880 (qui
599 802 706 859 tamen
720 793 890 881 primarius
907 792 1129 861 definitionum
1145 816 1223 861 uerus
1241 802 1291 860 est
1303 802 1338 861 ct
1351 793 1468 881 scopus)

324 894 581 961 conclusionibus
602 894 784 977 eliciendis3
810 893 970 961 instantiae
992 901 1098 978 caust,
1118 895 1188 984 jam
1211 895 1323 976 obiter,
1345 894 1399 961 sed
1418 916 1472 982 op·

325 1008 468 1086 portuno,
490 998 607 1064 adnoto
628 995 845 1065 definitionem
867 1001 924 1064 τοῦ
945 996 1047 1083 λόγου
1070 998 1220 1065 traditam
1245 999 1279 1063 in
1304 998 1471 1079 elementis,

324 1122 483 1189 nusquam
502 1101 537 1166 in
551 1108 618 1167 toto
633 1099 859 1167 elementorum
877 1111 1059 1187 systemate,
1079 1122 1140 1168 uec
1158 1100 1237 1168 alibi
1259 1100 1357 1188 (quod
1369 1101 1471 1181 sciam

325 1205 391 1271 imo
408 1203 549 1271 districte
568 1204 703 1270 aionon
722 1203 813 1289 alibi)
835 1204 949 1292 quovis
969 1204 1003 1269 in
1023 1204 1106 1271 libro
1121 1202 1347 1271 Mathematico
1365 1204 1475 1271 citatur

325 1308 502 1375 astruendae
515 1306 576 1373 ulli
589 1307 857 1388 demonstrationi,
873 1306 925 1373 vel
940 1306 1135 1373 conclusioni
1149 1305 1350 1373 deducendae.

392 1410 583 1500 suppeditet
604 1412 740 1477 alterum
761 1410 945 1499 exemplum
970 1432 1036 1477 vox
1061 1410 1226 1495 διάστημα
1249 1422 1371 1477 veteres
1394 1408 1477 1498 apud

326 1514 477 1596 Musicos,
495 1513 582 1602 quod
594 1536 637 1581 ex
651 1514 692 1581 iis
705 1535 799 1580 nemo
813 1536 878 1580 non
893 1514 1013 1596 definit,
1035 1522 1068 1580 at
1081 1514 1188 1581 verbis
1206 1514 1426 1603 discrepantes,
1446 1522 1477 1580 et

327 1642 424 1687 sensu
447 1618 595 1686 nonnihil
618 1618 744 1685 variis
773 1641 807 1684 se
829 1640 957 1685 omnes:
985 1619 1150 1707 apparebit
1178 1619 1213 1685 id
1241 1618 1476 1699 Aristoxenum,

328 1722 508 1805 Euclidem,
539 1722 780 1802 Nicomachum,
812 1721 998 1805 Bacchium,
1033 1722 1218 1805 Aristidem,
1253 1721 1477 1805 Gaudentium,

329 1826 505 1915 Capellam,
521 1827 616 1893 sicui
629 1825 809 1893 adlabitum
827 1826 895 1907 erit,
912 1827 1112 1915 inspectanti.

395 1928 461 1996 Sed
474 1952 540 1996 rem
555 1928 735 1996 adoriamur
748 1930 888 2018 propius.
926 1929 1121 1997 Adnotauda
1133 1952 1208 1998 vcro
1223 1930 1361 2019 primum
1374 1950 1478 1997 occur

327 2031 371 2099 rit
391 2032 595 2120 ambiguitas,
618 2033 671 2101 rel
694 2032 857 2101 distinctio
883 2033 1040 2122 quaedam,
1063 2033 1115 2102 cui
1140 2034 1306 2122 subjacent
1325 2032 1478 2101 vocabula

327 2137 411 2203 rata'o
432 2144 465 2201 et
478 2137 653 2225 proponti),
675 2135 772 2203 etiam
791 2144 887 2224 prout
906 2136 964 2203 illa
982 2146 1174 2225 usurpantur
1192 2158 1213 2201 a
1226 2134 1476 2215 Mathematicis3

327 2236 515 2305 Latinorum
537 2238 693 2326 (inquam)
709 2237 948 2321 vocabulorum,
968 2261 1043 2305 nam
1058 2237 1207 2306 Graecum
1220 2236 1326 2321 λόγος,
1346 2246 1383 2303 ut
1395 2236 1476 2304 exis·

326 2340 416 2423 timo,
431 2364 496 2409 non
511 2342 656 2429 agnoscit
669 2342 765 2409 istam
779 2340 1028 2431 homonymiam.
1046 2396 1047 2399 ,
1066 2342 1197 2431 Duplex
1211 2340 1477 2429 igituraquibua·

330 2444 405 2511 dam
430 2445 581 2512 statrutur
605 2444 685 2511 ratio
711 2443 765 2511 vel
790 2442 911 2532 duplex
939 2444 1118 2533 proporti0;
1147 2442 1204 2511 uui
1227 2464 1340 2511 nomeu
1361 2441 1473 2509 indunt
1553 2532 1554 2535 Ἴ

326 2549 543 2617 Antemnae
556 2547 649 2616 alteri
668 2546 1014 2615 amatorum
1027 2547 1307 2637 velpa-operabat.
1553 2538 1554 2578 l

393 2652 519 2734 Quibus
538 2650 738 2742 explicandis
756 2659 949 2739 praenotetur
966 2650 1124 2738 imprimis
1137 2650 1291 2717 rationem
1305 2660 1472 2739 utramque,

325 2778 399 2844 quae
413 2754 528 2823 dicitur
541 2779 614 2824 eum
629 2756 762 2823 duorum
780 2753 1048 2840 homogeneorum
1067 2764 1258 2842 quantorum
1275 2754 1473 2842 comparatio·

325 2880 400 2923 nem
426 2858 540 2924 innuat
563 2857 824 2946 qualemcunque,
854 2856 897 2923 ad
920 2855 1054 2923 classem
1083 2858 1177 2923 istam
1207 2878 1263 2925 seu
1291 2856 1472 2943 augurium
1553 2882 1554 2949 ι

327 2958 447 3026 entium
470 2970 618 3048 spectare,
643 2984 716 3049 qua
734 2959 776 3029 τὰ
797 2959 879 3049 πρός
896 2984 929 3026 τι
948 2958 1146 3041 Aristoteles,
1169 2958 1224 3025 alii
1243 2960 1407 3027 relotabaea
1427 2956 1473 3025 rel
1553 2982 1554 3031 l

325 3060 531 3144 habitudines,
548 3061 654 3130 Graeci
668 3062 801 3151 σχέσεις
815 3062 1037 3149 indigittrunt.
1071 3060 1214 3143 Quorum
1229 3061 1365 3128 duorum
1381 3082 1472 3150 quaa·

326 3174 432 3231 torum
461 3186 519 3234 seu
546 3164 753 3231 terminorum
789 3166 968 3251 (tentiam
1002 3164 1088 3230 enim
1116 3173 1232 3231 vocant
1260 3162 1473 3231 Mathematici
1553 3162 1554 3205 l

325 3268 440 3335 horum
456 3269 680 3336 correlatorum
703 3278 894 3357 quantorum
915 3268 1093 3335 utrumvis:
1108 3264 1214 3355 Ὅρος
1235 3268 1353 3355 (inquit
1367 3268 1473 3334 Theon

326 3370 527 3461 Smyrnaeus)
548 3368 566 3436 ὅ
585 3369 625 3438 τὸ
636 3369 708 3439 καθ’
724 3370 862 3438 ἕκαστον
876 3369 1066 3459 ἀποφαίνων
1081 3368 1198 3455 ἰδίωμα
1212 3374 1278 3437 τῶν
1290 3370 1471 3455 λεγομένων,

327 3474 395 3543 olor
413 3472 558 3565 spreta,
578 3473 721 3559 μέγεθος,
743 3472 883 3558 δύναμις,
906 3472 1008 3557 ὄγκοι,
1029 3472 1141 3561 βάρος.
1191 3474 1355 3542 Testem
1368 3472 1476 3561 estqui

316 3579 512 3670 pecalabrem
528 3578 683 3646 dictorem
701 3590 859 3657 nonarum,
877 3600 932 3643 seu
941 3578 1170 3666 prcpn‘etatena
1186 3580 1349 3666 exprimit,
1367 3592 1404 3645 et
1420 3602 1472 3642 aa·

324 3707 437 3764 maa,
464 3680 659 3770 mopaa‘tudo,
684 3680 788 3763 moles,
812 3680 961 3769 pondua:
990 3680 1037 3747 Et
1058 3678 1137 3749 alibi
1158 3680 1284 3763 clarius,
1302 3678 1473 3771 Ὀρονςδὲ

324 3786 462 3872 λέγομεν
474 3783 519 3851 τὰ
532 3783 678 3868 ὁμογενῆ,
694 3782 716 3865 ἢ
732 3780 861 3867 ὁμοειδῆ
875 3782 1110 3868 λαμβανόμενα
1126 3782 1170 3855 eis
1190 3783 1376 3872 σύγκρισιν·
1405 3780 1472 3849 Ter·
1553 3774 1554 3861 l

323 3892 423 3958 minos
436 3889 572 3956 ἅίσιιιιιιι
586 3912 655 3976 prus
666 3910 736 3955 eum
747 3910 858 3975 qaaere
874 3886 925 3953 oet
936 3889 1037 3975 specie
1049 3888 1238 3969 masmana
1258 3888 1294 3954 ιἰι
1313 3908 1472 3976 compare·

324 3995 436 4059 tionem
452 3990 687 4060 adaomaatar¹.
1553 4010 1554 4017 ¹

825 4118 834 4153 ¹
853 4120 914 4186 Cap.
928 4131 973 4172 xx.
1085 4174 1094 4191 l

377 4426 449 4486 Such
468 4427 626 4487 definitione
643 4446 691 4487 are
708 4432 799 4503 rarely
816 4434 849 4489 of
861 4449 919 4489 use.

376 4514 441 4569 'l'wo
456 4513 539 4569 kinds
554 4516 585 4570 ol
598 4517 675 4584 ratio,
693 4518 887 4575 Arithnretlcal
902 4518 957 4574 and
974 4518 1165 4575 Geometrlcal.
