3167 5192
418 367 481 438 192
736 385 922 438 rucrrovus
943 385 1200 438 euounmmnu
1335 363 1440 456 [nuci.
1449 381 1488 430 vv.

253 561 310 626 Fu·
325 561 364 614 rs.
417 555 620 640 generatione
641 554 739 621 simul
758 555 924 623 universas
946 555 1067 642 elicere,
1089 579 1203 645 quam
1229 554 1276 620 de
1297 551 1446 640 singulis,
1463 557 1493 614 ut

416 655 536 746 passim
557 656 627 722 fieri
644 657 733 738 solet,
749 657 892 745 singulas
914 659 1084 748 separatim
1105 657 1326 741 ostendere).
1371 654 1493 720 Notetru

416 760 544 842 interea
560 760 646 848 quod
662 761 828 828 brevitatis
842 769 937 828 cause
950 773 1071 830 motum
1086 762 1302 852 parallelum
1315 756 1496 824 uniformem

415 872 508 930 rectu
528 865 595 930 ΑΖ
609 888 666 953 per
684 865 760 930 AY
767 865 933 953 appellabo
957 865 1092 932 subinde
1106 879 1240 932 motum
1268 877 1498 938 namnum

416 965 527 1052 puncti
547 989 621 1032 vcro
636 967 793 1033 moventis
817 969 858 1034 ab
878 968 912 1033 A
934 968 968 1033 in
991 968 1078 1034 linet
1098 969 1172 1034 ΑΖ
1193 977 1338 1032 motum
1359 960 1498 1029 vocitebo

416 1069 600 1149 demon,
632 1080 689 1136 aut
721 1083 837 1136 motum
868 1071 1104 1151 descendentem,
1138 1071 1272 1136 habito
1310 1066 1438 1134 scilicet
1465 1059 1501 1125 ed

416 1171 551 1258 figuram
566 1173 744 1240 exhibitam
764 1184 926 1262 respectu:
950 1174 1027 1241 item
1038 1174 1137 1261 quod,
1153 1175 1204 1240 ob
1222 1183 1347 1238 motus
1368 1190 1427 1258 per
1441 1163 1506 1230 ΑΥ

415 1285 448 1342 et
458 1274 488 1340 ei
497 1275 664 1364 parallelas
675 1278 933 1359 uniformitatem,
949 1279 1051 1366 possit
1064 1301 1102 1344 es
1117 1301 1195 1344 cum
1214 1275 1334 1365 ipsius
1350 1269 1500 1360 partibus,

414 1382 520 1444 motis
537 1387 673 1467 tempus,
692 1389 724 1446 et
738 1382 810 1468 ejus
827 1389 932 1469 partes
949 1392 1182 1470 repraesentare.
1236 1379 1329 1448 Jam
1346 1375 1392 1442 ad
1406 1372 1502 1439 dictes

417 1481 623 1570 proprietates
638 1482 863 1570 expendendas
878 1484 1001 1552 accedo.

355 1677 363 1691 ·
481 1634 510 1703 Ι.
554 1635 628 1703 Ηοο
655 1635 749 1703 modo
778 1639 846 1726 (per
874 1647 995 1704 motum
1021 1660 1134 1726 nempe
1159 1648 1407 1704 transversum
1433 1623 1501 1693 uni-

416 1739 557 1822 formem,
584 1750 616 1807 et
644 1739 862 1808 descensivum
893 1741 1041 1809 continuo
1072 1741 1292 1824 crescentem)
1328 1731 1499 1826 progenita

414 1842 500 1909 lineo
513 1867 570 1931 per
583 1866 693 1911 omnes
707 1843 758 1910 sui
771 1855 878 1932 portes
893 1867 989 1910 curva
1004 1844 1127 1911 evadet.
1163 1843 1404 1932 Accipientur
1418 1831 1498 1901 euim

414 1943 450 2010 in
471 1945 542 2033 ipse
562 1945 625 2010 triu
645 1946 796 2033 quaelibet
817 1957 936 2034 puncta
951 1949 997 2029 M,
1013 1947 1056 2028 N,
1075 1948 1102 2014 0
1111 1974 1119 2030 ;
1143 1970 1199 2035 per
1221 1969 1309 2034 quse
1331 1941 1497 2009 nauseant

414 2044 481 2125 ΒΖ,
500 2044 562 2124 ΟΖ,
578 2046 647 2110 DZ
658 2045 700 2110 ad
718 2049 786 2112 ΑΖ
794 2047 963 2134 parallelae,
980 2057 1011 2115 et
1025 2072 1082 2137 per
1096 2059 1213 2136 puncta
1230 2049 1287 2130 M,
1306 2047 1354 2112 N
1363 2043 1498 2110 ducatu

413 2159 499 2216 recte
512 2149 626 2217 MNK.
670 2149 716 2216 Et
730 2151 806 2239 quia
820 2162 906 2220 recta
919 2154 996 2219 MN
1004 2153 1148 2241 gignitur
1162 2177 1178 2220 e
1194 2165 1295 2223 motu
1312 2141 1494 2235 composito

413 2261 592 2320 ususverso
604 2276 660 2342 per
670 2255 736 2322 Bo
749 2255 814 2342 (vel
828 2256 903 2322 huic
918 2258 1102 2346 parallelum
1114 2260 1157 2325 M
1156 2259 1198 2344 G)
1216 2269 1251 2326 et
1269 2249 1494 2324 descendente
1560 2238 1562 2285 t

412 2377 470 2445 per
487 2356 559 2440 ΑΖ,
575 2357 725 2426 uniformi
743 2370 894 2449 utroquc;
918 2372 1115 2429 transversus
1138 2373 1245 2429 eutem
1269 2383 1336 2451 per
1352 2351 1433 2424 ΜΘ
1447 2353 1492 2414 etl
1559 2340 1560 2384 ¹

412 2482 540 2547 prorsus
564 2460 649 2528 idem
675 2485 748 2529 cum
773 2473 961 2545 transverso,
986 2487 1048 2551 quo
1075 2464 1161 2530 linea
1185 2463 1364 2554 proposita
1387 2447 1492 2522 MNO
1559 2454 1561 2483 ³

415 2561 604 2632 describitur
612 2590 621 2645 3
637 2575 727 2653 petet
736 2565 935 2632 velocitatem
950 2566 1169 2633 descendentis
1184 2577 1295 2634 motus
1312 2551 1488 2630 uniformis
1559 2558 1560 2570 ¹

414 2679 531 2736 rectam
546 2667 623 2734 MN
631 2667 792 2755 gignentis
806 2668 960 2735 minorem
975 2691 1042 2736 esse
1058 2669 1235 2751 velocitate,
1251 2691 1362 2759 quam
1380 2668 1486 2729 motus

413 2772 525 2840 itidem
549 2772 751 2854 descendens,
774 2771 893 2839 lineam
915 2773 1020 2840 MNO
1039 2773 1230 2856 describens,
1246 2774 1353 2842 habet
1373 2769 1409 2834 in
1434 2759 1473 2829 N
1474 2783 1482 2837 t

417 2875 546 2960 (etenim
568 2874 631 2940 nisi
650 2884 756 2941 motus
779 2874 832 2940 hic
847 2874 984 2941 velocior
1000 2875 1069 2963 jum
1090 2875 1131 2942 sit
1151 2875 1216 2959 illo,
1233 2898 1308 2942 cum
1326 2867 1482 2940 continuo

413 2998 551 3043 crescere
572 2986 718 3064 ponatur,
741 2977 776 3042 in
800 2986 865 3044 toto
888 2987 1028 3065 tempore
1051 2975 1219 3068 descensus
1240 3002 1300 3066 per
1330 2971 1409 3044 GN
1426 2963 1481 3032 ill0

412 3077 532 3146 tardior
552 3078 673 3161 fuisset,
696 3081 837 3170 adeoque
858 3105 1020 3170 nunquam
1042 3083 1151 3150 eodem
1172 3094 1313 3172 tempore
1335 3074 1478 3170 spatium

413 3182 534 3270 equale
548 3180 761 3270 transegisset,
773 3209 832 3252 nec
846 3208 911 3251 una
925 3207 997 3252 cum
1013 3209 1049 3252 eo
1064 3187 1245 3275 pertigisset
1259 3186 1302 3252 ed
1316 3187 1478 3276 punctum

411 3287 452 3354 N
455 3287 477 3372 ς)
505 3309 580 3374 ergo
609 3296 714 3352 motus
736 3287 789 3355 hio
812 3289 979 3377 inaequalis
1005 3298 1037 3354 et
1061 3289 1236 3356 increscens
1262 3311 1320 3377 per
1346 3295 1476 3368 tempus

411 3399 516 3458 motus
530 3389 695 3458 uniformis
716 3391 991 3459 succutiuntur
1008 3394 1083 3480 (quo
1098 3415 1211 3480 nempe
1225 3393 1374 3480 gignitur
1388 3385 1476 3453 linea

376 3512 381 3520 ·
411 3494 451 3561 N
451 3494 490 3581 0)
507 3495 611 3583 majus
634 3495 773 3584 spatium
800 3495 956 3578 emetitur,
977 3519 1074 3585 quam
1095 3497 1261 3564 uniformis
1283 3509 1392 3564 motus
1417 3487 1471 3554 ἆθ-

411 3597 575 3680 scendens,
601 3620 663 3686 quo
689 3599 769 3680 MN,
797 3597 838 3664 sd
867 3600 908 3664 K
930 3609 1107 3688 protractus
1132 3599 1329 3682 describitur,
1356 3593 1470 3667 eodem

409 3711 550 3791 tempore
579 3703 658 3790 0123
687 3703 800 3791 (liquet
826 3703 914 3769 enim
940 3704 1050 3772 eodem
1076 3715 1217 3793 tempore
1243 3728 1263 3770 a
1288 3705 1408 3792 majore
1434 3691 1467 3758 Vl'

409 3816 566 3873 crescente
585 3806 689 3894 majus
709 3806 848 3894 spatium
866 3807 985 3894 peregi,
1001 3830 1097 3896 quam
1112 3831 1132 3873 a
1147 3806 1266 3874 minore
1279 3808 1465 3893 neutiquam

409 3918 567 3981 crescente
576 3910 598 3994 3)
615 3932 712 3997 quare
731 3909 818 3975 linea
838 3909 880 3974 H
880 3909 907 3977 0
922 3912 1021 3998 major
1037 3921 1085 3978 est
1099 3933 1195 4001 quum
1213 3910 1288 3976 HK
1292 3935 1300 3992 ;
1323 3909 1461 3992 adeoqm

409 4012 471 4081 tria
490 4023 610 4102 puncta
632 4013 679 4094 M,
699 4011 743 4092 N,
765 4012 875 4078 Onon
899 4013 1040 4080 existunt
1063 4015 1097 4079 in
1122 4013 1232 4080 eedem
1251 4019 1338 4080 recte
1359 4011 1458 4084 linee3

408 4116 493 4204 quod
515 4140 588 4185 cum
609 4116 712 4183 tribus
732 4115 899 4203 quibusvis
918 4115 1011 4183 lineae
1025 4116 1130 4184 MNO
1144 4116 1269 4205 punctis
1285 4112 1457 4187 conveniet,

407 4219 536 4286 abunde
558 4230 647 4309 patet
669 4242 738 4286 eam
761 4241 829 4286 esse
850 4219 968 4286 nullibi
990 4232 1117 4302 rectam,
1134 4219 1191 4286 sed
1208 4243 1265 4310 per
1284 4243 1392 4288 omnes
1411 4211 1457 4284 sui

406 4329 512 4407 partes
527 4322 732 4397 incurvatam,
748 4331 780 4390 et
798 4321 958 4390 inflexam.

471 4471 519 4540 ΙΙ.
564 4474 653 4541 Hinc
674 4477 808 4564 emergit
838 4477 1074 4563 Oorollnrium,·-
1090 4477 1240 4546 velocitas
1263 4483 1367 4546 motus
1389 4475 1457 4546 uni·
