3167 5192
91 416 189 464 netu.
208 397 275 481 in]
435 412 624 463 nnenours
645 413 921 461 narneua'rrcn.
1197 399 1260 463 149

86 588 162 653 visa
175 596 385 673 supponatur.
430 584 477 648 Et
490 583 671 649 consimiles
683 583 736 648 his
747 608 755 663 3
778 606 838 648 nec
853 584 938 648 enim
949 584 1018 670 jam
1034 605 1144 649 omnes
1158 583 1263 671 hypo-

89 691 205 756 theses
220 710 415 766 enumerare,
428 688 484 754 sed
496 688 637 776 ipsorum
650 686 808 753 duntaxat
819 686 922 752 fontes
933 687 1053 774 aperire
1067 687 1262 774 propositum

89 794 210 859 habeo.
256 790 435 879 Supersunt
449 791 515 856 alia
531 789 762 878 magnitudinis
782 790 945 871 attributa,
961 813 1032 879 quse
1050 814 1135 857 nunc
1154 814 1260 879 perse-

91 898 154 985 qui
168 908 300 985 tempus
315 906 411 962 vetat.
805 902 808 909 '

458 1114 788 1123 .-.—---..-—.---
803 1115 851 1121 —.-
860 1114 908 1121 .—

571 1252 702 1321 LEOT.
724 1253 794 1320 X?

97 1397 239 1558 CUM
259 1398 399 1463 instituti
413 1398 576 1465 discursus
590 1398 682 1465 filum
696 1422 734 1465 eo
748 1424 801 1467 me
814 1399 1012 1488 pertraxerit,
1028 1410 1065 1467 ut
1085 1400 1265 1467 Mathema-

177 1501 316 1566 ticarnm
330 1500 556 1587 hypothesium
571 1501 685 1588 gratit,
697 1501 737 1567 de
751 1502 983 1589 magnitudinis
998 1504 1218 1571 affectionibus
1233 1516 1265 1571 et

91 1604 325 1693 symptomatis
346 1605 618 1671 communioribus
640 1605 818 1693 dispiciam,
837 1615 870 1671 et
891 1605 932 1671 de
953 1606 1116 1672 nonnullis
1138 1630 1210 1694 quae
1231 1630 1265 1673 se

91 1710 240 1798 primum
264 1710 445 1797 objecerant
473 1708 708 1795 (terminatione
730 1708 892 1784 nimirum,
917 1709 1112 1789 extensione,
1136 1732 1266 1798 compo-

90 1813 225 1893 sitione,
241 1812 474 1896 dirisibilitate)
492 1835 550 1900 pro
563 1835 669 1878 rerum
684 1811 843 1899 dignitate
859 1835 970 1901 pauca,
986 1836 1043 1899 pro
1064 1822 1171 1879 nostro
1192 1837 1267 1901 pro-

91 1915 204 2003 posito
217 1915 297 1981 setis
309 1915 411 1981 multa
424 1914 635 1994 disseruerim,
652 1925 795 2002 superest
816 1925 852 1980 ut
873 1915 997 2002 reliqua
1019 1915 1169 2004 deinceps
1193 1940 1265 2003 per·

92 2022 266 2107 stringam,
281 2020 517 2109 occupationem
534 2020 640 2107 spatii,
655 2019 846 2107 positionem
861 2020 1111 2100 determinatam,
1128 2020 1260 2086 mobili-

92 2136 206 2198 tatem,
221 2123 535 2202 mensurabilitatem,
550 2123 795 2211 proportionem,
811 2134 844 2189 et
862 2124 954 2210 siqua
973 2124 1164 2189 occurrerint
1185 2123 1262 2203 alia,

97 2227 140 2292 de
162 2225 282 2313 quibus
302 2224 523 2291 Mathematici
541 2224 739 2312 depromunt,
756 2236 812 2290 aut
830 2225 973 2311 legitime
992 2226 1174 2313 depromere
1192 2249 1266 2315 pos-

100 2339 188 2410 sunt,
202 2329 398 2417 hypotheses
412 2328 586 2394 ratiociniis
601 2328 668 2393 suis
683 2328 946 2394 accommodatos.

168 2435 336 2523 Imprimis
354 2434 570 2521 magnitudini
588 2434 669 2500 solet
685 2434 818 2500 attribui
838 2434 924 2522 quod
944 2444 1076 2521 occupet
1096 2445 1128 2499 et
1145 2433 1267 2522 repleat

102 2540 255 2628 spatium.
294 2537 381 2617 Quid
394 2560 469 2604 vero
483 2537 526 2602 sit
539 2537 601 2603 hoc
614 2538 754 2624 spatium
770 2536 899 2603 difficile
914 2537 957 2601 sit
972 2558 1139 2624 exponere.
1182 2537 1267 2603 Nam

102 2670 144 2710 au
158 2645 254 2709 detur
267 2666 367 2708 necne
381 2643 519 2731 spatium
534 2641 665 2731 aliquod
683 2643 725 2708 ab
745 2641 817 2730 ipat
836 2664 940 2708 rerum
963 2641 1183 2727 magnitudine
1203 2642 1268 2709 dis-

103 2749 252 2826 tinctum,
268 2746 296 2811 si
310 2746 363 2811 rel
377 2745 419 2811 ad
432 2754 602 2833 conceptus
616 2746 766 2832 vulgares
783 2743 995 2825 attendamus,
1012 2756 1067 2811 aut
1086 2745 1268 2812 subtiliores

105 2850 376 2937 Philosophorum
397 2848 597 2915 excutiamus
619 2848 801 2929 sententias,
823 2848 909 2914 haud
932 2847 966 2912 in
988 2848 1121 2935 proclivi
1145 2848 1187 2914 sit
1204 2860 1268 2915 sta·

105 2966 212 3033 tuere3
234 2950 315 3017 adeo
329 2962 543 3037 repugnantes
560 2950 725 3017 sententiae
745 2974 817 3016 cum
838 2950 989 3038 speciosis
1008 2952 1153 3019 nituntur
1173 2975 1268 3041 argu-

107 3058 232 3137 mentis,
248 3068 318 3121 tum
332 3056 484 3143 gravibus
499 3055 605 3142 urgeri
619 3054 768 3121 ridentur
781 3054 1000 3122 incommodis.

169 3159 336 3247 Imprimis
355 3158 481 3225 nullum
500 3183 521 3224 a
536 3159 631 3225 rebus
650 3159 779 3247 quantis
798 3165 907 3225 revert
927 3158 1112 3225 distinctum
1133 3160 1269 3227 existere

110 3264 245 3351 spatium
261 3263 326 3328 ista
338 3262 487 3329 ridentur
501 3284 632 3348 arguere
647 3262 724 3327 satis
738 3262 914 3330 manifeste.
949 3262 1068 3344 Prim0,
1084 3262 1169 3350 quod
1184 3264 1212 3329 si
1227 3264 1269 3330 sit

111 3366 343 3453 improductnm
357 3375 390 3431 et
403 3365 628 3453 independens,
645 3376 859 3453 aeternumque
876 3367 1007 3454 proinde
1026 3378 1058 3433 et
1077 3368 1268 3433 immensum

113 3469 152 3533 sit
165 3479 290 3556 oportet
306 3471 393 3554 (narn
406 3480 617 3557 preterquam
631 3468 718 3557 quod
732 3492 751 3534 a
766 3469 860 3558 spatii
875 3468 968 3534 realis
983 3468 1190 3535 assertoribus
1206 3467 1269 3535 talc

114 3570 295 3661 plerumque
309 3572 484 3659 concipitur
497 3584 530 3638 et
544 3573 741 3661 supponitur,
758 3573 786 3637 si
801 3571 864 3638 tale
878 3594 942 3637 non
958 3570 999 3637 sit
1013 3570 1149 3637 cessabit
1167 3571 1270 3637 omnis

115 3676 200 3757 ratio,
221 3686 349 3764 propter
367 3699 465 3763 qnam
484 3676 554 3743 dari
573 3686 778 3765 supponatur,
794 3688 831 3741 ut
848 3675 917 3762 ejus
933 3674 1143 3740 constituendi
1159 3696 1270 3741 causas

117 3780 305 3868 expendenti
324 3780 470 3868 liquebit)
492 3780 582 3869 atqui
603 3780 672 3846 dari
690 3780 768 3868 quid
789 3781 979 3847 eximiorum
1000 3778 1132 3845 istorum
1153 3778 1270 3845 divinae

119 3893 233 3948 nature
255 3882 478 3948 attributorum
499 3883 664 3971 particeps,
685 3906 705 3947 a
726 3882 795 3949 Deo
818 3904 943 3969 quoque
964 3903 1028 3947 non
1050 3890 1189 3947 creatum
1212 3903 1270 3947 nec

121 3983 302 4072 dependens,
322 3994 389 4051 tam
405 3996 497 4052 rectae
517 3985 631 4051 rationi
651 3985 837 4074 discrepare,
853 4008 948 4073 quam
969 4008 988 4050 e
1007 3984 1123 4072 pietate
1143 3982 1270 4051 videtur

124 4086 289 4154 abhorrere.

171 4272 187 4305 ⁴
201 4270 288 4327 Other
298 4272 449 4329 attributes
459 4273 491 4329 of
500 4272 682 4330 Geometrical
694 4274 879 4344 Magnitudes.
984 4288 992 4335 f

174 4364 196 4411 ¹·
227 4358 302 4429 Ther
312 4376 415 4432 owner
426 4378 514 4432 now·

174 4442 254 4500 What
264 4445 288 4499 is
301 4449 403 4516 opacet
438 4448 610 4516 Argumenta
621 4448 730 4518 againm
741 4449 779 4503 its
790 4448 905 4521 reality:

174 4530 218 4602 (1)
252 4532 282 4587 u
290 4532 314 4589 it
325 4532 361 4589 bo
372 4533 567 4606 independent,
579 4536 604 4591 it
613 4536 663 4593 has
674 4540 722 4593 too
733 4538 815 4593 much
827 4538 858 4593 of
866 4538 913 4595 tho
926 4538 1017 4594 divine
1029 4538 1185 4595 attributos.
