3167 5192
298 359 341 426 56
644 371 831 422 nsurrouns
854 371 1125 422 aequanimes.
1274 354 1381 440 [aran.
1399 373 1462 420 111.

297 549 440 638 oportet?
487 545 649 634 &mallem
669 569 732 612 nou
753 542 871 631 mipace
891 555 936 610 eat
956 541 1178 631 duomantala
1230 541 1327 630 Vulgo
1339 544 1463 632 puppa

298 675 414 730 eoram,
429 673 497 737 qaam
510 649 647 716 berneris
662 650 890 737 exprimuntur,
905 648 1041 714 animes
1060 646 1259 713 dinumerant
1276 647 1462 734 dampnatas,

299 755 397 822 veluti
406 753 468 820 dno
482 766 596 834 maun,
611 753 672 820 duo
686 753 773 819 boves
778 777 796 835 ,⁰
816 764 846 818 et
859 751 922 817 duo
935 752 1053 838 mmuh
1066 775 1120 816 aaa
1136 751 1280 832 minure,
1294 775 1350 818 aaa
1361 754 1464 818 aaa

298 859 441 926 maimo
457 857 604 934 omnium.
647 857 759 922 Verum
771 853 956 944 philosophi
973 878 1136 942 anquam
1153 855 1218 920 abta
1239 869 1463 944 mmqrrnntw,

299 963 368 1028 arsi
379 964 449 1050 qais
463 961 612 1028 enimtem
625 959 784 1048 magudam
794 958 939 1046 partim
952 946 1193 1044 mnguba'ultari
1210 959 1331 1025 unito&
1340 983 1466 1047 posue-

300 1068 346 1132 rit
360 1065 517 1153 equalem.
555 1063 609 1130 Ita
622 1062 716 1129 Plato
730 1084 880 1128 numeros
893 1061 982 1142 istos,
998 1084 1041 1128 ex
1054 1061 1233 1129 unitatibus
1243 1062 1465 1149 inaequalibus

299 1169 461 1250 conflatos,
485 1167 527 1236 ad
551 1167 669 1254 vulgus
693 1166 806 1252 rejicit,
830 1164 911 1230 alios
934 1164 1144 1254 philosophis,
1169 1166 1232 1232 hoe
1253 1176 1303 1232 est
1327 1164 1466 1232 Matho·

299 1272 434 1354 matieis,
451 1271 631 1359 adjudicat3
654 1269 688 1336 id
703 1269 789 1356 quod
802 1267 908 1334 forsan
929 1291 972 1334 ex
991 1267 1224 1356 antiquioribus
1243 1267 1466 1356 Pythagoreis

299 1377 502 1446 observatum
517 1375 675 1455 hanserit3
698 1383 736 1439 ut
750 1374 883 1440 innuere
896 1372 1023 1439 videtur
1041 1372 1241 1453 Aristoteles,
1255 1397 1298 1439 ex
1317 1372 1466 1453 illorum,

300 1481 421 1570 opinor,
442 1477 599 1546 sententia
620 1477 828 1566 proloquens:
851 1474 910 1541 Ἐν
928 1474 993 1564 «γὰρ
1015 1478 1063 1563 τῷ
1083 1475 1313 1564 Μαθηματικῷ
1329 1475 1468 1565 ἀριθμῷ

300 1585 391 1653 οὐδὲν
404 1583 550 1673 διαφέρει
563 1580 693 1665 οὐδεμία
709 1578 809 1664 μονὰς
824 1578 917 1666 ἑτέρα
930 1578 1065 1665 ἑτέρας’.
1096 1578 1182 1646 Euae
1195 1578 1467 1646 Mathematicus

299 1711 475 1769 numerum,
491 1709 626 1773 eumque
640 1707 681 1752 ex
696 1683 828 1750 minime
843 1682 1023 1771 disparibus
1038 1682 1121 1748 inter
1133 1705 1168 1748 se
1187 1681 1362 1749 unitatibus
1378 1705 1467 1750 eon·

300 1793 458 1860 stitutum.

368 1893 483 1961 sedat
499 1892 603 1958 adhue
622 1915 688 1958 rem
708 1889 855 1979 proprius
869 1889 1027 1978 attingam
1035 1913 1046 1971 ;
1069 1900 1103 1957 et
1115 1890 1222 1979 ipsum
1235 1889 1466 1957 oontroversiae

300 1999 391 2088 quasi
402 1997 552 2086 jugulum
567 2005 684 2084 petam.
722 2004 750 2064 5.
773 1995 1006 2062 Animaduerto
1020 2004 1055 2061 et
1068 2017 1183 2074 assero,
1199 1993 1293 2074 Quod
1305 2015 1465 2062 numerus

301 2100 547 2168 Mathematicus
572 2097 709 2185 (qualem
731 2121 810 2164 mox
831 2097 1066 2186 descripsimus,
1085 2105 1119 2164 et
1139 2097 1179 2164 de
1199 2119 1263 2184 quo
1281 2098 1465 2185 praesertim

301 2227 477 2271 sermonem
492 2201 701 2284 instituimus)
719 2201 779 2267 etsi
794 2201 919 2290 possint
940 2201 1037 2268 etiam
1055 2224 1127 2288 quae
1148 2200 1293 2267 dicentur
1313 2223 1369 2288 per
1384 2201 1466 2288 jus·

301 2317 368 2374 tam
383 2305 563 2393 analogiam
580 2304 848 2371 transcendentali
867 2327 993 2392 quoque
1011 2326 1143 2371 numero
1161 2304 1380 2397 quadantenus
1401 2329 1465 2394 ap-

301 2408 422 2500 plicari,
438 2417 593 2496 quatenus
607 2417 729 2473 naturae
743 2406 991 2487 similitudmem
1004 2406 1107 2472 veluti
1120 2405 1266 2493 quaedam
1280 2406 1463 2494 aequalitas,

301 2526 358 2582 aut
372 2514 475 2581 affinis
490 2511 687 2602 aequalitati)
705 2511 801 2599 quod,
813 2511 954 2599 inquam
968 2533 1120 2577 numerus
1130 2510 1378 2576 Mathematicus
1391 2535 1463 2578 non

302 2619 345 2687 sit
366 2620 475 2708 aliqua
495 2641 545 2684 res
567 2616 771 2684 existentiam
793 2614 915 2680 habeus
937 2614 1001 2680 sibi
1022 2613 1191 2701 propriam,
1206 2625 1240 2680 et
1259 2620 1372 2681 revere
1391 2614 1463 2682 ‹lis-

301 2723 434 2788 tinctam
450 2745 469 2785 a
483 2719 703 2806 magnitudine
717 2740 815 2804 quam
834 2714 1027 2797 denominat,
1043 2717 1100 2784 sed
1119 2716 1220 2804 ipsius
1238 2718 1464 2784 tantummodo

301 2822 531 2910 magnitudinis
546 2831 630 2887 certo
645 2831 738 2908 pacto
752 2819 957 2886 consideratae
974 2830 1052 2886 nota
1070 2819 1217 2908 quaedam
1236 2819 1290 2886 vel
1309 2820 1463 2907 signum

302 2935 458 3012 quatenus
472 2922 531 2988 illa
544 2922 694 2988 nimirum
714 2944 734 2986 a
755 2932 861 2988 mente
880 2928 988 2988 nostrt
1006 2922 1183 3010 ooneipitur
1199 2922 1251 2989 uel
1271 2934 1308 2988 ut
1329 2946 1464 3011 prorsus

303 3027 522 3115 incomposita,
547 3026 601 3092 vel
625 3035 662 3094 ut
687 3026 862 3114 composita
886 3026 981 3093 certis
1008 3049 1051 3093 ex
1080 3026 1225 3114 partibus
1253 3025 1463 3113 homogeneis

303 3130 478 3218 aequalibus
496 3130 641 3216 (quarum
656 3129 791 3216 singulae
806 3129 1026 3218 oonoipiuntur
1039 3129 1265 3216 inoompositae,
1280 3138 1313 3194 et
1325 3132 1464 3198 unitatis

303 3233 432 3300 nomine
447 3233 613 3318 donantur)
631 3232 684 3300 vel
698 3243 735 3300 ut
748 3233 904 3300 rationem
918 3233 1055 3300 innuens
1069 3233 1112 3300 ad
1126 3233 1206 3300 alias
1220 3233 1463 3320 magnitudines

303 3336 414 3404 itidem
436 3346 520 3402 certo
541 3335 636 3402 modo
657 3336 859 3424 compositas.
902 3335 1035 3402 Etenim
1054 3345 1092 3402 ut
1113 3337 1198 3402 hune
1218 3347 1362 3404 nostrum
1383 3359 1464 3403 eon·

303 3451 430 3530 ceptum
453 3462 660 3529 exponamus,
690 3451 723 3506 et
748 3439 953 3520 declaremus,
980 3439 1234 3527 magnitudinem
1259 3440 1356 3506 istam
1380 3441 1462 3508 uerti

303 3545 425 3612 numeri
440 3543 595 3612 vocabulo
609 3543 662 3609 vel
677 3542 855 3609 charactere
874 3541 1096 3630 designamus3
1119 3544 1176 3632 qui
1196 3544 1330 3633 proinde
1345 3567 1462 3611 nume·

303 3671 358 3716 rus
380 3647 464 3714 nihil
488 3655 537 3714 est
562 3645 651 3712 aliud
675 3668 772 3733 quam
798 3668 914 3712 nomen
938 3658 995 3712 aut
1019 3647 1201 3734 symbolum
1227 3647 1463 3734 magnitudinis
1576 3716 1577 3725 ,

304 3753 396 3820 istius
417 3751 523 3819 taliter
547 3749 787 3838 apprehensam.
831 3747 913 3815 Hae
937 3749 1094 3837 generalis
1119 3760 1315 3831 astantum,
1339 3751 1401 3832 vis,
1427 3762 1462 3820 et
1576 3746 1577 3837 i

303 3857 384 3924 ratio
405 3855 529 3922 numeri
551 3852 788 3920 Mathematici:
820 3849 941 3918 Verum
962 3853 1131 3941 specialius
1152 3854 1289 3944 quilibet
1308 3877 1462 3922 numerus

306 3961 456 4047 (effabilis
470 3969 527 4027 aut
540 3957 703 4028 rationalis
717 3977 813 4046 quem
827 3957 953 4042 vocant)
966 3956 1174 4046 distinguitur
1187 3981 1226 4025 ae
1239 3959 1462 4027 internoseitur

735 4111 746 4145 ¹
763 4086 822 4163 ue.
834 4123 885 4163 111.
897 4129 952 4179 eap.
965 4111 990 4163 6.

358 4311 399 4372 (5)
430 4307 457 4363 A
469 4305 673 4364 mathematieal
684 4307 802 4364 number
817 4306 843 4364 is
860 4311 910 4364 not
926 4306 1059 4377 anything
1072 4305 1162 4362 uhieh
1172 4303 1224 4361 has
1234 4321 1253 4360 a
1263 4319 1364 4375 proper
1375 4302 1461 4360 exist·

305 4391 444 4465 meabat
455 4393 545 4463 onlya
556 4393 635 4448 mark
646 4409 678 4449 or
689 4393 750 4464 sign
762 4395 820 4450 ota
829 4393 992 4465 magnitude
1002 4392 1165 4450 oonuderad
1176 4391 1206 4448 in
1216 4407 1235 4448 a
1244 4389 1351 4448 normis
1360 4405 1428 4459 way.

376 4479 403 4536 Ν
403 4479 556 4536 umeratiou
567 4477 592 4535 is
603 4479 639 4548 by
652 4479 797 4550 Addition,
807 4497 839 4536 as
851 4479 990 4536 Aristotla
1000 4495 1071 4549 says
