3167 5192
323 405 386 473 138
656 420 841 471 nncrronns
864 420 1139 474 nrrnnnnrrcn.
1306 407 1419 492 [naor.
1437 423 1479 471 rx.

323 591 530 679 superficiem,
551 591 615 657 nisi
629 614 688 657 cen
701 591 921 678 pavimentum
941 592 1026 658 intra
1039 591 1158 660 limbos
1173 614 1247 659 suos
1266 601 1480 671 constratum

323 718 388 763 non
408 718 530 784 corpus,
552 696 644 761 aliter
661 718 757 782 quam
775 705 812 761 ut
837 696 1016 780 (vasculum
1039 697 1106 779 aut)
1132 719 1288 777 cameram
1305 718 1382 761 snos
1404 696 1481 760 intra

323 796 458 884 parietes
481 795 604 881 aliquid
622 794 894 884 complectentem.
939 796 1036 863 Tales
1060 799 1147 863 enim
1169 797 1263 865 nobis
1285 797 1481 885 experientia

325 900 550 967 similitudines
572 923 610 965 ac
629 900 727 966 idaeas
747 901 890 987 suggerit
905 902 1174 987 magnitudinum.
1218 902 1290 968 Nec
1304 926 1399 969 secus
1414 902 1482 967 alir'c

325 1004 431 1093 [ipsis]
451 1002 521 1071 κατ’
537 1001 714 1087 ἀναλογίαν
730 1004 859 1091 quantis
879 1004 976 1070 etiam
992 1028 1048 1071 suo
1063 1006 1158 1071 modo
1174 1006 1325 1071 convenit
1340 1006 1482 1071 extensio

324 1107 562 1194 qualiscunque.
606 1106 692 1171 Nam
714 1107 797 1171 inter
817 1107 885 1173 rim
907 1108 964 1173 uni
986 1107 1076 1173 librae
1106 1108 1288 1175 attollendae
1309 1132 1434 1197 parem,
1456 1121 1482 1175 et

323 1209 413 1275 illam
428 1234 501 1298 quae
516 1211 624 1277 decem
640 1210 737 1276 libras
752 1220 857 1297 potest
872 1210 1003 1291 elevare,
1020 1212 1126 1278 media
1136 1212 1222 1297 jacet
1237 1213 1385 1299 potentia
1395 1212 1481 1292 duas,

214 1380 222 1391 ,
324 1322 397 1393 tres,
409 1312 467 1381 &c
480 1313 579 1379 libras
593 1312 725 1378 evehere
737 1312 866 1391 valens3
883 1313 967 1379 unde
978 1313 1103 1401 pondus
1115 1336 1172 1378 suo
1183 1314 1278 1379 modo
1290 1315 1481 1380 extenditur.
1565 1377 1566 1380 ,

323 1414 370 1483 Et
378 1416 460 1483 inter
469 1416 554 1496 anni,
564 1415 690 1489 mensis,
700 1414 774 1494 dici,
784 1415 880 1496 horae,
891 1414 934 1481 τὰ
942 1419 997 1482 νῦν
1005 1416 1142 1503 primum
1152 1440 1188 1481 ac
1196 1416 1348 1483 ultimum
1360 1418 1483 1483 duratio
1564 1405 1566 1424 ³

324 1520 470 1606 quaedam
492 1502 669 1599 intercedit,
691 1517 790 1605 juxta
812 1541 908 1605 quam
930 1528 1055 1606 tempus
1078 1518 1273 1585 extenditur.
1318 1520 1371 1584 Ac
1405 1520 1483 1586 inter

323 1629 429 1689 motus
449 1622 577 1689 initium
597 1629 628 1685 et
643 1621 739 1687 finem
754 1620 896 1687 medium
916 1620 1070 1709 quiddam
1086 1621 1218 1687 decurso
1234 1621 1338 1709 spatio
1353 1646 1483 1711 respon·

324 1726 403 1791 dens
422 1728 517 1813 jacet.
561 1724 695 1791 Numeri
716 1747 791 1790 vero
812 1724 923 1791 cadem
945 1733 1003 1804 est,
1024 1747 1094 1811 quae
1117 1724 1361 1811 magnitudinis,
1387 1748 1481 1811 quam

324 1827 506 1895 denominat
527 1838 560 1893 et
581 1836 793 1914 repraesentat,
818 1826 981 1907 extensi03
1004 1826 1146 1892 binarius
1169 1826 1290 1893 scilicet
1311 1850 1375 1914 quo
1399 1827 1482 1894 linea

322 1931 509 2016 bipalmaris
529 1931 727 2016 exprimitur,
749 1930 882 1995 duorum
907 1930 949 1995 ad
970 1930 1146 2019 palmorum
1166 1930 1401 2017 longitudinem
1424 1954 1481 1996 ex·

323 2033 483 2113 tenditur3
507 2033 649 2100 binarius
665 2056 728 2121 quo
742 2034 907 2120 bijugerus
928 2056 1004 2120 ager
1023 2030 1160 2113 effertur,
1180 2034 1222 2099 ad
1236 2034 1370 2099 duorum
1386 2036 1482 2122 juge-

323 2160 394 2203 rum
408 2136 611 2201 latitudinem
626 2138 849 2225 exporrigitur.
896 2135 980 2202 Cum
1002 2136 1101 2223 igitur
1121 2160 1163 2203 ex
1183 2138 1388 2224 conceptibus
1408 2162 1479 2204 nos-

323 2241 382 2306 tris
401 2241 443 2305 ab
460 2240 657 2328 experientia
676 2240 854 2326 desumptis
874 2238 952 2305 satis
976 2250 1116 2326 apparet,
1136 2263 1262 2307 omnem
1286 2242 1480 2327 magnitudi-

323 2366 397 2409 nem
417 2354 449 2409 et
463 2343 673 2430 quantitatem
693 2342 893 2429 aliquatenus
916 2364 1041 2409 omnem
1065 2343 1205 2423 extendi,
1225 2344 1335 2409 iicebit
1355 2344 1479 2411 Mathe-

322 2448 449 2515 maticis
463 2448 546 2512 hanc
560 2469 745 2534 supponere,
764 2467 908 2532 quasque
926 2454 1058 2533 possunt
1074 2446 1115 2510 ab
1135 2450 1173 2511 aa
1193 2448 1359 2535 supposita
1374 2471 1479 2514 conse-

323 2552 470 2639 quentias
489 2552 618 2618 elicere:
641 2545 858 2635 valebuntque
881 2572 912 2614 v.
930 2572 962 2634 g.
983 2548 1063 2613 tales
1085 2548 1298 2635 hypotheses:
1322 2550 1406 2617 inter
1426 2552 1477 2617 de-

324 2657 450 2741 signata
469 2665 588 2743 puncta
602 2661 745 2719 sumatur
759 2651 866 2716 media
880 2651 982 2716 linea:
1006 2650 1089 2716 inter
1104 2652 1266 2739 expositas
1280 2652 1383 2719 lineas
1396 2656 1477 2742 jacet

322 2760 429 2827 media
450 2758 649 2846 superficies:
676 2755 760 2820 inter
782 2754 963 2841 superficies
985 2762 1143 2820 extremas
1166 2756 1363 2844 concipiatur
1385 2758 1475 2823 inter·

319 2862 397 2948 jecti
416 2862 554 2946 corporis
574 2858 715 2945 aliquid:
739 2858 822 2923 inter
843 2856 906 2922 duo
926 2856 1079 2922 instantia
1099 2858 1195 2923 medii
1216 2860 1369 2947 temporis
1389 2861 1475 2947 qnid-

322 2961 396 3025 dam
418 2961 632 3046 intelligatur:
656 2960 739 3025 inter
760 2958 822 3024 duo
841 2966 1002 3025 momenta
1018 2969 1155 3045 ponatur
1174 2959 1297 3045 aliquid
1315 2960 1475 3048 intercepti

322 3061 489 3151 ponderis:
520 3064 602 3128 inter
624 3062 703 3126 duos
725 3062 877 3128 terminos
899 3060 1022 3148 aliquid
1043 3061 1222 3149 porrigatur
1244 3063 1473 3130 intercurrentis

322 3173 437 3229 motus.
482 3162 528 3229 Et
541 3162 697 3250 ejusmodi
713 3163 835 3250 quaevis
857 3162 1064 3231 adsumantur
1084 3162 1171 3229 haud
1190 3162 1313 3233 illicitae
1335 3165 1473 3254 supposi-

321 3269 433 3335 tiones
481 3266 545 3335 Sed
560 3266 598 3332 de
613 3265 812 3332 Extensiouc
826 3266 989 3333 hactenus.

388 3371 453 3438 III.
492 3371 587 3438 Illam
603 3371 807 3457 consequitur
821 3370 920 3435 altera
938 3369 1171 3457 magnitudinis
1191 3371 1327 3453 affectio,
1344 3371 1473 3459 Compo-

321 3481 414 3563 sitio;
435 3482 496 3547 hoc
510 3491 567 3560 cst,
583 3478 670 3565 quod
683 3476 872 3563 magnitudo
888 3477 1028 3543 continet
1041 3476 1077 3541 in
1091 3500 1125 3543 se
1140 3478 1274 3559 diversa,
1290 3478 1344 3545 rel
1358 3488 1472 3546 constat

321 3610 362 3653 ex
375 3586 438 3653 alio
449 3609 485 3650 ac
497 3584 570 3649 alio.
600 3581 687 3647 Nam
698 3580 849 3669 quoniam
861 3580 1052 3661 extenditur,
1065 3592 1097 3647 et
1110 3580 1227 3647 distant
1242 3582 1312 3670 ejus
1327 3594 1470 3660 masma,

320 3712 385 3754 non
403 3684 667 3764 esttotasimu13
690 3684 777 3766 unde
799 3681 959 3768 designari
980 3692 1087 3769 potest
1109 3682 1197 3749 aliud
1218 3696 1312 3773 atque
1335 3684 1420 3751 aliud
1439 3683 1470 3747 in

200 3807 201 3810 ’
319 3792 408 3879 ipsa;
432 3790 572 3876 adeoque
589 3786 790 3875 componitur
811 3808 852 3850 ex
873 3785 937 3852 alio
957 3807 994 3851 ac
1014 3785 1087 3867 alio,
1104 3787 1165 3853 hoc
1185 3797 1234 3853 est
1253 3812 1295 3855 ex
1314 3788 1469 3877 partibns;

319 3918 394 3958 nam
416 3891 605 3979 magnitudo
624 3900 781 3977 quatenus
802 3888 1001 3975 componitur
1020 3912 1038 3954 e
1059 3889 1193 3956 dirersis
1211 3890 1247 3956 in
1265 3897 1303 3957 eb
1322 3889 1469 3957 contentis

319 3996 436 4060 dicitur
456 4005 569 4075 totum,
589 3994 652 4058 ista
669 4015 743 4057 vero
765 3990 892 4054 diversa
913 4002 1018 4077 partes
1040 3992 1249 4078 appellantur.
1295 3992 1369 4059 Pari
1382 3990 1469 4058 modo

320 4119 393 4162 cum
411 4096 538 4182 singula
556 4096 711 4161 dictarum
731 4092 870 4182 partium
891 4116 955 4158 non
976 4094 1019 4158 sit
1038 4105 1106 4159 tota
1125 4096 1231 4179 simul,
1256 4099 1342 4182 (nam
1362 4096 1388 4161 si
1407 4104 1467 4161 tots

371 4358 408 4413 So
418 4357 456 4428 by
466 4358 582 4429 analogy
593 4360 744 4418 Extendon
755 4363 861 4436 applies
872 4368 902 4420 to
914 4366 995 4420 other
1006 4363 1088 4420 kinds
1104 4363 1135 4419 of
1147 4362 1290 4434 quantity;
1307 4362 1386 4431 force,
1396 4360 1464 4421 time,

318 4445 443 4501 number.
481 4445 657 4502 Iraadalr'ic
667 4450 711 4504 for
721 4450 797 4520 ipsis.

370 4532 428 4588 III.
464 4530 658 4601 composition.
694 4533 843 4590 Extamion
855 4538 879 4591 is
890 4538 1086 4605 compararint
1096 4537 1127 4592 of
1135 4538 1220 4606 parts.
