3167 5192
121 427 233 476 cnon.
251 410 371 495 nvnc]
482 426 668 477 anemonas
690 427 966 481 uuuunnsmcn.
1237 420 1299 486 291

124 596 205 662 sint
218 596 304 663 inter
319 619 364 678 se,
379 597 432 665 vel
450 621 527 685 erga
544 598 677 683 radium,
684 600 795 667 circuli
809 610 864 668 ant
882 600 1024 689 sphaerae,
1040 601 1157 689 quibus
1171 601 1302 669 i'nsc'ribi

125 709 275 787 possunt
302 700 373 767 istae
402 701 524 787 figurae,
549 702 779 789 investigatur3
810 703 882 790 quis
907 725 1049 791 unquam
1075 705 1199 771 censuit
1223 706 1300 772 istas

125 813 241 869 rectas
260 802 372 885 lineas,
392 827 450 872 seu
468 805 569 872 latera
587 806 771 892 figurarum,
787 829 860 873 cum
879 806 959 895 ipsis
978 807 1089 895 figuris
1108 808 1175 875 suis
1193 810 1299 897 quoad

124 906 294 973 rationem
314 908 513 996 comparari?
533 909 692 975 neminem
712 909 867 976 existimo·
882 931 919 975 eo
940 909 1105 997 imperitiae
1119 911 1297 979 accessisse.

127 1009 177 1076 Id
194 1020 305 1077 tamen
320 1010 392 1077 vult
410 1010 533 1077 Remus
552 1021 608 1077 aut
625 1012 718 1087 nihil,
734 1012 775 1079 ad
792 1035 858 1078 rem
874 1022 957 1079 certe
972 1014 1020 1079 nil
1037 1014 1126 1082 aliud
1145 1004 1303 1102 quantuni

127 1136 291 1201 assequor
309 1113 486 1200 intelligere
499 1123 613 1201 potest
659 1113 740 1193 Quis
759 1114 856 1180 etiam
874 1138 1025 1203 unquam,
1045 1117 1103 1183 illo
1123 1120 1298 1206 supposito,

126 1214 285 1281 lunulam
305 1214 521 1302 Hippocratis,
535 1215 673 1302 figuram
694 1238 810 1304 nempe
831 1217 960 1303 planam
981 1218 1182 1285 terminatam
1198 1221 1298 1308 quad·

125 1328 214 1398 rato,
232 1316 286 1383 vel
300 1317 391 1382 alteri
405 1316 508 1382 cuivis
521 1317 634 1403 figurae
647 1317 753 1405 planae
768 1318 891 1384 censuit
905 1319 1171 1407 heterogeneam?
1196 1323 1298 1403 Quid-

124 1420 166 1485 ni
180 1420 255 1507 pari
271 1422 344 1507 jure
363 1418 546 1507 protulisset
566 1420 750 1507 exemplum
770 1420 875 1507 magis
895 1422 1027 1488 obvium
1047 1423 1204 1512 sphaeram
1224 1449 1296 1493 cum

124 1546 213 1589 cono
236 1523 292 1589 rel
313 1524 458 1611 cylindro
480 1534 725 1611 comparantem,
748 1524 809 1590 hoc
831 1535 888 1604 est,
912 1548 1025 1613 corpus
1047 1528 1142 1595 uniet
1162 1532 1297 1597 rotunde

125 1626 304 1714 superficie
319 1627 576 1714 comprehensam
591 1648 664 1691 cnm
680 1649 808 1715 corpore
825 1626 928 1693 mixte
945 1629 1110 1716 superficie
1125 1632 1297 1701 concluso?

123 1729 263 1817 Nempe
278 1728 356 1816 quid
376 1730 418 1794 sit
437 1729 668 1815 homogeneum
687 1739 720 1796 et
739 1728 995 1817 heterogeneum,
1012 1731 1125 1799 saltem
1143 1735 1221 1822 quid
1240 1760 1297 1825 per

122 1831 195 1897 ista
216 1832 376 1898 vocabula
393 1842 544 1920 perpetuo
566 1832 749 1918 significant
770 1831 959 1915 Geometrae,
982 1834 1085 1902 noluit
1106 1836 1294 1927 intelligere,

124 1936 238 2003 noluit
254 1934 438 2019 ‹ipoye‘vercv
452 1946 484 2001 et
499 1934 711 2022 ἓτερογένειαν
724 1937 766 2002 ab
786 1934 943 2029 ὁμοειδείςι
962 1949 994 2007 et
1014 1939 1206 2032 e‘repoecdet'p,
1228 1944 1297 2012 dig„

125 2040 291 2127 tinguere.

194 2154 228 2211 4.
276 2143 342 2211 Sed
364 2143 481 2210 abhinc
502 2152 637 2224 transeo,
660 2153 692 2210 et
714 2134 830 2214 adnotc
852 2158 974 2235 quarto,
995 2149 1080 2236 quod
1102 2174 1174 2217 cum
1196 2154 1293 2220 etiam

126 2248 339 2334 homogeueae
363 2245 610 2333 magnitudines,
636 2247 742 2334 quoad
766 2249 846 2337 ipsis
870 2250 1046 2318 accidentia
1069 2254 1181 2336 multa,
1208 2278 1293 2322 com·

126 2350 237 2437 parari
253 2358 372 2437 queant
389 2348 506 2436 (quoad
520 2348 671 2436 speciales
691 2358 770 2436 puta
790 2352 961 2417 nonnullas
981 2355 1186 2442 proprietates
1208 2380 1291 2441 suas,
1417 2376 1420 2381 ·

126 2452 238 2540 quoad
261 2453 369 2533 situm,
393 2451 499 2538 quoad
521 2451 655 2518 localem
679 2451 874 2535 distantiam,
898 2456 1002 2541 quoad
1026 2458 1166 2545 ipsarum
1189 2459 1295 2526 diver·

124 2556 270 2622 simodas
283 2555 470 2644 qualitates;
493 2554 575 2621 addc
592 2578 666 2620 cum
686 2564 792 2622 vetere
813 2554 999 2638 Scholiastt,
1020 2560 1125 2646 quoad
1143 2562 1293 2648 valorem,

129 2763 147 2828 ὁ
170 2762 199 2830 δ’
223 2764 259 2831 ἐν
282 2765 402 2851 ποσῷ),
425 2772 462 2829 ut
487 2785 557 2849 eg.
581 2762 652 2829 duae
675 2761 769 2828 linere
796 2760 969 2829 secundum
994 2765 1215 2837 rectitudinem
1239 2783 1294 2839 aut

129 2869 319 2935 curvitatem
348 2866 495 2932 similiter
523 2876 579 2931 aut
608 2864 806 2931 dissimiliter
834 2888 867 2933 se
897 2866 1012 2936 habere
1040 2882 1191 2958 possunt;
1228 2898 1294 2943 una

132 2981 249 3059 praesto
272 2969 325 3052 sit,
350 2969 449 3036 altera
470 2968 588 3055 viginti
611 2968 724 3034 stadiis
749 2967 866 3036 abhinc
891 2981 1028 3053 semota;
1058 2994 1123 3039 una
1144 2976 1186 3042 sit
1207 2977 1291 3061 alba,

133 3074 231 3141 altera
245 3074 357 3160 nigra;
381 3095 453 3137 cnm
468 3083 575 3137 tamen
589 3070 774 3158 hujusmodi
788 3071 975 3139 relationum
990 3074 1080 3141 nulla
1097 3076 1293 3164 significetur

132 3178 193 3258 hic,
213 3178 258 3242 iis
279 3176 479 3242 secludendis
500 3173 685 3262 adjunffl'tur
706 3173 791 3240 κατὰ
813 3175 1028 3259 πηλικότητα,
1049 3178 1291 3249 fundamentum

131 3282 254 3347 scilicet
283 3278 459 3367 indigitans
487 3278 620 3365 hujusce
649 3278 822 3344 relationis.
872 3279 928 3345 Ad
956 3280 1144 3349 relationum
1174 3286 1292 3375 quippe

132 3396 280 3452 naturam
306 3380 529 3471 explicandam
555 3389 627 3468 post
650 3391 751 3467 genus
777 3404 973 3470 expressum,
1000 3394 1033 3449 et
1058 3386 1208 3453 terminos
1232 3390 1292 3455 rite

132 3487 332 3565 constitutos,
355 3484 598 3550 fundamentum
624 3482 768 3571 proxime
792 3482 1025 3570 subjiciendum
1047 3495 1104 3564 est,
1127 3485 1291 3555 formalem

132 3592 201 3678 ejus
235 3588 391 3655 rationem
419 3586 532 3653 ultime
561 3584 732 3673 complens,
763 3594 796 3651 ct
824 3584 1020 3667 differentiae,
1052 3609 1148 3674 quam
1178 3589 1292 3677 Logici

131 3704 260 3772 vocant,
286 3680 464 3758 essentialis
491 3688 563 3755 vice
591 3687 778 3773 defimgens.
825 3684 923 3751 Κατὰ
947 3686 1159 3769 antestitem,
1187 3693 1292 3778 quoad

131 3794 354 3886 quantitatem,
370 3792 430 3857 hoc
449 3800 507 3871 est,
528 3788 633 3878 quoad
653 3788 883 3875 magnitudinis
903 3811 968 3856 suae
988 3789 1292 3873 determinationem,

132 3905 187 3970 vel
200 3898 455 3987 magnitudinem
472 3896 574 3984 ipsam
595 3894 854 3976 determinatam
878 3894 990 3961 saltem
1010 3896 1183 3963 secundum
1207 3900 1292 3987 quod

133 4005 285 4096 qnaeritur
304 4016 429 4092 quanto
446 4010 531 4081 sunt,
547 4008 580 4065 et
597 3997 804 4087 respondetur
822 4012 923 4065 tantae.
968 3998 1053 4065 Nam
1073 4000 1207 4084 μέγεθος
1228 4030 1293 4086 πη-

133 4112 235 4190 λίκον,
252 4108 303 4175 cni
321 4106 453 4174 relative
472 4102 642 4192 opponitur
660 4100 835 4168 πενστικόν
854 4101 915 4169 hoc
933 4102 1082 4186 πηλίκον,
1099 4104 1146 4171 nil
1165 4104 1291 4177 videtur

185 4438 233 4510 (4)
257 4438 386 4496 asason
401 4392 621 4507 ormense
636 4434 672 4491 e
685 4439 790 4505 mm
805 4432 1000 4504 emersa:

186 4529 252 4578 rara
263 4528 430 4589 πηλαότηται
444 4528 552 4587 mmor,
564 4522 796 4594 interrogatively,
807 4522 871 4577 how
881 4522 984 4591 great?
995 4521 1156 4593 metius,
1164 4537 1192 4577 to
1202 4527 1290 4591 ami.
