3167 5192
532 385 657 454 ontrro'
681 403 916 455 acarnanum.
1265 389 1306 457 17

145 572 303 638 Divinam
318 571 521 659 Majestatem
537 572 652 640 humili
674 573 850 640 reverentia
871 583 904 640 et
924 573 979 661 pia
1000 574 1116 640 mentis
1138 571 1306 640 devotione

143 675 305 763 percipio:
322 687 391 741 tum
402 699 477 741 vero
492 675 682 762 optimorum
697 677 838 744 virorum
852 676 942 742 nullo
956 676 1080 742 ambitu
1094 676 1304 757 conciliatam,

142 776 237 842 nullt
251 777 442 844 solicitatam
457 800 558 865 prece,
574 776 630 842 sed
645 777 816 864 purissima
830 788 943 867 sponte
957 778 1038 845 milri
1053 778 1190 846 delatam
1207 779 1305 846 bene·

143 877 320 944 volentiam
344 889 435 964 grato
461 901 555 944 sensu
578 880 693 945 mentis
720 878 894 967 amplector
917 890 950 947 et
974 903 1129 966 agnosco:
1155 881 1208 948 oni
1232 903 1304 948 eum
1338 895 1341 900 '

143 1003 303 1068 nequeam
318 982 447 1048 omnino
462 1005 580 1070 parem,
594 981 678 1048 hanc
693 983 807 1048 saltem
826 983 953 1050 adnitar
972 984 1084 1050 referre
1104 985 1251 1070 gratiam,
1266 993 1304 1051 nt

144 1085 280 1150 efficiam
296 1085 412 1152 scilicet
427 1086 653 1173 quadantenus,
670 1086 892 1154 demandatum
910 1086 990 1152 mihi
1005 1087 1141 1154 officinm
1157 1089 1305 1174 gnaviter

143 1187 343 1275 exequendo,
356 1212 396 1254 ne
411 1198 468 1255 aut
481 1189 589 1256 collati
605 1189 638 1256 in
654 1213 705 1255 me
719 1191 864 1256 beneficii
879 1191 1033 1279 poeniteat
1047 1191 1143 1279 ipsos,
1159 1201 1215 1256 aut
1228 1215 1303 1258 con-

144 1291 232 1378 cepti
250 1289 291 1356 de
309 1313 362 1356 me
378 1290 497 1379 pudeat
512 1291 645 1380 judicii:
677 1291 762 1378 quod
782 1315 847 1358 non
866 1315 903 1360 eo
921 1293 1003 1372 dico,
1025 1295 1118 1380 quasi
1139 1295 1303 1360 tenuitatis

141 1416 225 1460 meae
238 1415 351 1480 parum
366 1394 511 1460 conscius
526 1395 596 1475 sim,
613 1406 667 1460 aut
682 1395 805 1481 aliquid
819 1419 962 1482 arrogem
976 1396 1057 1462 mihi
1075 1398 1186 1483 (quum
1202 1397 1305 1464 imbe-

141 1497 309 1564 cillitatem
321 1499 481 1584 propriam
492 1497 603 1564 intime
615 1498 760 1578 sontum,
770 1498 995 1586 indignitatem
1006 1500 1112 1586 palam
1124 1500 1302 1583 confiteor);

143 1607 178 1665 at
194 1622 259 1686 quo
273 1601 418 1667 stimulos
433 1600 568 1668 subdam
583 1600 748 1668 industriae
763 1624 851 1681 meae,
868 1602 1029 1670 labantem
1047 1604 1190 1670 animum
1207 1604 1303 1669 nnti-

143 1725 249 1782 neam‚
265 1714 373 1769 auctor
392 1704 466 1770 tiam
481 1704 562 1769 mihi
577 1727 617 1770 ne
632 1703 796 1791 desperem
810 1705 932 1790 ingenii
946 1705 1010 1772 mei
1024 1694 1182 1773 defectum
1197 1705 1303 1772 studio

143 1806 304 1893 supplere,
319 1805 465 1894 quodque
481 1807 522 1873 ab
536 1829 596 1874 usu
610 1806 691 1872 mihi
706 1809 803 1887 deest,
820 1813 895 1873 curt
909 1831 1121 1896 compensare.

211 1909 245 1973 A
262 1909 355 1974 robis
379 1920 484 1975 autem
511 1909 653 1996 (ingenui
676 1920 833 1998 quotquot
853 1911 930 1976 estis
951 1911 1087 1979 Alumni
1109 1912 1299 1997 Liternum)

144 2010 231 2081 nihil
245 2034 310 2078 non
324 2035 424 2099 spero,
440 2035 505 2078 non
519 2012 670 2100 polliceor
684 2013 774 2092 mihi,
790 2014 925 2080 candore
938 2026 1054 2095 restro,
1069 2022 1176 2083 vestra
1188 2017 1303 2083 huma-

145 2115 248 2182 nitate
263 2115 497 2202 dignissimum.
542 2114 611 2182 Nec
628 2115 787 2182 ullatenus
802 2116 965 2197 addubito,
980 2118 1059 2205 quin
1073 2129 1106 2185 et
1119 2118 1302 2185 faventibus

144 2241 200 2286 me
222 2218 307 2284 votis
331 2218 483 2285 hactenus
508 2217 674 2308 prosecuti,
699 2242 784 2286 nuno
805 2228 837 2286 et
859 2219 957 2286 alacri
976 2244 1069 2308 porro
1090 2221 1302 2308 gratulatione

144 2321 219 2388 sitis
240 2320 423 2408 excepturi:
453 2321 585 2386 minime
607 2321 729 2386 scilieet
750 2321 959 2401 immemores,
982 2345 1078 2410 quam
1100 2333 1174 2388 ante
1195 2323 1302 2409 plnres

142 2423 225 2490 olim
243 2446 343 2488 annos
363 2423 546 2504 iudicaram,
561 2425 653 2490 bonae
671 2423 846 2490 voluntatis
862 2423 1092 2490 'Mathematica
1109 2425 1178 2490 haec
1196 2420 1304 2491 'studia

143 2550 206 2596 seu
219 2527 403 2594 inexilium
422 2527 533 2615 procul
552 2527 701 2614 ablegata
719 2526 900 2606 revocandi,
914 2549 971 2592 seu
985 2527 1150 2615 profundis
1165 2528 1303 2594 tenebris

142 2629 291 2696 demersa
304 2629 338 2694 in
353 2630 494 2716 apricum
508 2628 697 2696 retrahendi.
745 2627 846 2694 Enim
862 2649 938 2694 vero
952 2628 980 2692 si
994 2638 1071 2693 tnnc
1084 2627 1228 2714 privatus
1247 2629 1304 2694 ho·

143 2755 212 2812 mo,
226 2753 285 2798 nec
299 2732 440 2819 alioquin
454 2732 622 2812 obnoxius,
639 2743 671 2798 et
686 2730 755 2798 solt
766 2729 814 2796 rei
832 2728 1069 2819 pulchritudine
1083 2751 1242 2810 accensus,
1258 2731 1304 2796 ita

143 2858 201 2900 me
230 2834 486 2922 comparaverim,
512 2846 549 2900 ut
575 2833 733 2902 Scientias
758 2833 837 2900 istas
862 2832 1075 2920 qualicunque
1100 2831 1207 2898 studio
1231 2857 1303 2902 meo

143 2937 242 3004 vobis
257 2937 473 3025 exoptaverim
488 2959 686 3024 summopere
707 2936 952 3016 commendatas,
968 2958 1032 3002 non
1050 2935 1199 3023 estquod
1218 2960 1303 3004 nuno

144 3040 331 3126 ambigatis,
345 3063 402 3128 pro
416 3040 537 3107 ratione
551 3039 674 3127 publici
688 3038 828 3108 muneris
849 3050 882 3105 et
903 3038 1052 3106 sanctiori
1074 3039 1204 3106 vinculo
1225 3063 1302 3106 con-

143 3143 303 3224 strictum,
318 3143 359 3210 iis
377 3146 445 3230 (pro
462 3143 551 3209 tenui
570 3141 720 3210 facultate
740 3143 822 3227 met)
845 3142 1068 3229 promovendis
1089 3143 1193 3208 acrius
1213 3143 1304 3210 ineu·

142 3246 307 3324 bianum
329 3245 456 3332 quando
470 3245 631 3324 nimirum,
647 3267 710 3332 quo
725 3253 795 3310 tum
809 3245 1043 3333 propendebem
1058 3245 1175 3327 animo,
1186 3269 1223 3313 eo
1234 3247 1303 3334 jam

144 3349 307 3438 propellat
321 3348 435 3414 officio.

215 3451 308 3530 Quod
330 3463 437 3519 antem
458 3475 477 3516 a
499 3475 550 3518 me
567 3451 637 3539 jam
659 3450 749 3538 leges
772 3451 915 3519 districte
935 3453 1110 3540 postulant,
1132 3453 1167 3518 id
1188 3453 1303 3540 quovis
1401 3463 1407 3471 '

144 3554 275 3641 injussu
299 3565 447 3642 prestare
472 3577 568 3642 quarn
594 3555 903 3642 liberrime-semper
931 3555 978 3620 fui
1007 3555 1236 3642 paratissimus,
1262 3557 1304 3620 ad

143 3657 320 3726 familiares
345 3681 403 3725 vos
428 3680 615 3745 congressus
644 3669 681 3726 ut
710 3681 773 3724 non
803 3658 899 3724 modo
924 3670 1070 3746 prompte
1094 3657 1303 3739 admitterem,

143 3782 260 3826 verum
274 3759 358 3826 ultro
372 3761 485 3850 cupide
505 3761 693 3842 invitarem
716 3771 815 3850 utque
833 3785 897 3827 non
917 3760 1017 3828 semel
1037 3770 1162 3826 tantum
1182 3761 1235 3827 vel
1254 3762 1304 3828 bis

145 3859 293 3947 qutlibet
311 3861 490 3948 septimana
508 3863 646 3929 cubiculi
664 3863 745 3930 fores
762 3863 927 3950 aperirem,
943 3861 1000 3928 sed
1013 3861 1067 3928 vel
1081 3861 1187 3929 intimi
1201 3864 1304 3930 cordia

147 3963 253 4030 indies
276 3965 451 4052 penetralia
472 3965 676 4046 recluderem,
699 3977 732 4032 et
756 3966 902 4054 patulum
924 3966 1058 4041 adituris
1079 3977 1191 4055 pectus
1213 3969 1305 4036 exhi-

146 4067 267 4136 berem.
1277 4107 1283 4116 ·

214 4168 301 4250 Quin
326 4169 476 4250 accedite,
504 4169 608 4252 sultis,
635 4171 765 4258 jugiter,
794 4171 929 4238 studiosi
954 4171 1190 4255 Adolescentes,
1216 4175 1305 4242 nullo

148 4282 237 4340 motu
251 4273 391 4348 inhibiti,
407 4273 497 4340 nullo
514 4274 633 4362 pudore
648 4275 817 4355 retardati3
840 4275 927 4364 quod
941 4277 1014 4364 jure
1034 4287 1141 4344 vestro
1160 4281 1304 4365 potestis,

148 4384 182 4442 et
191 4398 243 4442 me
254 4377 378 4446 facietis
389 4376 474 4444 haud
486 4377 606 4460 inrito;
626 4379 702 4464 (imo
714 4363 948 4462 adlubescente,
960 4381 1183 4468 gaudenteque
1192 4383 1214 4466 3)
1231 4405 1306 4450 con-

149 4478 257 4546 silinm
280 4481 431 4550 audacter
451 4482 601 4570 expetite,
622 4482 753 4568 exigite,
773 4481 935 4572 praecipito
955 4493 988 4549 et
1007 4483 1180 4572 imperate;
1205 4485 1306 4572 jussis

209 4613 237 4664 a.
256 4619 286 4662 u.
1198 4589 1219 4648 3
