3167 5192
109 403 193 452 recu.
207 387 334 474 nnn]
442 402 629 454 nacrrorius
650 402 924 452 narnannrrcn.
1197 386 1262 453 373

108 575 318 644 definitionem
347 581 493 668 proxime
514 581 745 671 praecedentem
769 581 836 646 AB
857 580 898 645 ad
913 578 988 659 AO,
1004 588 1037 646 et
1050 579 1120 644 ΑΕ
1129 577 1171 644 ad
1185 580 1258 660 AF,

110 691 180 746 sunt
192 682 458 770 proportionales.

165 783 219 848 Ex
234 784 297 850 hoc
311 786 506 872 particulari,
527 786 695 873 taliterque
710 785 923 852 demonstrato
937 785 1141 864 theoremate,
1164 807 1262 871 gene·

108 883 180 949 ralia
204 886 243 951 de
265 888 559 976 proportionalibus
594 888 799 967 theoremata,
829 886 991 972 generales
1020 886 1260 974 complectentia

108 989 386 1075 proportionalium
408 991 598 1072 affectiones,
620 990 771 1078 pleraque
796 1011 869 1055 cum
894 989 960 1054 illis
982 988 1102 1068 eadem,
1125 1011 1197 1075 quae
1219 989 1253 1053 iu

109 1091 211 1178 quinto
231 1093 394 1160 habentur
408 1093 587 1174 Elementa,
611 1117 670 1160 ceu
690 1093 855 1158 corollaria
869 1091 971 1159 videri
993 1092 1064 1158 vult
1084 1092 1255 1158 deduceret

110 1195 253 1280 quiahoc
274 1197 369 1272 ferat,
390 1220 433 1264 ex
458 1219 522 1262 uno
545 1195 693 1285 exemplo
719 1194 899 1282 generalem
922 1195 1044 1261 adstrui
1066 1194 1259 1275 doetrinam3

110 1299 232 1382 quade
253 1299 384 1366 duabus
405 1300 508 1374 lineis,
529 1299 717 1385 duobusque
738 1299 934 1386 temporibus
953 1309 1116 1385 utcunque
1132 1307 1263 1385 possent

111 1401 235 1482 ostendi,
251 1426 290 1468 ea
305 1403 417 1468 statim
438 1403 479 1467 ad
495 1425 605 1469 omnes
624 1401 755 1468 extendi
768 1401 941 1468 materias?
985 1401 1086 1481 Quasi
1100 1424 1175 1467 vero
1189 1423 1261 1488 pro·

112 1504 320 1587 portionalitas
343 1503 448 1570 omnis
468 1504 504 1568 in
525 1504 603 1570 solis
624 1503 831 1590 temporibus,
855 1513 887 1569 et
907 1503 1058 1568 uniformi
1079 1514 1169 1569 motu
1189 1526 1262 1590 per·

114 1605 182 1670 actis
201 1608 315 1694 spatiis
338 1617 516 1674 versaretur
537 1615 569 1672 et
594 1607 842 1687 consisteret,ut
865 1606 929 1672 alia
942 1605 1150 1671 conticescam
1165 1606 1261 1694 hujus

113 1709 242 1775 methodi
257 1733 374 1799 parurn
387 1712 481 1775 firma
493 1709 547 1775 vel
562 1731 649 1774 sana

172 1811 308 1902 [Nempe
321 1813 453 1880 videtur
466 1813 540 1878 huic
554 1812 707 1879 accidisse
721 1811 801 1894 viro,
822 1812 909 1901 quod
929 1812 994 1878 illis
1009 1814 1174 1880 consuevit
1189 1836 1263 1879 eve·

116 1911 181 1994 nire,
196 1916 250 2001 qui
264 1939 341 1982 cum
357 1915 479 1981 diutius
497 1915 532 1980 in
551 1938 618 1981 rem
639 1915 778 2003 aliquam
792 1917 903 1983 vivido
919 1917 1020 1984 colore
1035 1917 1168 1984 tinctam
1188 1941 1262 1984 ocu-

117 2014 206 2083 lorum
221 2019 421 2087 intenderint
435 2019 544 2100 aciem,
564 2018 673 2084 omnia
688 2018 839 2086 videntur
861 2020 922 2086 isto
943 2021 1046 2087 colore
1066 2022 1168 2088 diluta
1188 2044 1263 2089 con·

118 2119 235 2204 spicari:
257 2123 305 2188 ita
321 2121 452 2188 videtur
470 2120 525 2186 hic
544 2120 760 2208 Philosophus
781 2122 822 2187 iis
845 2145 916 2209 quse
938 2123 977 2189 de
1000 2133 1090 2190 motu
1112 2124 1262 2211 aequabili

120 2217 257 2290 Galilaeus
274 2225 463 2314 conseripsit
478 2224 639 2305 intentior,
659 2235 716 2290 aut
732 2225 813 2292 alias
831 2225 1042 2312 Physicorum
1063 2227 1097 2292 in
1118 2237 1262 2294 motuum

120 2326 370 2414 contemplatione
385 2327 521 2408 defixus,
543 2325 585 2391 ad
602 2339 837 2416 preconoeptas
855 2328 1009 2414 quasdam
1028 2329 1067 2394 de
1087 2341 1177 2395 motu
1191 2353 1263 2418 spe·

122 2423 183 2504 cies,
197 2449 266 2514 quae
279 2429 538 2516 magnitudinem
552 2437 585 2493 et
599 2427 810 2514 quantitatem
826 2438 970 2514 spectant
984 2429 1092 2494 omnia
1105 2431 1262 2498 retulisse.

122 2520 313 2596 Sedinomni
324 2554 369 2611 re,
379 2541 474 2618 prout
482 2530 580 2616 vulgo
589 2529 695 2609 fertur,
704 2529 769 2609 Qui
779 2552 882 2618 pauca
891 2529 1018 2618 respicit
1029 2531 1111 2597 male
1115 2531 1261 2618 judicat]

176 2629 251 2698 Haec
271 2658 347 2700 curn
369 2635 416 2698 ita
433 2655 467 2700 se
489 2633 638 2713 habeant,
662 2654 727 2714 non
745 2644 794 2698 est
814 2632 899 2720 quod
920 2632 1079 2698 novellam
1099 2633 1181 2699 hano
1197 2655 1264 2698 me-

122 2729 238 2800 thodum
266 2740 431 2805 ullatenus
459 2759 627 2802 moremur.
680 2735 856 2801 Enimvero
884 2735 940 2800 fiet
969 2735 1086 2824 injuria
1114 2736 1264 2804 doctrinae

124 2828 276 2922 Euchdea,
291 2843 324 2908 si
337 2864 411 2906 oum
425 2841 486 2905 hac
500 2839 678 2904 conferatur
693 2848 759 2904 tarn
774 2838 932 2904 imbecilla
947 2848 1012 2904 tarn
1027 2838 1161 2927 inepta?

178 2939 323 3010 Succedit
332 2945 477 3030 proxime
491 2942 629 3008 breviter
642 2941 838 3029 attingenda,
849 2965 945 3029 quam
959 2942 993 3006 in
1009 2965 1101 3030 opere
1116 2943 1264 3031 proponit

126 3035 307 3114 Geometrico
338 3047 389 3112 vir
416 3045 660 3112 eruditissimus.
716 3045 866 3110 Assumit
895 3045 923 3110 is
953 3044 1148 3111 definitionis
1183 3046 1262 3128 loco,

126 3143 258 3214 rationes·
274 3151 415 3238 aequales
449 3171 527 3229 esse,
563 3171 636 3214 cum
665 3148 926 3214 antecedentibus
954 3171 1012 3236 per
1040 3150 1264 3236 consequentia

41 3232 42 3255 ¹
127 3240 220 3315 <livius
234 3255 325 3341 quoti
340 3253 468 3319 sibimet
482 3263 656 3339 sequantur.
702 3251 782 3331 Qua
802 3275 878 3318 sane
894 3252 1036 3319 definitio
1051 3253 1182 3318 minime
1203 3252 1264 3319 dif-

127 3343 176 3412 fert
194 3355 232 3419 ab
251 3357 320 3437 illa,
344 3378 442 3444 quam
464 3353 616 3420 Euclides
635 3353 767 3419 adhibet
787 3354 823 3418 in
845 3354 951 3420 Elem.
968 3373 1032 3421 vn.
1055 3376 1112 3442 pro
1135 3355 1263 3441 speciali

128 3467 309 3525 n11111erorum
324 3459 477 3525 doctriua
522 3455 588 3525 Sed
601 3481 642 3523 ne
655 3458 757 3545 proba
770 3457 813 3523 sit
832 3467 864 3522 et
884 3467 1029 3522 accurata
1047 3458 1264 3545 proportiona-

128 3545 211 3622 liam
223 3561 397 3629 universim
413 3569 548 3648 sumptae
563 3559 716 3639 definitio,
732 3559 880 3624 videntur
894 3559 963 3624 haec
978 3559 1110 3626 obstare.

180 3657 290 3748 Primo,
316 3665 403 3753 quod
424 3663 597 3730 constitute
618 3660 761 3728 nondum
782 3662 1084 3749 proportionalitatis
1109 3661 1262 3743 doctrina,

131 3757 173 3822 vel
184 3771 396 3837 antecedenter
409 3769 451 3833 ad
464 3767 567 3854 ipsam
582 3765 709 3831 difficile
728 3775 883 3852 conceptu
898 3764 941 3830 sit
955 3764 1033 3852 quid
1049 3765 1166 3830 sitista
1181 3765 1264 3832 divi·

132 3857 169 3924 ⁸l0
185 3883 375 3954 quantorum,
394 3883 451 3937 aut
469 3866 628 3958 quomodo
648 3877 834 3954 peragatur3
858 3868 937 3955 quid
956 3891 1071 3956 nempe
1091 3869 1133 3933 sit
1146 3868 1263 3935 lineam

133 3956 218 4031 (lividi
237 3995 290 4059 per
314 3975 443 4054 lineam,
465 3982 521 4037 aut
542 3991 655 4056 corpus
676 3992 733 4056 per
754 3991 886 4057 corpus3
918 3970 1075 4057 quomodo
1097 3970 1221 4059 pondus
1244 3991 1263 4036 a

134 4067 257 4155 findere,
271 4088 396 4165 tempus
411 4099 432 4141 a
445 4086 585 4161 tempore
599 4071 772 4138 dividatur.
819 4071 903 4140 Sunt
917 4071 1046 4160 quidem
1062 4073 1216 4140 linearum
1231 4085 1263 4141 et

41 4324 42 4371 t
176 4302 270 4368 (lianot
285 4312 349 4368 lead
364 4315 396 4368 to
413 4311 463 4366 the
478 4311 661 4382 propositione
677 4309 763 4366 about
779 4307 986 4380 proportionale.

41 4387 42 4397 ¹
138 4389 283 4550 “Q‘ffiop
298 4415 347 4455 are
365 4397 447 4468 oqual
464 4397 543 4454 when
559 4397 609 4454 the
626 4395 808 4452 emanata
828 4395 942 4452 divided
960 4395 997 4468 by
1012 4393 1062 4450 the
1081 4395 1263 4466 comaqueuts
