3167 5192
118 411 217 464 aser.
231 398 287 484 m]
454 417 642 470 caenosus
664 417 938 468 urrununrrcrr.
1237 401 1280 466 35

118 588 207 654 tione
220 587 414 676 Pythagorei
429 589 602 677 antiquitus
616 590 874 658 Mathematicam
889 591 1081 671 diviserrmt;
1103 590 1183 670 ideo,
1200 612 1277 671 reor,

120 691 197 776 quia
210 691 352 756 nondum
366 692 407 758 ad
421 692 500 758 alias
523 692 691 781 (Opticam
710 693 938 771 Machanicam,
960 703 991 758 et
1010 691 1156 780 reliquas)
1180 715 1280 781 appu·

119 793 223 859 lerant
236 796 397 876 animum;
420 819 500 883 quas
518 819 631 884 nempe
648 795 828 884 posterioris
846 796 907 861 aevi
929 796 1051 861 curiosa
1072 795 1232 876 sedulitas,
1247 807 1280 861 et

121 892 141 959 ὅ
163 895 297 962 πάντων
321 894 450 985 εὑρετὴς
469 896 586 986 χρόνος
606 898 727 987 peperit
747 904 785 964 ac
807 898 978 964 adinvenit.
1023 896 1181 964 Oaeterum
1203 897 1281 984 quid

121 1000 255 1088 impedit
268 1025 332 1089 quo
345 1002 452 1067 minus
467 1003 506 1068 de
520 1001 582 1068 hac
596 1003 666 1090 ipat
685 1001 916 1068 Mathematum
931 1001 1084 1088 quadriga
1106 1000 1280 1087 τέτρακπνν

120 1102 212 1168 illam
237 1102 472 1190 Pythagoream
496 1127 538 1170 ex
563 1105 666 1170 aureis
691 1103 883 1170 carminibus
909 1114 1068 1192 tantopere
1093 1103 1279 1170 celebratam
1363 1165 1371 1172 .

120 1205 362 1292 intelligamus?
405 1206 583 1275 Praesertim
605 1230 677 1273 cum
697 1205 866 1272 admodum
889 1206 995 1272 futiles
1020 1207 1207 1293 absonaeque
1230 1207 1280 1272 vi·

120 1309 257 1374 deantur
272 1308 344 1374 alias
360 1310 516 1398 pleraque
537 1333 617 1397 quas
638 1311 820 1398 interpretes
843 1311 1010 1376 commenti
1033 1319 1116 1390 sunt,
1132 1333 1203 1376 eam
1224 1332 1282 1376 ex·

121 1411 264 1498 plicandi
291 1414 436 1481 rationes.
495 1413 605 1480 Liceat
632 1414 731 1500 igitur
758 1413 840 1479 mihi
875 1413 920 1479 sic
955 1412 1154 1482 decantatum
1182 1412 1280 1478 istum

119 1513 313 1580 versiculum
338 1516 519 1582 enucleare:
550 1515 620 1582 Nat
644 1514 692 1599 μὰ
715 1516 771 1582 τὸν
799 1513 938 1604 ἡμετέρα
962 1518 1063 1604 ψυχᾷ
1091 1513 1280 1601 παραδόντα

121 1612 310 1704 τέτρακι-ον,
325 1617 385 1682 hoc
397 1629 455 1698 ost,
470 1618 628 1684 Asmvmo
641 1642 698 1706 per
711 1617 802 1683 illum
820 1616 1050 1704 (Pythagoram
1068 1616 1185 1683 scilicet
1201 1639 1282 1704 praa·

121 1733 281 1809 captorem
298 1723 452 1806 nostrum)
472 1723 528 1809 qui
549 1734 664 1788 nostra
685 1723 799 1788 animm
821 1721 949 1788 tradidit
974 1721 1045 1805 (hoc
1066 1731 1123 1801 est,
1147 1721 1203 1808 qui
1224 1743 1283 1786 nos

122 1823 231 1890 docuit
243 1835 277 1889 et
290 1817 551 1912 praemonstravit)
569 1825 802 1911 quaternarium
816 1828 962 1912 (quatuor
975 1823 1156 1912 disciplinas
1171 1822 1284 1888 Arith-

121 1927 280 2001 meticam,
296 1925 518 2000 Geometriam,
534 1925 700 2006 Musimm,
712 1926 977 2010 Astronomiam):
994 1926 1158 2013 subjicitur
1171 1923 1284 2008 παγὰν

122 2026 242 2094 ἀενάου
262 2027 408 2116 φύσεωςς
438 2028 472 2093 id
493 2039 541 2093 est
561 2051 695 2114 quarum
709 2027 848 2094 subsidio
863 2027 904 2094 ad
918 2028 1042 2094 altiores
1057 2028 1284 2116 speculationes

126 2129 291 2218 (physicas
319 2140 351 2195 et
379 2129 584 2216 theologicas)
616 2121 829 2217 praeparamur
852 2141 884 2196 et
910 2129 1125 2219 disponimur3
1156 2129 1217 2210 vel,
1244 2151 1286 2196 ex

122 2236 244 2322 quibus
265 2241 381 2300 aeterut
402 2235 532 2300 veritate
555 2233 696 2321 preditis
719 2234 857 2300 scientiis
880 2244 946 2300 tota
970 2257 1073 2300 rerum
1096 2245 1208 2300 natura
1231 2233 1286 2300 de·

122 2337 243 2425 pendet
255 2349 288 2403 et
300 2336 460 2402 derivatur
477 2337 563 2420 (nam
577 2357 619 2402 ex
633 2336 771 2402 numeris
785 2346 819 2401 et
836 2335 946 2402 formis
967 2335 1210 2418 Mathematicis,
1227 2359 1286 2404 oeu

123 2440 299 2530 principiis,
312 2451 452 2506 consmre
466 2451 586 2520 cuncta,
601 2462 697 2528 penes
711 2439 940 2526 Pythagoreos,
952 2439 1071 2505 nemini
1085 2462 1149 2504 non
1163 2450 1285 2520 notum,

123 2568 169 2612 ex
195 2545 376 2612 Aristotelis
401 2557 433 2611 et
456 2544 590 2610 aliorum
616 2543 820 2628 testimonio).
867 2541 931 2610 Sed
957 2542 1025 2608 hacc
1048 2543 1148 2609 obiter
1168 2553 1202 2610 et
1226 2543 1287 2609 vix

124 2671 219 2714 serio.

192 2751 249 2815 Ab
262 2749 325 2816 ista
338 2773 413 2816 vero
426 2750 646 2837 antiquissima
659 2747 814 2814 divisione
834 2746 1013 2814 Matheseos
1035 2748 1082 2814 nil
1106 2747 1170 2816 fere
1191 2748 1287 2817 distat

128 2853 187 2918 illa
212 2851 371 2919 Platonis¹
397 2852 511 2939 quinas
535 2852 570 2915 in
591 2860 696 2938 partes
716 2849 897 2917 distributio
922 2849 968 2936 (in
989 2849 1221 2918 Arithmetioeu
1244 2875 1289 2920 sc.

125 2955 354 3036 Geometriam‚
383 2954 645 3033 Stemometriam,
668 2953 835 3028 Musicam,
861 2953 1109 3040 Astronomiam)
1139 2954 1181 3020 ad
1208 2977 1287 3042 quas

125 3060 226 3126 etiam
247 3059 361 3125 Theon
384 3057 569 3145 Smyrnaeus
589 3056 696 3122 omnia
717 3056 803 3144 apud
826 3055 990 3122 Platonem
1013 3055 1175 3124 Mathesin
1199 3080 1288 3144 spec·

126 3164 231 3230 tantia
251 3162 381 3249 redegit
426 3160 516 3241 Haec,
531 3161 672 3248 inquam,
688 3159 803 3226 divisio
822 3158 985 3226 Platonica
1002 3183 1065 3225 non
1079 3160 1169 3227 aliter
1184 3160 1289 3226 differt

126 3294 148 3334 a
178 3267 392 3355 Pythagorea,
422 3289 519 3353 quam
544 3264 631 3352 quod
643 3264 678 3329 in
703 3263 764 3330 hdo
789 3262 973 3330 Geometria
1000 3264 1137 3330 strictius
1163 3275 1289 3351 sumpta

128 3372 232 3439 solam
250 3369 502 3458 ἔμπεδομετρίιιν
526 3371 593 3452 (seu
617 3366 675 3450 τὴν
699 3366 854 3435 ἐπιπέδου
878 3368 1111 3455 πραγματείαν,
1135 3377 1173 3434 ut
1193 3366 1288 3432 isthic

116 3476 272 3557 habetur,
290 3477 351 3542 hoc
370 3485 419 3541 est
439 3473 479 3540 de
498 3473 662 3562 planorum
681 3470 874 3537 dimensione
898 3469 1083 3553 doctrinam)
1110 3470 1288 3555 significet;

128 3580 197 3646 illic
210 3602 285 3646 vero
314 3579 408 3645 latius
436 3589 584 3666 protensa
611 3587 710 3642 totam
737 3574 891 3663 μοτραιὴν
921 3572 1083 3660 (metiendi
1112 3571 1287 3654 scientiam)

128 3685 266 3760 denotet,
286 3683 451 3772 ipsamque
470 3680 548 3747 adeo
571 3680 813 3746 stereometriam
832 3676 1084 3766 comprehendat.
1130 3673 1292 3753 Quamob-

129 3811 198 3855 rem
234 3809 309 3852 vero
343 3783 445 3865 Plato,
475 3781 659 3850 eruditionis
695 3781 774 3847 adeo
803 3781 926 3847 diffirsae
955 3778 1015 3856 vir,
1045 3788 1112 3842 tam
1140 3783 1294 3860 angustos

129 3890 273 3961 Mathasi
295 3888 411 3954 limites
433 3885 618 3974 prestitum,
642 3906 700 3950 nec
725 3882 804 3948 alias
828 3882 879 3947 his
909 3879 1091 3969 disciplinas
1120 3885 1291 3956 accenseat,

131 3994 207 4062 inde
229 3993 348 4058 factum
372 3988 512 4068 arbitror,
537 3985 624 4074 quod
646 3984 717 4051 alia
742 4006 799 4050 suo
823 3992 962 4071 tempore
985 3979 1119 4048 necdum
1142 3979 1291 4059 inventa,

601 4111 798 4174 wamma.

185 4339 253 4396 'l'hir
263 4355 321 4395 was
331 4337 452 4410 perhaps
463 4335 512 4392 tha
525 4335 718 4406 Pythagoreas
734 4333 887 4400 Tetractva.

186 4418 792 4492 Platomakaaflrepartaofblathamatica:
1021 4439 1022 4444 1

187 4510 364 4581 Arithmetic,
377 4509 533 4578 Gaometrp
545 4506 739 4590 Staraometry‚
752 4501 849 4571 Music,
862 4500 1039 4567 Ashouomy.
