3167 5192
302 344 366 411 136
637 354 824 408 uecnouns
847 352 1121 403 unuunuumon.
1280 332 1388 419 [unm.
1407 348 1457 399 rx.

302 526 378 593 soloe
393 522 574 611 superficies
588 520 772 586 immediate
786 520 934 586 sensibus
949 520 1156 607 objectantur,
1177 518 1335 587 coloribus
1350 520 1459 609 subju-

301 640 383 710 cent,
405 628 488 694 lucis
508 626 624 707 radios,
648 626 781 712 conique
804 624 919 691 fluctus
941 625 1129 711 refringunt,
1153 635 1208 691 eut
1225 626 1457 715 repercutiunt3
1557 628 1558 649 ³

300 734 352 799 hae
371 732 491 820 primos
511 739 656 795 motuum
670 728 809 816 impetus
829 727 1013 815 excipiunt3
1036 728 1123 794 hisce
1144 728 1221 794 solis
1241 750 1309 795 sese
1329 752 1459 817 corpore

301 848 412 903 mutuo
426 836 626 921 contingunt,
647 834 765 921 quippe
783 856 855 921 quae
876 833 965 900 nulle
985 844 1074 922 parte
1094 834 1145 899 sui
1165 856 1200 901 se
1219 844 1386 921 permeant
1406 843 1460 899 snt

302 951 476 1030 penetrant.
520 938 644 1005 Eodem
664 938 761 1004 ferme
779 938 832 1002 vel
852 937 1002 1025 supparia
1021 937 1114 1004 lineis
1134 938 1288 1003 attribute
1307 948 1460 1027 coeptan-

301 1056 372 1128 tur3
403 1046 455 1112 his
475 1066 579 1110 rerum
600 1042 760 1108 distantiae
780 1051 966 1121 censentem
987 1041 1167 1106 secundum
1191 1041 1250 1105 hes
1274 1039 1355 1105 lucis
1378 1041 1461 1106 redii

302 1150 492 1236 diriguntur,
512 1146 625 1233 marie
642 1144 828 1211 descensum
848 1144 1005 1223 affectunt,
1025 1152 1129 1209 motus
1144 1142 1247 1209 omnis
1263 1142 1387 1223 tendit3
1412 1144 1461 1210 bis

302 1254 384 1321 lucis
405 1264 438 1319 et
459 1250 581 1317 umbrae
603 1248 740 1315 confinia
759 1247 970 1327 dirimuntur;
992 1245 1075 1311 circe
1093 1245 1152 1311 has
1171 1246 1370 1331 quiescentes
1394 1270 1462 1313 eor·

302 1381 379 1446 pora
395 1356 621 1434 revolvuntur3
644 1352 775 1441 produci
799 1352 944 1437 denique,
968 1348 1120 1430 contrahi,
1143 1351 1252 1431 secari,
1273 1354 1460 1433 mensurari,

303 1460 587 1549 quomodocunque
601 1456 773 1545 comparari
788 1464 932 1543 possunt.

368 1564 438 1631 Nec
457 1564 536 1652 ipsis
556 1562 692 1650 punctis,
713 1570 787 1627 utut
807 1557 991 1625 ὑπόστασιν
1006 1554 1158 1644 α’μνδράν,
1179 1559 1415 1643 subobscurum,
1431 1574 1463 1629 et

303 1679 496 1755 praetenuem
518 1665 710 1731 habentibus
732 1662 907 1741 entitatem,
931 1684 989 1728 sue
1012 1660 1120 1745 deesse
1143 1660 1269 1727 videtur
1291 1664 1463 1731 attributo·

303 1794 374 1836 rum
389 1770 618 1857 qualiscunque
632 1766 770 1831 realitus.
816 1762 901 1830 Nem
923 1775 955 1831 et
975 1773 1097 1831 motum
1117 1763 1185 1830 haee
1199 1774 1231 1829 et
1248 1766 1390 1851 quietem
1406 1768 1464 1835 ob-

303 1875 407 1939 tinent
416 1898 425 1953 ;
447 1881 570 1937 motum
586 1870 714 1957 quidem
734 1892 800 1935 une
818 1891 891 1933 oum
906 1868 1088 1956 corporibus
1103 1868 1219 1956 quibus
1234 1869 1354 1951 insunt,
1370 1873 1463 1959 quie·

304 1986 369 2042 tem
383 1996 457 2039 vero
472 1972 608 2038 subinde
623 1972 813 2059 peculiarem
830 1971 892 2036 sibi
903 1998 910 2052 ;
935 1973 1019 2037 sicut
1033 1982 1109 2037 rotae
1129 1972 1294 2052 Centrum,
1312 1974 1388 2040 Poli
1403 1976 1462 2041 tel·
1562 1992 1563 2005 ¹

303 2077 383 2143 luris
395 2086 450 2142 sut
462 2075 551 2157 coeli3
567 2075 697 2160 (etenim
709 2076 865 2161 ejusmodi
874 2075 1057 2162 gyrationes
1066 2075 1149 2140 circa
1160 2076 1325 2162 quiescens
1337 2078 1462 2167 aliquid

303 2190 509 2270 peraguntur,
521 2191 553 2245 et
562 2180 735 2245 secundum
747 2179 870 2266 aliquid
883 2179 933 2244 sui
945 2179 1050 2244 locum
1059 2190 1187 2245 servant
1198 2180 1432 2249 immutabilem
1438 2186 1458 2267 3)
1563 2264 1564 2273 γ

305 2285 402 2351 etiam
417 2284 501 2350 circa
519 2292 682 2373 punctum,
700 2282 879 2350 Gravitatis
898 2306 1012 2371 nempe
1032 2282 1195 2363 Centrum,
1212 2308 1378 2371 corporum
1394 2311 1461 2353 mo-

305 2397 415 2455 menta
427 2388 615 2468 consistunt,
635 2387 669 2452 in
689 2410 726 2453 eo
745 2386 837 2473 quasi
859 2386 941 2451 nodo
961 2386 1045 2452 vires
1060 2408 1134 2452 suas
1149 2388 1306 2474 colligunt
1319 2400 1352 2456 et
1366 2391 1461 2457 coud-

304 2501 415 2572 uncnt,
437 2512 474 2556 eo
494 2488 726 2577 quodammodo
745 2488 920 2554 fulciuntur
938 2498 971 2553 et
990 2498 1215 2571 sustentantur,
1237 2492 1413 2559 secundum
1427 2493 1460 2559 id
1564 2492 1565 2495 ’

304 2601 410 2661 motus
425 2594 475 2659 sui
486 2592 661 2659 sortiuntur
675 2591 879 2657 directionem
891 2615 898 2670 ;
914 2612 1025 2657 versus
1039 2612 1138 2655 unum
1153 2591 1290 2681 denique
1299 2593 1459 2662 Punctum

304 2698 340 2762 in
349 2697 478 2763 Tellure
488 2695 642 2775 Medium,
654 2718 712 2760 ceu
722 2693 976 2781 conspirantibus
987 2694 1080 2774 votis,
1093 2696 1290 2783 propendent
1300 2708 1333 2764 et
1348 2711 1460 2786 sponte

304 2808 402 2865 ruunt
416 2798 533 2877 omnic,
554 2798 607 2863 vel
622 2798 739 2864 directo
755 2808 838 2863 certe
853 2820 963 2882 gressu
982 2798 1023 2863 eb
1039 2820 1075 2864 eo
1090 2798 1253 2886 refugiunt
1265 2812 1360 2889 atque
1375 2826 1460 2869 reoc-

305 2900 395 2965 dunt.

372 3000 437 3069 Sed
452 3001 618 3067 audiemus
633 3002 782 3070 Proclum
801 3004 864 3070 tale
879 3003 1003 3070 Punoto
1019 3004 1159 3093 elogium
1175 3016 1387 3095 pungentem:
1411 3008 1458 3075 Τά

305 3132 341 3173 τε
361 3103 425 3193 γὰρ
447 3102 563 3190 κέντρα
584 3104 655 3171 κατ’
676 3105 835 3194 ἐνέργειαν
855 3104 1017 3194 ὑφέστηκε
1037 3109 1208 3177 συνεκτικὰ
1227 3114 1292 3177 τῶν
1311 3118 1460 3203 σφαιρῶν

305 3208 507 3298 ὑπάρχοντα,
529 3208 585 3273 καὶ
606 3208 746 3291 ἑνίζοντα
767 3209 826 3282 τὰς
848 3208 1035 3281 διαστάσεις
1056 3211 1170 3295 αὐτῶν,
1197 3215 1253 3281 καὶ
1277 3217 1459 3303 σφιηγοιτα

304 3311 363 3383 τὰς
392 3310 538 3393 δυνάμεις
567 3311 600 3377 ἐν
629 3310 750 3392 αὐτοῖς,
777 3311 834 3377 καὶ
859 3311 1078 3400 συνερειδοντα
1104 3313 1186 3403 πρὸς
1208 3317 1319 3383 ἑαυτά·
1350 3320 1406 3385 καὶ
1430 3320 1460 3387 οἱ

305 3415 414 3499 ἄξονες
428 3414 681 3481 συνελίσσουσιν
695 3414 805 3495 αὐτὰς,
821 3416 876 3481 καὶ
891 3416 1101 3503 περιάγουσιν
1115 3416 1207 3485 αὐτοὶ
1220 3420 1361 3504 μονίμως
1377 3422 1458 3511 ἱδρυ-

302 3520 400 3604 μένοι,
420 3518 476 3585 καὶ
492 3520 568 3607 περὶ
588 3518 719 3590 ἑαυτοὺς
739 3518 973 3587 ἅνακυκλοΰσι·
996 3521 1052 3586 καὶ
1069 3520 1134 3605 μὴν
1153 3522 1208 3587 καὶ
1228 3522 1260 3589 οἱ
1275 3524 1376 3591 πόλοι
1396 3532 1458 3594 τῶν

304 3628 462 3712 σφαιρῶν,
489 3624 545 3689 καὶ
571 3621 686 3694 αὐτοδς
709 3622 782 3695 τοὺς
807 3622 923 3708 ἄξονας
947 3622 1159 3712 ἀφορίζοντες,
1186 3627 1242 3692 καὶ
1267 3628 1326 3699 τὰς
1352 3629 1457 3702 ἄλλοις

303 3728 482 3817 περιφορὰς
505 3727 562 3815 ἀφ’
587 3728 708 3794 ἑαυτῶν
729 3728 918 3816 συνέχοντες
939 3730 1009 3799 πῶς
1030 3728 1106 3817 οὐχὶ
1130 3729 1285 3811 δηλοῦσιν
1310 3734 1456 3823 ἐναργῶς,

303 3830 353 3898 ὅτι
378 3831 421 3899 τὰ
443 3837 563 3916 σημεῖα
586 3830 812 3919 δημιουργικὰς
838 3830 906 3919 ἔχει
931 3830 986 3897 καὶ
1013 3833 1200 3905 συνεκτικὰς
1221 3835 1378 3920 δυνάμεις,
1405 3838 1457 3905 καὶ

303 3934 498 4006 τελειοτικὰς
520 3938 586 4002 τῶν
608 3933 789 4001 διεστώτων
808 3934 949 4016 πάντων,
977 3934 1117 4007 totototo
1143 3964 1178 4003 τε
1203 3940 1372 4029 χορηγοὺς,
1404 3942 1456 4008 καὶ

811 4062 819 4095 ¹
838 4063 948 4113 Proclue.

917 4202 1020 4211 -.ω-.-

356 4261 453 4319 Points
464 4263 535 4319 bnvc
545 4266 712 4323 mechoniml
723 4269 897 4339 properties3
914 4269 957 4324 tor
969 4270 1102 4341 example,
1114 4272 1162 4328 tbo
1178 4276 1274 4330 contre
1286 4274 1346 4335 ota
1357 4275 1454 4339 ποθεὶς

302 4348 436 4418 tbepoles
442 4350 611 4407 ottbeeurth
620 4353 787 4422 orhccvens;
800 4355 847 4411 the
855 4360 950 4412 centro
956 4357 987 4413 os
990 4357 1109 4427 gravit„
1121 4356 1170 4415 tho
1178 4362 1272 4415 contre
1279 4360 1310 4416 of
1314 4360 1362 4417 the
1369 4360 1451 4418 ecrtb

354 4434 490 4493 Procius’s
507 4436 605 4507 culogy
622 4438 653 4492 of
665 4439 764 4509 points
