3167 5192
90 389 181 438 amr.
199 373 324 460 xxun]
430 389 616 439 carneuna
637 387 911 438 munansrrcar.
1186 375 1251 444 369

90 555 172 622 dinis
194 565 229 622 et
252 555 426 623 identitatis
448 557 578 646 species,
600 555 695 623 multi
716 556 835 644 modus
857 565 941 624 sunt.
986 557 1076 645 Ergo
1097 558 1160 624 nisi
1182 558 1248 626 dis·

88 658 198 724 tinctio
213 659 362 745 quadam
378 659 507 726 ulterior
521 661 728 747 excogitatur,
743 661 816 746 (hoc
831 671 889 740 est,
904 660 966 726 nisi
981 660 1087 749 passio
1101 661 1248 748 quadam

88 762 146 828 hac
159 763 270 828 notior
286 773 319 829 et
330 763 495 851 specialior
505 762 720 847 adsciscatur,)
734 786 776 828 ex
790 764 851 830 hoc
864 765 1021 831 vocabulo
1033 763 1081 829 nil
1097 765 1244 832 elucebit.

89 865 192 945 Quare
207 866 409 933 definitiones
427 866 512 932 laxis
530 865 714 953 hujusmodi
733 855 877 932 terminis
896 877 1075 934 constantes
1090 867 1173 933 nihil
1188 891 1246 935 ex·

88 969 218 1056 plicant,
235 970 367 1035 inutiles
381 980 414 1034 et
427 968 559 1034 minime
574 967 754 1034 scientificae
768 978 854 1034 sunt.

150 1069 276 1151 Tertio,
298 1079 491 1157 asymmetra
505 1081 626 1157 quanta
644 1093 707 1157 quo
726 1070 820 1137 modo
839 1093 874 1136 se
887 1070 1070 1158 respiciunt,
1088 1070 1145 1136 vix
1160 1094 1246 1137 com-

88 1174 242 1261 prehendi
260 1184 436 1263 potestant
450 1174 621 1262 explicari3
644 1197 709 1240 non
730 1197 806 1260 ergo
827 1175 906 1263 quid
928 1176 971 1240 sit
992 1176 1050 1242 illa
1072 1176 1171 1242 simili
1191 1177 1245 1243 vel

89 1277 196 1342 eodem
226 1300 264 1344 se
292 1277 387 1344 modo
415 1278 579 1366 respicere,
608 1277 745 1366 perspici
773 1287 879 1365 potest
907 1277 1107 1358 immediate3
1142 1300 1245 1365 neque

88 1381 215 1468 quando
228 1381 290 1447 tali
303 1389 463 1468 respectus
482 1380 691 1446 similitudine
711 1390 785 1446 sunt
800 1381 912 1446 affecta
926 1379 1080 1466 dignosci.
1125 1381 1244 1448 Videa-

89 1493 139 1550 tur
158 1484 313 1551 Borellus
333 1483 386 1549 his
407 1485 584 1570 oppositam
607 1482 763 1570 Tacqueti
784 1483 1019 1571 responsionem
1041 1483 1243 1570 impugnans,

90 1608 162 1652 nam
174 1587 260 1652 mihi
275 1585 557 1674 deproperandum.

151 1698 181 1754 4.
229 1687 286 1752 Ex
299 1686 351 1754 his
369 1709 445 1754 vero
464 1696 661 1754 consectatum
680 1696 802 1774 quarto,
823 1687 909 1774 quod
923 1710 995 1774 qua
1010 1687 1050 1754 de
1069 1688 1245 1776 proportio-

91 1789 217 1856 nalibus
237 1790 291 1856 vel
313 1797 476 1856 assumant
496 1789 667 1870 axiomata,
688 1791 743 1855 vel
764 1790 977 1858 demonstrare
994 1813 1060 1878 pra
1082 1813 1117 1856 se
1138 1791 1243 1858 ierunt

93 1892 296 1973 theoremata,
307 1893 364 1980 qui
378 1893 454 1958 huie
466 1891 616 1958 methodo
630 1892 791 1973 insistunt,
805 1892 861 1958 illa
874 1915 934 1958 nec
948 1894 1068 1959 assumi
1083 1903 1175 1974 recte,
1186 1915 1244 1960 nec

93 2016 161 2062 rere
181 1996 401 2063 demonstrari.
446 1993 532 2062 Nam
554 1995 712 2082 quomodo
734 1995 817 2061 sumi
838 1996 891 2062 vel
912 1996 1038 2084 probari
1059 2007 1165 2085 potest
1186 1997 1245 2062 cli·

94 2100 164 2183 quid
177 2099 466 2188 proportionalibus
480 2109 665 2186 competere,
681 2121 780 2185 quum
799 2099 904 2187 ipsum
922 2100 1000 2188 quid
1020 2101 1063 2167 sit
1082 2123 1151 2168 esse
1170 2123 1243 2189 prc-

94 2203 279 2287 portionalia
291 2201 434 2267 nondum
447 2212 532 2267 certo
546 2195 677 2282 constet,
693 2212 749 2269 aut
762 2202 846 2270 clare
860 2204 1079 2293 concipiatur?

153 2305 260 2386 Quare
278 2304 368 2370 nullo
386 2303 593 2370 fundamento
613 2305 727 2371 nititur
746 2307 816 2372 haec
834 2307 1013 2386 methodus,
1035 2317 1068 2374 et
1089 2307 1181 2394 quasi
1202 2307 1243 2374 de

98 2405 190 2474 nihilo
205 2416 330 2474 tractat.
374 2406 424 2474 Ut
442 2416 633 2494 praeteream,
655 2406 741 2493 quod
759 2407 838 2474 adeo
857 2408 959 2474 multa
980 2408 1080 2494 gratis
1097 2407 1243 2494 arripere,

96 2509 143 2574 rel
154 2510 402 2578 indemonstrata
415 2521 530 2598 petere,
547 2521 580 2578 et
594 2510 686 2597 quasi
700 2509 909 2589 emendicare,
932 2510 1123 2577 Geometriae
1138 2509 1244 2595 digni-

99 2612 151 2678 uti
162 2613 309 2681 nonnihil
324 2613 463 2700 deroget,
478 2624 511 2680 et
524 2613 657 2678 nimiam
671 2612 787 2678 inferat
801 2611 941 2678 Mathesi
955 2611 1126 2680 licentiam.

154 2726 185 2784 5.
229 2717 294 2782 His
308 2716 424 2802 adjicio
436 2717 558 2803 quinto,
570 2714 656 2804 quod
671 2715 856 2802 hujusmodi
870 2713 1069 2781 definitiones
1084 2724 1245 2803 nequeunt

100 2819 280 2904 specialibus
304 2819 445 2884 materiis
469 2818 613 2906 adaptari
622 2843 631 2899 ς
661 2818 716 2884 scd
743 2839 853 2883 earum
882 2817 1159 2904 proportionalitas
1188 2840 1245 2906 per

100 2917 301 3002 humectas,
324 2943 441 3008 easque
461 2921 542 2987 bene
561 2920 698 3008 prolixis
718 2928 751 2986 et
772 2919 928 2986 intricatis
950 2921 1123 2988 ratiociniis
1145 2921 1243 2986 fultas

101 3029 304 3095 conclusiones
319 3026 559 3092 demonstratur.
604 3021 653 3090 Ut
666 3023 790 3112 patebit
804 3021 1052 3110 Tacquetianam
1067 3024 1177 3112 prima
1194 3023 1245 3091 rel

54 3114 58 3122 ⁸
101 3127 212 3197 ultima
231 3153 357 3218 propos.
383 3128 489 3194 Elem.
512 3146 561 3194 vl.
587 3126 887 3193 demonstrationem
913 3126 1114 3214 inspectanti.
1167 3125 1245 3193 Non

102 3227 141 3294 ibi
151 3231 432 3321 proportionalium
450 3229 593 3296 definitio
607 3228 705 3294 citata
719 3239 889 3315 comparet,
910 3229 965 3296 sed
980 3229 1045 3295 alia
1059 3230 1242 3318 propositio,

101 3337 215 3423 propria
228 3335 400 3424 Tacqueto,
422 3333 464 3398 ab
478 3355 515 3398 eo
532 3332 612 3398 alibi
633 3330 728 3417 longo
752 3331 884 3417 (illoque
902 3331 1056 3398 indirecto
1075 3341 1108 3398 et
1127 3353 1246 3418 epago-

102 3434 164 3517 glcc
184 3437 339 3520 disemsu)
366 3433 580 3522 comprobata.
625 3431 719 3511 Quod
742 3432 825 3498 mihi
852 3432 981 3518 signum
1006 3432 1132 3499 videtur
1158 3432 1246 3498 haud

103 3533 223 3608 dubium
244 3539 463 3617 incommoda,
489 3547 522 3602 et
542 3535 734 3623 imperfectae
755 3527 951 3600 delinitionis
971 3545 1154 3623 prestrata,
1179 3557 1247 3601 me·

104 3638 242 3730 thodique
255 3627 370 3732 parum
385 3639 576 3707 scientificae.

157 3745 219 3812 His
233 3744 411 3813 defectibus
424 3742 561 3810 breviter
575 3740 813 3820 animadversis,
830 3740 971 3806 obnoxia
984 3738 1109 3807 videtur
1122 3741 1245 3806 metho-

105 3843 154 3912 dus
166 3847 339 3936 Tacqneti3
357 3869 491 3934 quorum
505 3843 613 3910 nullus
627 3841 792 3910 Eucliden
807 3842 957 3910 doctrinae
968 3852 1073 3930 potest
1083 3843 1243 3930 objectari.

104 3945 185 4017 liihil
208 3953 306 4018 isthic
329 3949 544 4038 nugatorium,
570 3948 769 4033 ambiguum,
796 3946 1130 4034 incomprehensibile3
1160 3959 1244 4014 recto

104 4053 173 4136 pede
185 4054 370 4144 procedunt,
383 4053 475 4119 firmo
488 4051 620 4118 tibicine
634 4050 809 4116 fulciuntur
823 4050 938 4132 omnia,
954 4049 1152 4138 paucissimae
1166 4067 1252 4138 prae·

30 4328 31 4331 ’
147 4325 170 4376 ι
204 4321 271 4377 And
288 4321 356 4376 does
373 4323 423 4376 not
441 4319 523 4391 apply
538 4324 569 4376 to
586 4316 881 4375 incommensurables:

147 4413 169 4461 4.
202 4408 263 4463 Nor
280 4406 378 4477 supply
395 4407 507 4463 axioma

148 4497 170 4544 c.
203 4487 828 4564 Noreaubeappliedtcspcciclsnbjecta
955 4489 971 4506 '

141 4591 169 4640 B.
181 4595 217 4642 lt.
