3167 5192
521 442 646 493 onemo
669 443 904 492 rnnrrronm.
1275 425 1295 488 9

127 635 226 680 ausus
239 610 472 701 promovendos
484 624 742 699 perverterentur.
787 612 840 677 Ita
849 611 996 698 clypeum
1012 619 1046 675 se'
1061 620 1203 675 restrum
1218 618 1293 673 utne

128 717 247 803 objecit
263 716 453 803 importunae
471 715 631 802 nequitiae,
655 715 798 801 gladium
821 725 932 801 postca
952 713 1046 779 vobis
1068 711 1221 778 adversus
1243 712 1293 775 in·

128 818 256 884 scitiam
277 816 491 896 accincturus;
512 818 733 882 averruncavit
747 818 871 882 anobis
889 816 1020 883 exitiale
1035 800 1197 894 damnum,
1213 837 1291 880 mox

128 919 257 1006 insigne
271 919 394 984 lucrum
411 918 600 1004 adjectuuus.
639 918 766 1006 Quippe
780 919 923 984 mortalis
938 917 1084 984 curriculi
1100 939 1172 982 curn
1188 927 1292 984 extre·

127 1045 215 1088 mam
238 1044 320 1109 pene
342 1034 460 1087 metam
484 1045 517 1087 ae
539 1023 683 1108 attigisse
707 1023 914 1110 praesentiret,
936 1031 973 1086 ut
996 1021 1151 1087 beneficio
1177 1021 1289 1086 saltem
1331 1065 1346 1090 .

126 1124 311 1212 perduraret
341 1133 509 1211 superstes,
540 1147 599 1189 nec
627 1124 775 1211 prodesse
805 1125 898 1189 robis
927 1135 1063 1189 cessaret
1091 1123 1188 1188 etiam
1216 1145 1289 1190 cum

127 1226 239 1292 vivere
260 1226 415 1304 desiisset,
437 1225 533 1312 coepit
553 1227 659 1290 animo
675 1248 800 1291 versare
815 1248 935 1322 secum,
949 1236 981 1291 et
1003 1249 1076 1290 cum
1091 1225 1202 1290 amicis
1216 1249 1291 1291 con·

127 1329 239 1394 silium
254 1329 335 1394 inire
351 1335 416 1414 qut
436 1327 638 1414 potissimum
655 1329 776 1394 ratione
797 1328 912 1393 studiis
926 1329 1041 1394 restria
1056 1350 1152 1415 quam
1173 1329 1291 1416 optime

127 1445 238 1520 posset
252 1433 433 1513 consulere;
456 1456 590 1519 cumque
605 1439 669 1521 qut
686 1445 776 1519 parte
790 1433 911 1500 debiles
926 1434 1037 1500 essetis
1057 1434 1206 1513 maxime,
1222 1434 1291 1498 ido·

127 1536 199 1602 neis
212 1520 299 1602 illam
314 1535 470 1622 praesidiis
485 1535 620 1614 firmare,
632 1535 818 1601 vulneribus
832 1524 946 1602 vestris
962 1546 1139 1624 opportuna
1151 1537 1291 1602 remedia

127 1638 298 1727 applicare,
314 1637 454 1704 defectus
474 1638 628 1725 supplere,
648 1639 764 1704 damna
778 1640 928 1705 resarcire
942 1640 1115 1705 statuisset.

196 1740 315 1807 Omnia
339 1740 604 1829 circumspicienti
627 1743 779 1807 succurrit
804 1743 962 1830 imprimis
984 1743 1173 1829 dignissima
1196 1743 1290 1810 bene-

126 1845 267 1911 ficentiae
289 1845 431 1922 materia,
458 1843 696 1910 Mathematicus
720 1844 916 1932 disciplina:
950 1868 1028 1932 quas
1055 1869 1128 1912 cunr
1154 1846 1290 1932 insignis

128 1951 332 2018 commendet
351 1950 482 2030 utilitas,
499 1951 646 2036 ingenuae
662 1950 864 2017 delectationi
879 1951 1046 2039 adjuncta;
1063 1975 1135 2018 cum
1149 1953 1289 2040 ipsarum

128 2055 298 2143 peculiaris
317 2053 484 2119 difficultas
504 2054 618 2119 auxilii
632 2053 805 2142 plurimum
820 2056 990 2142 efflagitet3
1013 2079 1085 2121 cum
1101 2057 1187 2143 ipsas
1202 2066 1289 2122 vete·
1364 2125 1367 2130 ,

127 2181 179 2224 res
208 2157 375 2244 sapientiae
399 2156 545 2242 magistri
576 2157 736 2244 praecipua
764 2164 840 2223 curs
867 2157 1072 2238 excoluerint,
1098 2159 1202 2224 omnis
1228 2159 1289 2224 aevi

129 2261 277 2328 homines
291 2261 420 2346 ingente
433 2259 548 2347 plausu
563 2261 754 2362 exceperint,
772 2283 910 2348 praesens
924 2273 1030 2326 autern
1045 2272 1122 2328 acme
1136 2262 1171 2326 in
1185 2272 1291 2327 extre·

128 2363 193 2428 mis
207 2362 330 2429 deliciis
345 2361 478 2440 habeat3
501 2361 681 2427 mirandum
696 2363 803 2427 nescio
816 2364 920 2449 magis
935 2386 976 2427 an
994 2363 1164 2429 dolendum
1187 2364 1240 2443 sit,
1255 2364 1289 2428 in

129 2465 192 2530 hac
214 2464 357 2530 omnium
379 2463 616 2551 disciplinarum
638 2463 786 2529 foecunda
812 2475 921 2544 matre,
948 2465 1090 2530 omnium
1113 2465 1290 2531 studiorum

129 2569 272 2655 benigna
286 2567 407 2634 nutrice
421 2565 597 2632 Academia
611 2567 733 2632 nullum
748 2567 846 2633 ferme
860 2569 1013 2632 hactenus
1028 2567 1092 2632 illis
1107 2591 1289 2632 concessum

129 2671 230 2739 fuisse
246 2672 360 2750 locum,
376 2669 498 2736 nullum
518 2670 716 2756 assignatum
736 2669 913 2757 praemium,
936 2668 1059 2734 nullum
1080 2669 1289 2757 patrocinium

131 2776 303 2842 indultum.
357 2773 497 2840 Tantum
525 2772 661 2839 dedecus
690 2771 815 2838 amoliri
841 2772 983 2851 studens,
1007 2783 1039 2837 et
1060 2795 1123 2859 quo
1144 2773 1287 2860 jacentes

131 2879 292 2947 &ienties
320 2879 516 2956 instauraret,
548 2877 734 2963 adjutricem
761 2877 825 2941 illis
858 2877 1112 2942 subministravit
1148 2900 1287 2956 manum,

130 2981 332 3048 Professione
347 2979 575 3046 Mathematict
588 2980 655 3046 suis
670 2980 819 3068 auspiciis
834 2981 1068 3062 institutt,s11ia
1083 2981 1197 3069 opibus
1212 2980 1290 3047 libe·

129 3083 191 3151 rali
209 3083 366 3172 stipendio
385 3083 503 3149 dotata.
535 3083 718 3164 Quinetiam
733 3105 806 3150 cum
821 3083 1028 3150 Bibliotheca
1043 3096 1157 3150 vestrae
1172 3083 1289 3149 sublati

128 3185 207 3252 libri
231 3185 445 3252 lambethani
469 3185 704 3251 acerbissimam
727 3185 855 3273 plagam
878 3186 1081 3280 indixissent,
1106 3186 1288 3274 personavit

128 3287 221 3356 illam
234 3289 357 3375 (saltem
371 3289 465 3354 valde
476 3290 650 3376 mitigavit)
663 3289 837 3355 substituta
852 3295 918 3370 sua,
930 3292 1036 3356 minus
1049 3291 1138 3356 lauta
1148 3289 1287 3380 quidem,

127 3417 192 3462 nec
205 3392 336 3481 perinde
351 3394 531 3480 magnifict,
548 3394 604 3460 sed
620 3415 710 3481 aque
724 3395 816 3474 lectt,
832 3395 949 3482 pariter
962 3395 1100 3481 pretiose
1114 3397 1290 3484 suppellec-

127 3497 190 3563 tile
208 3497 346 3578 libraria,
362 3483 482 3584 insigni
504 3497 559 3563 illo
581 3507 647 3562 tam
670 3497 854 3562 eruditionis
876 3519 942 3562 suae
956 3509 1169 3578 monumento,
1194 3521 1289 3584 quam

128 3600 316 3688 adjumento
336 3611 458 3668 vestrae.
903 3662 906 3668 ⁴

200 3705 280 3783 Quae
301 3703 466 3770 benefacta
488 3725 559 3769 curn
583 3703 679 3770 nullis
702 3703 890 3792 amplificari
913 3703 1029 3783 verbis,
1052 3702 1150 3767 nullis
1172 3711 1289 3789 queant

129 3804 294 3878 coloribus
308 3805 481 3886 illustra-rh
505 3805 650 3893 idemque
665 3807 761 3894 plane
781 3806 824 3871 sit
841 3806 899 3871 illa
915 3805 1102 3893 simpliciter
1120 3827 1289 3886 recensere,

131 3933 172 3978 ae
185 3911 256 3978 fuse
269 3909 443 3990 celebrare3
466 3909 560 3976 vobis
574 3908 681 3997 potius
697 3910 893 3975 committam
908 3909 1050 3996 gratifico
1063 3909 1181 3974 mentis
1195 3931 1292 3976 sensu

131 4011 313 4092 recolenda,
329 4035 425 4099 qnam
439 4011 520 4077 mihi
536 4011 699 4078 desumam
714 4011 786 4077 rudi
796 4013 939 4077 encomio
950 4011 1141 4077 temeranda.
1180 4011 1297 4082 Adno-.

132 4127 203 4182 tere
217 4114 331 4181 saltem
346 4114 449 4194 liceat,
463 4116 577 4202 (obiter
592 4125 687 4203 atque
701 4115 859 4199 strictim)
874 4137 972 4202 quum
988 4115 1081 4201 (sicut
1091 4116 1208 4183 assolet
1222 4118 1291 4184 fieri

133 4218 222 4306 quod
236 4219 449 4307 pretermissa
462 4231 562 4286 matre
577 4220 748 4306 benignius
763 4229 938 4284 tractentur
950 4218 1038 4302 filiae)
1055 4219 1161 4307 plures
1176 4221 1210 4285 in
1226 4221 1292 4286 ain-

133 4321 375 4409 gnlaCollegia
389 4345 524 4410 pronum
547 4323 694 4388 affectum
717 4321 883 4388 contestati
905 4322 979 4403 sint,
994 4323 1193 4411 praegrandia
1208 4323 1293 4388 dona

133 4425 335 4504 consuerint,
351 4425 478 4492 nullum
494 4427 646 4492 hactenus
660 4426 818 4490 univeraae
833 4426 1016 4493 Academiae
1031 4436 1097 4490 tam
1118 4426 1290 4491 officiosum

134 4531 249 4611 filium,
265 4543 392 4617 gratum
415 4530 590 4609 alumnum,
606 4529 791 4596 munificum
814 4541 983 4619 patronum
1005 4530 1190 4598 obvenisse:
1213 4555 1291 4619 quo-

201 4651 232 4698 a.
245 4651 282 4698 u.
1186 4637 1206 4699 2
