<?xml version="1.0" encoding="UTF-8"?>
<!DOCTYPE html PUBLIC "-//W3C//DTD XHTML 1.0 Transitional//EN"
    "http://www.w3.org/TR/xhtml1/DTD/xhtml1-transitional.dtd">
<html xmlns="http://www.w3.org/1999/xhtml" xml:lang="en" lang="en">
 <head>
  <title>
</title>
<meta http-equiv="Content-Type" content="text/html;charset=utf-8" />
  <meta name='ocr-system' content='tesseract 3.04.00' />
  <meta name='ocr-capabilities' content='ocr_page ocr_carea ocr_par ocr_line ocrx_word'/>
</head>
<body>
  <div class='ocr_page' id='page_1' title='image "./mathematicalwor00whewgoog_0244.png"; bbox 0 0 3167 5192; ppageno 0'>
   <div class='ocr_carea' id='block_1_1' title="bbox 335 333 1489 437">
    <p class='ocr_par' dir='ltr' id='par_1_1' title="bbox 335 333 1489 437">
     <span class='ocr_line' id='line_1_1' title="bbox 335 333 1489 437; baseline -0.006 -13"><span class='ocrx_word' id='word_1_1' title='bbox 335 358 400 425; x_wconf 75' lang='lat'><strong>220</strong></span> <span class='ocrx_word' id='word_1_2' title='bbox 454 333 456 341; x_wconf 69' lang='lat'><em>,</em></span> <span class='ocrx_word' id='word_1_3' title='bbox 675 371 863 421; x_wconf 76' lang='lat' dir='ltr'><strong>neormam</strong></span> <span class='ocrx_word' id='word_1_4' title='bbox 886 370 1159 421; x_wconf 78' lang='lat' dir='ltr'><strong>uaruauautcae.</strong></span> <span class='ocrx_word' id='word_1_5' title='bbox 1297 352 1408 437; x_wconf 79' lang='lat' dir='ltr'><strong>[uuor.</strong></span> <span class='ocrx_word' id='word_1_6' title='bbox 1423 368 1489 417; x_wconf 75' lang='lat' dir='ltr'><strong>xiv.</strong></span> 
     </span>
    </p>
   </div>
   <div class='ocr_carea' id='block_1_2' title="bbox 336 541 1533 4133">
    <p class='ocr_par' dir='ltr' id='par_1_2' title="bbox 338 541 1494 842">
     <span class='ocr_line' id='line_1_2' title="bbox 338 541 1491 611; baseline -0.004 0"><span class='ocrx_word' id='word_1_7' title='bbox 338 555 370 611; x_wconf 91' lang='lat' dir='ltr'><strong>et</strong></span> <span class='ocrx_word' id='word_1_8' title='bbox 384 543 523 611; x_wconf 79' lang='lat' dir='ltr'><strong>deforme</strong></span> <span class='ocrx_word' id='word_1_9' title='bbox 544 542 597 609; x_wconf 88' lang='lat' dir='ltr'><strong>vel</strong></span> <span class='ocrx_word' id='word_1_10' title='bbox 615 553 829 611; x_wconf 82' lang='lat' dir='ltr'><strong>monstrosum</strong></span> <span class='ocrx_word' id='word_1_11' title='bbox 843 542 1053 611; x_wconf 82' lang='lat' dir='ltr'><strong>existimatur.</strong></span> <span class='ocrx_word' id='word_1_12' title='bbox 1098 544 1140 609; x_wconf 93' lang='lat' dir='ltr'><strong>In</strong></span> <span class='ocrx_word' id='word_1_13' title='bbox 1159 542 1387 611; x_wconf 84' lang='lat' dir='ltr'><strong>artificialibus</strong></span> <span class='ocrx_word' id='word_1_14' title='bbox 1406 541 1491 607; x_wconf 82' lang='lat' dir='ltr'><strong>etiam</strong></span> 
     </span>
     <span class='ocr_line' id='line_1_3' title="bbox 338 643 1494 737; baseline -0.006 -22"><span class='ocrx_word' id='word_1_15' title='bbox 338 648 559 737; x_wconf 81' lang='lat' dir='ltr'><strong>quadantenus</strong></span> <span class='ocrx_word' id='word_1_16' title='bbox 582 670 599 713; x_wconf 91' lang='lat' dir='ltr'><strong>e</strong></span> <span class='ocrx_word' id='word_1_17' title='bbox 622 647 680 713; x_wconf 82' lang='lat' dir='ltr'><strong>tali</strong></span> <span class='ocrx_word' id='word_1_18' title='bbox 702 654 852 715; x_wconf 69' lang='lat' dir='ltr'><strong>mensura</strong></span> <span class='ocrx_word' id='word_1_19' title='bbox 871 647 1064 735; x_wconf 84' lang='lat' dir='ltr'><strong>dijudioatur</strong></span> <span class='ocrx_word' id='word_1_20' title='bbox 1084 646 1123 714; x_wconf 85' lang='grc' dir='ltr'><strong>τὸ</strong></span> <span class='ocrx_word' id='word_1_21' title='bbox 1147 646 1275 737; x_wconf 75' lang='grc' dir='ltr'>πρέπον</span> <span class='ocrx_word' id='word_1_22' title='bbox 1301 657 1337 713; x_wconf 92' lang='lat' dir='ltr'><strong>et</strong></span> <span class='ocrx_word' id='word_1_23' title='bbox 1360 643 1399 711; x_wconf 84' lang='grc' dir='ltr'><strong>τό</strong></span> <span class='ocrx_word' id='word_1_24' title='bbox 1421 668 1494 725; x_wconf 84' lang='grc' dir='ltr'>συρ·</span> 
     </span>
     <span class='ocr_line' id='line_1_4' title="bbox 340 753 448 842; baseline 0.019 -24"><span class='ocrx_word' id='word_1_25' title='bbox 340 753 448 842; x_wconf 82' lang='grc' dir='ltr'>φέρον.</span> 
     </span>
    </p>

    <p class='ocr_par' dir='ltr' id='par_1_3' title="bbox 336 855 1533 2903">
     <span class='ocr_line' id='line_1_5' title="bbox 405 855 1496 944; baseline -0.005 -21"><span class='ocrx_word' id='word_1_26' title='bbox 405 856 475 923; x_wconf 90' lang='lat' dir='ltr'><strong>Neo</strong></span> <span class='ocrx_word' id='word_1_27' title='bbox 503 856 589 923; x_wconf 87' lang='lat' dir='ltr'><strong>enim</strong></span> <span class='ocrx_word' id='word_1_28' title='bbox 615 856 678 923; x_wconf 88' lang='lat' dir='ltr'><strong>alio</strong></span> <span class='ocrx_word' id='word_1_29' title='bbox 703 855 767 923; x_wconf 85' lang='lat' dir='ltr'><strong>fere</strong></span> <span class='ocrx_word' id='word_1_30' title='bbox 791 856 964 925; x_wconf 76' lang='lat' dir='ltr'><strong>collineant</strong></span> <span class='ocrx_word' id='word_1_31' title='bbox 988 867 1072 923; x_wconf 79' lang='lat' dir='ltr'><strong>artes</strong></span> <span class='ocrx_word' id='word_1_32' title='bbox 1096 878 1319 944; x_wconf 72' lang='lat' dir='ltr'><strong>unaquaeque,</strong></span> <span class='ocrx_word' id='word_1_33' title='bbox 1347 876 1443 941; x_wconf 86' lang='lat' dir='ltr'><strong>qnam</strong></span> <span class='ocrx_word' id='word_1_34' title='bbox 1465 861 1496 917; x_wconf 87' lang='lat' dir='ltr'><strong>ut</strong></span> 
     </span>
     <span class='ocr_line' id='line_1_6' title="bbox 336 958 1496 1051; baseline -0.008 -22"><span class='ocrx_word' id='word_1_35' title='bbox 336 963 458 1051; x_wconf 88' lang='lat' dir='ltr'><strong>justam</strong></span> <span class='ocrx_word' id='word_1_36' title='bbox 476 960 636 1047; x_wconf 86' lang='lat' dir='ltr'><strong>quandam</strong></span> <span class='ocrx_word' id='word_1_37' title='bbox 658 960 753 1025; x_wconf 86' lang='lat' dir='ltr'><strong>rebus</strong></span> <span class='ocrx_word' id='word_1_38' title='bbox 774 960 859 1025; x_wconf 84' lang='lat' dir='ltr'><strong>eirea</strong></span> <span class='ocrx_word' id='word_1_39' title='bbox 878 982 960 1048; x_wconf 87' lang='lat' dir='ltr'><strong>quaa</strong></span> <span class='ocrx_word' id='word_1_40' title='bbox 980 970 1175 1048; x_wconf 70' lang='lat' dir='ltr'>occupantur</span> <span class='ocrx_word' id='word_1_41' title='bbox 1193 958 1413 1047; x_wconf 72' lang='lat' dir='ltr'><strong>quantitatem</strong></span> <span class='ocrx_word' id='word_1_42' title='bbox 1430 977 1496 1021; x_wconf 86' lang='lat' dir='ltr'><strong>oon·</strong></span> 
     </span>
     <span class='ocr_line' id='line_1_7' title="bbox 341 1058 1495 1152; baseline -0.007 -20"><span class='ocrx_word' id='word_1_43' title='bbox 341 1065 453 1145; x_wconf 84' lang='lat' dir='ltr'><strong>lerant,</strong></span> <span class='ocrx_word' id='word_1_44' title='bbox 474 1062 640 1130; x_wconf 86' lang='lat' dir='ltr'><strong>destinatis</strong></span> <span class='ocrx_word' id='word_1_45' title='bbox 655 1063 846 1150; x_wconf 89' lang='lat' dir='ltr'><strong>quibusdam</strong></span> <span class='ocrx_word' id='word_1_46' title='bbox 865 1064 978 1130; x_wconf 89' lang='lat' dir='ltr'><strong>usibus</strong></span> <span class='ocrx_word' id='word_1_47' title='bbox 997 1074 1053 1130; x_wconf 88' lang='lat' dir='ltr'><strong>aut</strong></span> <span class='ocrx_word' id='word_1_48' title='bbox 1065 1063 1262 1152; x_wconf 90' lang='lat' dir='ltr'><strong>apparentiis</strong></span> <span class='ocrx_word' id='word_1_49' title='bbox 1281 1058 1495 1144; x_wconf 84' lang='lat' dir='ltr'><strong>aooommoda·</strong></span> 
     </span>
     <span class='ocr_line' id='line_1_8' title="bbox 341 1166 1495 1269; baseline -0.004 -36"><span class='ocrx_word' id='word_1_50' title='bbox 341 1178 418 1269; x_wconf 73' lang='lat' dir='ltr'><strong>tam.</strong></span> <span class='ocrx_word' id='word_1_51' title='bbox 463 1166 560 1233; x_wconf 87' lang='lat' dir='ltr'><strong>Unde</strong></span> <span class='ocrx_word' id='word_1_52' title='bbox 582 1166 693 1231; x_wconf 84' lang='lat' dir='ltr'><strong>Plato¹</strong></span> <span class='ocrx_word' id='word_1_53' title='bbox 715 1176 845 1233; x_wconf 84' lang='lat' dir='ltr'><strong>cunctas</strong></span> <span class='ocrx_word' id='word_1_54' title='bbox 865 1177 949 1233; x_wconf 84' lang='lat' dir='ltr'><strong>artes</strong></span> <span class='ocrx_word' id='word_1_55' title='bbox 963 1170 1021 1250; x_wconf 76' lang='grc' dir='ltr'><strong>τῆς</strong></span> <span class='ocrx_word' id='word_1_56' title='bbox 1034 1171 1228 1256; x_wconf 66' lang='grc' dir='ltr'><strong>μετρητοαῖς</strong></span> <span class='ocrx_word' id='word_1_57' title='bbox 1244 1167 1415 1255; x_wconf 84' lang='lat' dir='ltr'><strong>portiones</strong></span> <span class='ocrx_word' id='word_1_58' title='bbox 1431 1184 1495 1229; x_wconf 89' lang='lat' dir='ltr'><strong>oon·</strong></span> 
     </span>
     <span class='ocr_line' id='line_1_9' title="bbox 342 1266 1496 1357; baseline -0.003 -22"><span class='ocrx_word' id='word_1_59' title='bbox 342 1268 455 1348; x_wconf 76' lang='lat' dir='ltr'><strong>stiunt,</strong></span> <span class='ocrx_word' id='word_1_60' title='bbox 476 1279 508 1334; x_wconf 86' lang='lat' dir='ltr'><strong>et</strong></span> <span class='ocrx_word' id='word_1_61' title='bbox 527 1290 601 1333; x_wconf 87' lang='lat' dir='ltr'><strong>auos</strong></span> <span class='ocrx_word' id='word_1_62' title='bbox 620 1267 661 1333; x_wconf 89' lang='lat' dir='ltr'><strong>ad</strong></span> <span class='ocrx_word' id='word_1_63' title='bbox 681 1266 718 1335; x_wconf 83' lang='grc' dir='ltr'><strong>τὸ</strong></span> <span class='ocrx_word' id='word_1_64' title='bbox 731 1267 862 1355; x_wconf 76' lang='grc' dir='ltr'>μέτριον</span> <span class='ocrx_word' id='word_1_65' title='bbox 879 1278 1012 1335; x_wconf 86' lang='lat' dir='ltr'><strong>oonatua</strong></span> <span class='ocrx_word' id='word_1_66' title='bbox 1032 1270 1170 1357; x_wconf 84' lang='lat' dir='ltr'><strong>dirigere</strong></span> <span class='ocrx_word' id='word_1_67' title='bbox 1188 1270 1293 1349; x_wconf 82' lang='lat' dir='ltr'><strong>docet,</strong></span> <span class='ocrx_word' id='word_1_68' title='bbox 1316 1268 1407 1355; x_wconf 88' lang='lat' dir='ltr'><strong>qnod</strong></span> <span class='ocrx_word' id='word_1_69' title='bbox 1421 1287 1496 1331; x_wconf 77' lang='lat' dir='ltr'><strong>aare·</strong></span> 
     </span>
     <span class='ocr_line' id='line_1_10' title="bbox 342 1370 1496 1459; baseline -0.005 -21"><span class='ocrx_word' id='word_1_70' title='bbox 342 1381 475 1459; x_wconf 89' lang='lat' dir='ltr'><strong>quentes</strong></span> <span class='ocrx_word' id='word_1_71' title='bbox 505 1394 600 1459; x_wconf 87' lang='lat' dir='ltr'><strong>opera</strong></span> <span class='ocrx_word' id='word_1_72' title='bbox 625 1394 683 1437; x_wconf 88' lang='lat' dir='ltr'><strong>sua</strong></span> <span class='ocrx_word' id='word_1_73' title='bbox 708 1372 792 1437; x_wconf 88' lang='lat' dir='ltr'><strong>bona</strong></span> <span class='ocrx_word' id='word_1_74' title='bbox 818 1382 913 1459; x_wconf 84' lang='lat' dir='ltr'><strong>atque</strong></span> <span class='ocrx_word' id='word_1_75' title='bbox 937 1373 1073 1459; x_wconf 82' lang='lat' dir='ltr'><strong>pulchra</strong></span> <span class='ocrx_word' id='word_1_76' title='bbox 1097 1374 1254 1440; x_wconf 83' lang='lat' dir='ltr'><strong>efficiunt:</strong></span> <span class='ocrx_word' id='word_1_77' title='bbox 1295 1370 1347 1437; x_wconf 81' lang='grc' dir='ltr'><strong>Τὸ</strong></span> <span class='ocrx_word' id='word_1_78' title='bbox 1375 1370 1496 1456; x_wconf 77' lang='grc' dir='ltr'>μέτρεον</span> 
     </span>
     <span class='ocr_line' id='line_1_11' title="bbox 344 1472 1533 1565; baseline -0.004 -24"><span class='ocrx_word' id='word_1_79' title='bbox 344 1474 506 1557; x_wconf 80' lang='grc' dir='ltr'>σώζουσαι</span> <span class='ocrx_word' id='word_1_80' title='bbox 524 1474 634 1541; x_wconf 75' lang='grc' dir='ltr'>πάντα</span> <span class='ocrx_word' id='word_1_81' title='bbox 657 1472 774 1558; x_wconf 70' lang='grc' dir='ltr'>ἀγαθὰ,</span> <span class='ocrx_word' id='word_1_82' title='bbox 798 1475 854 1541; x_wconf 81' lang='grc' dir='ltr'><strong>καὶ</strong></span> <span class='ocrx_word' id='word_1_83' title='bbox 875 1475 963 1543; x_wconf 77' lang='grc' dir='ltr'>καλό</span> <span class='ocrx_word' id='word_1_84' title='bbox 983 1474 1229 1565; x_wconf 75' lang='grc' dir='ltr'>ἀπεργάζονται.</span> <span class='ocrx_word' id='word_1_85' title='bbox 1274 1476 1413 1555; x_wconf 76' lang='lat' dir='ltr'><strong>Iterum,</strong></span> <span class='ocrx_word' id='word_1_86' title='bbox 1436 1473 1496 1536; x_wconf 69' lang='lat' dir='ltr'><strong>Me·</strong></span> <span class='ocrx_word' id='word_1_87' title='bbox 1531 1545 1533 1558; x_wconf 41' lang='lat'>‚</span> 
     </span>
     <span class='ocr_line' id='line_1_12' title="bbox 343 1578 1496 1671; baseline -0.003 -24"><span class='ocrx_word' id='word_1_88' title='bbox 343 1578 486 1668; x_wconf 74' lang='grc' dir='ltr'>πρήσεως</span> <span class='ocrx_word' id='word_1_89' title='bbox 498 1579 558 1665; x_wconf 86' lang='grc' dir='ltr'><strong>μὲν</strong></span> <span class='ocrx_word' id='word_1_90' title='bbox 574 1578 638 1668; x_wconf 69' lang='grc' dir='ltr'><strong>γὰρ</strong></span> <span class='ocrx_word' id='word_1_91' title='bbox 659 1578 697 1663; x_wconf 79' lang='grc' dir='ltr'><strong>δή</strong></span> <span class='ocrx_word' id='word_1_92' title='bbox 717 1604 790 1646; x_wconf 87' lang='grc' dir='ltr'>τινα</span> <span class='ocrx_word' id='word_1_93' title='bbox 812 1579 935 1668; x_wconf 81' lang='grc' dir='ltr'>τρόπον</span> <span class='ocrx_word' id='word_1_94' title='bbox 949 1579 1047 1647; x_wconf 81' lang='grc' dir='ltr'>πάνθ’</span> <span class='ocrx_word' id='word_1_95' title='bbox 1067 1579 1176 1647; x_wconf 92' lang='grc' dir='ltr'>όπόσα</span> <span class='ocrx_word' id='word_1_96' title='bbox 1197 1581 1338 1671; x_wconf 80' lang='grc' dir='ltr'>ἔιπεχνα</span> <span class='ocrx_word' id='word_1_97' title='bbox 1359 1578 1496 1664; x_wconf 72' lang='grc' dir='ltr'>μσείλη·</span> 
     </span>
     <span class='ocr_line' id='line_1_13' title="bbox 345 1677 1497 1771; baseline -0.006 -21"><span class='ocrx_word' id='word_1_98' title='bbox 345 1689 413 1771; x_wconf 80' lang='grc' dir='ltr'>φιν.</span> <span class='ocrx_word' id='word_1_99' title='bbox 457 1684 577 1750; x_wconf 82' lang='lat' dir='ltr'><strong>Adhuc</strong></span> <span class='ocrx_word' id='word_1_100' title='bbox 596 1684 785 1771; x_wconf 82' lang='lat' dir='ltr'><strong>expressius,</strong></span> <span class='ocrx_word' id='word_1_101' title='bbox 807 1683 969 1765; x_wconf 75' lang='grc' dir='ltr'>Δηλονότι</span> <span class='ocrx_word' id='word_1_102' title='bbox 985 1684 1162 1771; x_wconf 79' lang='grc' dir='ltr'>διαιροῖμεν</span> <span class='ocrx_word' id='word_1_103' title='bbox 1175 1683 1216 1751; x_wconf 81' lang='grc' dir='ltr'><strong>ἂν</strong></span> <span class='ocrx_word' id='word_1_104' title='bbox 1229 1683 1292 1767; x_wconf 76' lang='grc' dir='ltr'><strong>τὴν</strong></span> <span class='ocrx_word' id='word_1_105' title='bbox 1309 1677 1497 1771; x_wconf 56' lang='lat' dir='ltr'><strong>purpuraria</strong></span> 
     </span>
     <span class='ocr_line' id='line_1_14' title="bbox 343 1782 1496 1874; baseline -0.003 -23"><span class='ocrx_word' id='word_1_106' title='bbox 343 1784 443 1871; x_wconf 77' lang='grc' dir='ltr'>ταύτῃ</span> <span class='ocrx_word' id='word_1_107' title='bbox 456 1785 534 1873; x_wconf 85' lang='grc' dir='ltr'>δίχα</span> <span class='ocrx_word' id='word_1_108' title='bbox 559 1784 734 1869; x_wconf 71' lang='grc' dir='ltr'>τέμνοντες·</span> <span class='ocrx_word' id='word_1_109' title='bbox 765 1784 800 1851; x_wconf 76' lang='grc' dir='ltr'><strong>ἓν</strong></span> <span class='ocrx_word' id='word_1_110' title='bbox 819 1786 880 1868; x_wconf 82' lang='grc' dir='ltr'><strong>μὲν</strong></span> <span class='ocrx_word' id='word_1_111' title='bbox 900 1786 1039 1858; x_wconf 71' lang='grc' dir='ltr'>τιθέντες</span> <span class='ocrx_word' id='word_1_112' title='bbox 1064 1785 1163 1868; x_wconf 74' lang='grc' dir='ltr'>αὐτῆς</span> <span class='ocrx_word' id='word_1_113' title='bbox 1189 1785 1304 1874; x_wconf 75' lang='grc' dir='ltr'>μόριον</span> <span class='ocrx_word' id='word_1_114' title='bbox 1327 1782 1496 1868; x_wconf 68' lang='lat' dir='ltr'><strong>cumdum</strong></span> 
     </span>
     <span class='ocr_line' id='line_1_15' title="bbox 343 1880 1494 1977; baseline -0.006 -22"><span class='ocrx_word' id='word_1_115' title='bbox 343 1888 469 1977; x_wconf 79' lang='grc' dir='ltr'>τέχνας,</span> <span class='ocrx_word' id='word_1_116' title='bbox 486 1885 608 1955; x_wconf 84' lang='grc' dir='ltr'>ὁπόσαι</span> <span class='ocrx_word' id='word_1_117' title='bbox 622 1885 678 1955; x_wconf 85' lang='grc' dir='ltr'><strong>τόν</strong></span> <span class='ocrx_word' id='word_1_118' title='bbox 692 1886 838 1976; x_wconf 76' lang='grc' dir='ltr'>ἀριθμόν,</span> <span class='ocrx_word' id='word_1_119' title='bbox 854 1889 909 1957; x_wconf 80' lang='grc' dir='ltr'><strong>καὶ</strong></span> <span class='ocrx_word' id='word_1_120' title='bbox 922 1889 1020 1974; x_wconf 73' lang='grc' dir='ltr'>μήνη,</span> <span class='ocrx_word' id='word_1_121' title='bbox 1036 1890 1091 1956; x_wconf 77' lang='grc' dir='ltr'><strong>καὶ</strong></span> <span class='ocrx_word' id='word_1_122' title='bbox 1104 1889 1206 1971; x_wconf 83' lang='grc' dir='ltr'><strong><em>βάθη,</em></strong></span> <span class='ocrx_word' id='word_1_123' title='bbox 1230 1890 1286 1956; x_wconf 77' lang='grc' dir='ltr'><strong>καὶ</strong></span> <span class='ocrx_word' id='word_1_124' title='bbox 1306 1888 1430 1966; x_wconf 79' lang='grc' dir='ltr'>πλάτη,</span> <span class='ocrx_word' id='word_1_125' title='bbox 1448 1880 1494 1948; x_wconf 75' lang='lat' dir='ltr'><strong>nal</strong></span> 
     </span>
     <span class='ocr_line' id='line_1_16' title="bbox 345 1984 1494 2081; baseline -0.003 -24"><span class='ocrx_word' id='word_1_126' title='bbox 345 1992 529 2078; x_wconf 70' lang='grc' dir='ltr'>ταχυτῆτος</span> <span class='ocrx_word' id='word_1_127' title='bbox 554 1988 636 2079; x_wconf 74' lang='grc' dir='ltr'>πρὸς</span> <span class='ocrx_word' id='word_1_128' title='bbox 658 1987 843 2057; x_wconf 81' lang='grc' dir='ltr'>τοῠνάντιον</span> <span class='ocrx_word' id='word_1_129' title='bbox 856 1995 1021 2079; x_wconf 78' lang='grc' dir='ltr'>μετροῦσι,</span> <span class='ocrx_word' id='word_1_130' title='bbox 1043 1991 1081 2057; x_wconf 84' lang='grc' dir='ltr'><strong>τό</strong></span> <span class='ocrx_word' id='word_1_131' title='bbox 1097 1990 1124 2057; x_wconf 86' lang='grc' dir='ltr'><strong>δ’</strong></span> <span class='ocrx_word' id='word_1_132' title='bbox 1145 1993 1261 2081; x_wconf 70' lang='grc' dir='ltr'>ἕτερον,</span> <span class='ocrx_word' id='word_1_133' title='bbox 1284 1991 1409 2059; x_wconf 86' lang='grc' dir='ltr'>ὁπόσαι</span> <span class='ocrx_word' id='word_1_134' title='bbox 1423 1984 1494 2075; x_wconf 70' lang='grc' dir='ltr'>πρός</span> 
     </span>
     <span class='ocr_line' id='line_1_17' title="bbox 345 2086 1493 2182; baseline -0.003 -25"><span class='ocrx_word' id='word_1_135' title='bbox 345 2090 382 2157; x_wconf 85' lang='grc' dir='ltr'><strong>τό</strong></span> <span class='ocrx_word' id='word_1_136' title='bbox 396 2092 534 2179; x_wconf 81' lang='grc' dir='ltr'>μέτριον,</span> <span class='ocrx_word' id='word_1_137' title='bbox 550 2092 605 2158; x_wconf 82' lang='grc' dir='ltr'><strong>καὶ</strong></span> <span class='ocrx_word' id='word_1_138' title='bbox 619 2091 656 2158; x_wconf 86' lang='grc' dir='ltr'><strong>τό</strong></span> <span class='ocrx_word' id='word_1_139' title='bbox 671 2093 807 2181; x_wconf 79' lang='grc' dir='ltr'>πρέπον,</span> <span class='ocrx_word' id='word_1_140' title='bbox 823 2094 879 2162; x_wconf 80' lang='grc' dir='ltr'><strong>καὶ</strong></span> <span class='ocrx_word' id='word_1_141' title='bbox 893 2094 949 2161; x_wconf 83' lang='grc' dir='ltr'><strong>τόν</strong></span> <span class='ocrx_word' id='word_1_142' title='bbox 963 2094 1083 2182; x_wconf 79' lang='grc' dir='ltr'>καιρόν,</span> <span class='ocrx_word' id='word_1_143' title='bbox 1099 2095 1154 2161; x_wconf 75' lang='grc' dir='ltr'><strong>καὶ</strong></span> <span class='ocrx_word' id='word_1_144' title='bbox 1168 2093 1265 2163; x_wconf 78' lang='grc' dir='ltr'>πάνθ’</span> <span class='ocrx_word' id='word_1_145' title='bbox 1282 2094 1396 2162; x_wconf 81' lang='grc' dir='ltr'>ὁπόσα</span> <span class='ocrx_word' id='word_1_146' title='bbox 1408 2090 1450 2159; x_wconf 69' lang='grc' dir='ltr'><strong>εἰς</strong></span> <span class='ocrx_word' id='word_1_147' title='bbox 1461 2086 1493 2153; x_wconf 79' lang='grc' dir='ltr'><strong>τό</strong></span> 
     </span>
     <span class='ocr_line' id='line_1_18' title="bbox 345 2190 1493 2286; baseline -0.002 -25"><span class='ocrx_word' id='word_1_148' title='bbox 345 2194 446 2279; x_wconf 86' lang='grc' dir='ltr'>μέσον</span> <span class='ocrx_word' id='word_1_149' title='bbox 463 2192 637 2277; x_wconf 83' lang='grc' dir='ltr'>όπωιιόσθη</span> <span class='ocrx_word' id='word_1_150' title='bbox 652 2194 719 2263; x_wconf 83' lang='grc' dir='ltr'><strong>ἀπό</strong></span> <span class='ocrx_word' id='word_1_151' title='bbox 734 2200 800 2263; x_wconf 80' lang='grc' dir='ltr'><strong>τῶν</strong></span> <span class='ocrx_word' id='word_1_152' title='bbox 812 2196 977 2286; x_wconf 69' lang='grc' dir='ltr'>ἐσχάτων·</span> <span class='ocrx_word' id='word_1_153' title='bbox 1000 2198 1062 2263; x_wconf 86' lang='lat' dir='ltr'><strong>hoe</strong></span> <span class='ocrx_word' id='word_1_154' title='bbox 1078 2207 1137 2279; x_wconf 86' lang='lat' dir='ltr'><strong>est,</strong></span> <span class='ocrx_word' id='word_1_155' title='bbox 1154 2198 1225 2264; x_wconf 82' lang='lat' dir='ltr'><strong>Ara</strong></span> <span class='ocrx_word' id='word_1_156' title='bbox 1243 2196 1432 2265; x_wconf 72' lang='lat' dir='ltr'><strong>dimetiendi</strong></span> <span class='ocrx_word' id='word_1_157' title='bbox 1444 2190 1493 2276; x_wconf 79' lang='lat' dir='ltr'><strong>(acl</strong></span> 
     </span>
     <span class='ocr_line' id='line_1_19' title="bbox 345 2296 1491 2389; baseline -0.002 -24"><span class='ocrx_word' id='word_1_158' title='bbox 345 2300 512 2383; x_wconf 73' lang='lat' dir='ltr'><strong>mensoria)</strong></span> <span class='ocrx_word' id='word_1_159' title='bbox 531 2298 695 2365; x_wconf 68' lang='grc' dir='ltr'>όιιοοαιιᾶα</span> <span class='ocrx_word' id='word_1_160' title='bbox 709 2312 753 2365; x_wconf 81' lang='lat' dir='ltr'><strong>eat</strong></span> <span class='ocrx_word' id='word_1_161' title='bbox 767 2301 945 2388; x_wconf 78' lang='lat' dir='ltr'><strong>hoopoeto;</strong></span> <span class='ocrx_word' id='word_1_162' title='bbox 965 2314 1002 2365; x_wconf 81' lang='lat' dir='ltr'><strong>ut</strong></span> <span class='ocrx_word' id='word_1_163' title='bbox 1017 2324 1085 2365; x_wconf 82' lang='lat' dir='ltr'><strong>uua</strong></span> <span class='ocrx_word' id='word_1_164' title='bbox 1098 2324 1185 2388; x_wconf 80' lang='lat' dir='ltr'><strong>para</strong></span> <span class='ocrx_word' id='word_1_165' title='bbox 1197 2301 1264 2389; x_wconf 77' lang='grc' dir='ltr'>αρὀο</span> <span class='ocrx_word' id='word_1_166' title='bbox 1282 2296 1491 2388; x_wconf 69' lang='lat' dir='ltr'><strong>compleantur</strong></span> 
     </span>
     <span class='ocr_line' id='line_1_20' title="bbox 346 2400 1488 2499; baseline -0.004 -28"><span class='ocrx_word' id='word_1_167' title='bbox 346 2426 448 2471; x_wconf 81' lang='lat' dir='ltr'><strong>omnes</strong></span> <span class='ocrx_word' id='word_1_168' title='bbox 462 2416 554 2483; x_wconf 78' lang='grc' dir='ltr'>ανιοι,</span> <span class='ocrx_word' id='word_1_169' title='bbox 570 2426 639 2489; x_wconf 79' lang='lat' dir='ltr'><strong>quoe</strong></span> <span class='ocrx_word' id='word_1_170' title='bbox 652 2426 795 2469; x_wconf 79' lang='lat' dir='ltr'><strong>numeros</strong></span> <span class='ocrx_word' id='word_1_171' title='bbox 797 2404 1039 2491; x_wconf 73' lang='lat' dir='ltr'><strong>,lonqitada‘aea</strong></span> <span class='ocrx_word' id='word_1_172' title='bbox 1050 2404 1294 2499; x_wconf 69' lang='lat' dir='ltr'><strong>profiaaditotea,</strong></span> <span class='ocrx_word' id='word_1_173' title='bbox 1315 2400 1488 2475; x_wconf 71' lang='lat' dir='ltr'><strong>latitudines,</strong></span> 
     </span>
     <span class='ocr_line' id='line_1_21' title="bbox 347 2498 1489 2594; baseline -0.001 -21"><span class='ocrx_word' id='word_1_174' title='bbox 347 2518 375 2573; x_wconf 84' lang='lat' dir='ltr'><strong>et</strong></span> <span class='ocrx_word' id='word_1_175' title='bbox 398 2504 572 2574; x_wconf 74' lang='grc' dir='ltr'>οοῑοοόιαιιι</span> <span class='ocrx_word' id='word_1_176' title='bbox 594 2507 779 2573; x_wconf 63' lang='lat' dir='ltr'><strong>mutandum</strong></span> <span class='ocrx_word' id='word_1_177' title='bbox 793 2509 875 2573; x_wconf 80' lang='lat' dir='ltr'><strong>iuter</strong></span> <span class='ocrx_word' id='word_1_178' title='bbox 893 2530 945 2589; x_wconf 85' lang='lat' dir='ltr'><strong>ae;</strong></span> <span class='ocrx_word' id='word_1_179' title='bbox 966 2506 1036 2573; x_wconf 68' lang='lat' dir='ltr'><strong>alu</strong></span> <span class='ocrx_word' id='word_1_180' title='bbox 1053 2530 1124 2573; x_wconf 79' lang='lat' dir='ltr'><strong>uero</strong></span> <span class='ocrx_word' id='word_1_181' title='bbox 1144 2507 1292 2594; x_wconf 79' lang='lat' dir='ltr'><strong>reliquos,</strong></span> <span class='ocrx_word' id='word_1_182' title='bbox 1314 2531 1385 2594; x_wconf 75' lang='lat' dir='ltr'><strong>qua</strong></span> <span class='ocrx_word' id='word_1_183' title='bbox 1404 2498 1489 2589; x_wconf 68' lang='lat' dir='ltr'><strong>mpi-</strong></span> 
     </span>
     <span class='ocr_line' id='line_1_22' title="bbox 348 2610 1488 2720; baseline -0.004 -43"><span class='ocrx_word' id='word_1_184' title='bbox 348 2612 433 2677; x_wconf 81' lang='lat' dir='ltr'><strong>eiuat</strong></span> <span class='ocrx_word' id='word_1_185' title='bbox 454 2611 492 2676; x_wconf 76' lang='lat' dir='ltr'><strong>id</strong></span> <span class='ocrx_word' id='word_1_186' title='bbox 512 2612 596 2699; x_wconf 84' lang='lat' dir='ltr'><strong>quod</strong></span> <span class='ocrx_word' id='word_1_187' title='bbox 615 2610 816 2690; x_wconf 78' lang='lat' dir='ltr'><strong>moderatum,</strong></span> <span class='ocrx_word' id='word_1_188' title='bbox 836 2610 952 2690; x_wconf 77' lang='grc' dir='ltr'>ἅοοοαο,</span> <span class='ocrx_word' id='word_1_189' title='bbox 973 2623 1179 2699; x_wconf 76' lang='lat' dir='ltr'><strong>opportunam</strong></span> <span class='ocrx_word' id='word_1_190' title='bbox 1198 2623 1250 2690; x_wconf 83' lang='lat' dir='ltr'><strong>eat,</strong></span> <span class='ocrx_word' id='word_1_191' title='bbox 1269 2622 1300 2676; x_wconf 86' lang='lat' dir='ltr'><strong>et</strong></span> <span class='ocrx_word' id='word_1_192' title='bbox 1320 2626 1488 2720; x_wconf 60' lang='lat' dir='ltr'><strong>quoeunque</strong></span> 
     </span>
     <span class='ocr_line' id='line_1_23' title="bbox 347 2708 1487 2799; baseline -0.003 -18"><span class='ocrx_word' id='word_1_193' title='bbox 347 2714 490 2781; x_wconf 65' lang='lat' dir='ltr'><strong>devolutae</strong></span> <span class='ocrx_word' id='word_1_194' title='bbox 511 2717 655 2781; x_wconf 63' lang='grc' dir='ltr'>οωννοιηιο</span> <span class='ocrx_word' id='word_1_195' title='bbox 676 2715 722 2781; x_wconf 84' lang='lat' dir='ltr'><strong>ad</strong></span> <span class='ocrx_word' id='word_1_196' title='bbox 740 2715 877 2781; x_wconf 82' lang='lat' dir='ltr'><strong>medium</strong></span> <span class='ocrx_word' id='word_1_197' title='bbox 898 2716 1053 2781; x_wconf 77' lang='lat' dir='ltr'><strong>nituntur.</strong></span> <span class='ocrx_word' id='word_1_198' title='bbox 1098 2713 1164 2782; x_wconf 84' lang='lat' dir='ltr'><strong>Sed</strong></span> <span class='ocrx_word' id='word_1_199' title='bbox 1181 2712 1222 2779; x_wconf 84' lang='lat' dir='ltr'><strong>de</strong></span> <span class='ocrx_word' id='word_1_200' title='bbox 1242 2713 1304 2778; x_wconf 72' lang='lat' dir='ltr'><strong>hdo</strong></span> <span class='ocrx_word' id='word_1_201' title='bbox 1325 2708 1487 2799; x_wconf 70' lang='lat' dir='ltr'><strong>aooeptioltt</strong></span> 
     </span>
     <span class='ocr_line' id='line_1_24' title="bbox 347 2816 1504 2903; baseline 0.007 -22"><span class='ocrx_word' id='word_1_202' title='bbox 347 2816 493 2903; x_wconf 88' lang='lat' dir='ltr'><strong>populari</strong></span> <span class='ocrx_word' id='word_1_203' title='bbox 508 2820 638 2885; x_wconf 90' lang='lat' dir='ltr'><strong>modum</strong></span> <span class='ocrx_word' id='word_1_204' title='bbox 652 2820 858 2886; x_wconf 86' lang='lat' dir='ltr'><strong>exoeseimus.</strong></span> <span class='ocrx_word' id='word_1_205' title='bbox 1499 2830 1504 2836; x_wconf 83' lang='lat'>&#39;</span> 
     </span>
    </p>

    <p class='ocr_par' dir='ltr' id='par_1_4' title="bbox 347 2918 1486 4041">
     <span class='ocr_line' id='line_1_25' title="bbox 414 2918 1486 3010; baseline 0.003 -28"><span class='ocrx_word' id='word_1_206' title='bbox 414 2918 457 2982; x_wconf 89' lang='lat' dir='ltr'><strong>Ei</strong></span> <span class='ocrx_word' id='word_1_207' title='bbox 476 2929 583 2985; x_wconf 88' lang='lat' dir='ltr'><strong>tamen</strong></span> <span class='ocrx_word' id='word_1_208' title='bbox 603 2922 729 2989; x_wconf 89' lang='lat' dir='ltr'><strong>affinem</strong></span> <span class='ocrx_word' id='word_1_209' title='bbox 748 2922 881 2989; x_wconf 81' lang='lat' dir='ltr'><strong>alteram</strong></span> <span class='ocrx_word' id='word_1_210' title='bbox 900 2921 1168 3010; x_wconf 82' lang='lat' dir='ltr'><strong>perstringemua3</strong></span> <span class='ocrx_word' id='word_1_211' title='bbox 1187 2920 1285 3007; x_wconf 83' lang='lat' dir='ltr'><strong>juxta</strong></span> <span class='ocrx_word' id='word_1_212' title='bbox 1305 2940 1402 3007; x_wconf 87' lang='lat' dir='ltr'><strong>qnam</strong></span> <span class='ocrx_word' id='word_1_213' title='bbox 1419 2934 1486 2979; x_wconf 73' lang='lat' dir='ltr'><strong>met·</strong></span> 
     </span>
     <span class='ocr_line' id='line_1_26' title="bbox 348 3020 1484 3112; baseline 0.001 -25"><span class='ocrx_word' id='word_1_214' title='bbox 348 3045 427 3087; x_wconf 81' lang='lat' dir='ltr'><strong>sura</strong></span> <span class='ocrx_word' id='word_1_215' title='bbox 441 3020 588 3110; x_wconf 80' lang='lat' dir='ltr'><strong>designat</strong></span> <span class='ocrx_word' id='word_1_216' title='bbox 602 3024 732 3111; x_wconf 85' lang='lat' dir='ltr'><strong>aliquod</strong></span> <span class='ocrx_word' id='word_1_217' title='bbox 746 3035 875 3106; x_wconf 85' lang='lat' dir='ltr'><strong>statum,</strong></span> <span class='ocrx_word' id='word_1_218' title='bbox 892 3026 1101 3092; x_wconf 76' lang='lat' dir='ltr'><strong>communiter</strong></span> <span class='ocrx_word' id='word_1_219' title='bbox 1115 3025 1259 3111; x_wconf 83' lang='lat' dir='ltr'><strong>agnitum</strong></span> <span class='ocrx_word' id='word_1_220' title='bbox 1275 3033 1308 3089; x_wconf 88' lang='lat' dir='ltr'><strong>et</strong></span> <span class='ocrx_word' id='word_1_221' title='bbox 1326 3024 1484 3112; x_wconf 75' lang='lat' dir='ltr'><strong>probatum</strong></span> 
     </span>
     <span class='ocr_line' id='line_1_27' title="bbox 350 3112 1484 3214; baseline 0.003 -28"><span class='ocrx_word' id='word_1_222' title='bbox 350 3120 496 3188; x_wconf 81' lang='lat' dir='ltr'><strong>sensibus</strong></span> <span class='ocrx_word' id='word_1_223' title='bbox 518 3124 707 3212; x_wconf 84' lang='lat' dir='ltr'><strong>expositum,</strong></span> <span class='ocrx_word' id='word_1_224' title='bbox 727 3136 783 3193; x_wconf 85' lang='lat' dir='ltr'><strong>aut</strong></span> <span class='ocrx_word' id='word_1_225' title='bbox 805 3128 970 3195; x_wconf 84' lang='lat' dir='ltr'><strong>intellectu</strong></span> <span class='ocrx_word' id='word_1_226' title='bbox 990 3126 1252 3214; x_wconf 82' lang='lat' dir='ltr'><strong>comprehensum</strong></span> <span class='ocrx_word' id='word_1_227' title='bbox 1274 3112 1484 3214; x_wconf 64' lang='lat' dir='ltr'><strong>exemplarent</strong></span> 
     </span>
     <span class='ocr_line' id='line_1_28' title="bbox 350 3218 1484 3318; baseline 0.006 -30"><span class='ocrx_word' id='word_1_228' title='bbox 350 3223 436 3310; x_wconf 91' lang='lat' dir='ltr'><strong>quod</strong></span> <span class='ocrx_word' id='word_1_229' title='bbox 449 3225 666 3313; x_wconf 88' lang='lat' dir='ltr'><strong>reliquorum&#39;</strong></span> <span class='ocrx_word' id='word_1_230' title='bbox 657 3252 692 3293; x_wconf 90' lang='lat'><strong>111</strong></span> <span class='ocrx_word' id='word_1_231' title='bbox 706 3250 743 3296; x_wconf 88' lang='lat' dir='ltr'><strong>eo</strong></span> <span class='ocrx_word' id='word_1_232' title='bbox 763 3252 878 3316; x_wconf 86' lang='lat' dir='ltr'><strong>genere</strong></span> <span class='ocrx_word' id='word_1_233' title='bbox 892 3231 1086 3318; x_wconf 85' lang='lat' dir='ltr'><strong>quantitates</strong></span> <span class='ocrx_word' id='word_1_234' title='bbox 1106 3241 1163 3296; x_wconf 87' lang='lat' dir='ltr'><strong>ant</strong></span> <span class='ocrx_word' id='word_1_235' title='bbox 1184 3230 1308 3295; x_wconf 86' lang='lat' dir='ltr'><strong>valorea</strong></span> <span class='ocrx_word' id='word_1_236' title='bbox 1330 3218 1484 3294; x_wconf 72' lang='lat' dir='ltr'><strong>examinffl</strong></span> 
     </span>
     <span class='ocr_line' id='line_1_29' title="bbox 351 3326 1485 3421; baseline 0.006 -30"><span class='ocrx_word' id='word_1_237' title='bbox 351 3326 466 3393; x_wconf 89' lang='lat' dir='ltr'><strong>debent</strong></span> <span class='ocrx_word' id='word_1_238' title='bbox 484 3340 541 3397; x_wconf 87' lang='lat' dir='ltr'><strong>aut</strong></span> <span class='ocrx_word' id='word_1_239' title='bbox 560 3330 671 3397; x_wconf 85' lang='lat' dir='ltr'><strong>solent.</strong></span> <span class='ocrx_word' id='word_1_240' title='bbox 716 3330 886 3419; x_wconf 81' lang='lat' dir='ltr'><strong>Ejusmodi</strong></span> <span class='ocrx_word' id='word_1_241' title='bbox 906 3354 1056 3399; x_wconf 87' lang='lat' dir='ltr'><strong>mensura</strong></span> <span class='ocrx_word' id='word_1_242' title='bbox 1076 3333 1197 3421; x_wconf 85' lang='lat' dir='ltr'><strong>duplex</strong></span> <span class='ocrx_word' id='word_1_243' title='bbox 1218 3342 1277 3413; x_wconf 87' lang='lat' dir='ltr'><strong>est,</strong></span> <span class='ocrx_word' id='word_1_244' title='bbox 1297 3328 1443 3398; x_wconf 76' lang='lat' dir='ltr'><strong>naturalia</strong></span> <span class='ocrx_word' id='word_1_245' title='bbox 1458 3331 1485 3386; x_wconf 68' lang='lat' dir='ltr'><strong>tt</strong></span> 
     </span>
     <span class='ocr_line' id='line_1_30' title="bbox 350 3430 1485 3525; baseline 0.003 -28"><span class='ocrx_word' id='word_1_246' title='bbox 350 3430 526 3500; x_wconf 81' lang='lat' dir='ltr'><strong>arbitraria.</strong></span> <span class='ocrx_word' id='word_1_247' title='bbox 569 3434 757 3518; x_wconf 64' lang='lat' dir='ltr'><strong>Arbitraria</strong></span> <span class='ocrx_word' id='word_1_248' title='bbox 772 3436 884 3524; x_wconf 86' lang='lat' dir='ltr'><strong>quales</strong></span> <span class='ocrx_word' id='word_1_249' title='bbox 903 3436 979 3516; x_wconf 85' lang='lat' dir='ltr'><strong>illae,</strong></span> <span class='ocrx_word' id='word_1_250' title='bbox 995 3460 1074 3523; x_wconf 87' lang='lat' dir='ltr'><strong>quaa</strong></span> <span class='ocrx_word' id='word_1_251' title='bbox 1094 3436 1268 3503; x_wconf 83' lang='lat' dir='ltr'><strong>authoritas</strong></span> <span class='ocrx_word' id='word_1_252' title='bbox 1287 3436 1412 3525; x_wconf 85' lang='lat' dir='ltr'><strong>publiea</strong></span> <span class='ocrx_word' id='word_1_253' title='bbox 1427 3447 1485 3517; x_wconf 63' lang='lat' dir='ltr'><strong>prt</strong></span> 
     </span>
     <span class='ocr_line' id='line_1_31' title="bbox 347 3530 1480 3628; baseline 0.001 -24"><span class='ocrx_word' id='word_1_254' title='bbox 347 3535 438 3621; x_wconf 84' lang='lat' dir='ltr'><strong>ponit</strong></span> <span class='ocrx_word' id='word_1_255' title='bbox 462 3540 561 3623; x_wconf 86' lang='lat' dir='ltr'><strong>(vasa,</strong></span> <span class='ocrx_word' id='word_1_256' title='bbox 582 3540 730 3628; x_wconf 82' lang='lat' dir='ltr'><strong>pondera,</strong></span> <span class='ocrx_word' id='word_1_257' title='bbox 753 3540 884 3628; x_wconf 79' lang='lat' dir='ltr'><strong>regulae)</strong></span> <span class='ocrx_word' id='word_1_258' title='bbox 908 3562 950 3605; x_wconf 84' lang='lat' dir='ltr'><strong>ex</strong></span> <span class='ocrx_word' id='word_1_259' title='bbox 972 3538 1190 3605; x_wconf 77' lang='lat' dir='ltr'><strong>conformitate</strong></span> <span class='ocrx_word' id='word_1_260' title='bbox 1210 3539 1264 3605; x_wconf 86' lang='lat' dir='ltr'><strong>vel</strong></span> <span class='ocrx_word' id='word_1_261' title='bbox 1285 3530 1480 3626; x_wconf 62' lang='lat' dir='ltr'><strong>congruenti&amp;</strong></span> 
     </span>
     <span class='ocr_line' id='line_1_32' title="bbox 350 3642 1485 3732; baseline -0.003 -27"><span class='ocrx_word' id='word_1_262' title='bbox 350 3660 422 3705; x_wconf 87' lang='lat' dir='ltr'><strong>cum</strong></span> <span class='ocrx_word' id='word_1_263' title='bbox 438 3642 555 3728; x_wconf 88' lang='lat' dir='ltr'><strong>quibus</strong></span> <span class='ocrx_word' id='word_1_264' title='bbox 569 3643 698 3731; x_wconf 83' lang='lat' dir='ltr'><strong>reliquae</strong></span> <span class='ocrx_word' id='word_1_265' title='bbox 713 3666 870 3711; x_wconf 76' lang='lat' dir='ltr'><strong>mensura</strong></span> <span class='ocrx_word' id='word_1_266' title='bbox 880 3644 936 3732; x_wconf 83' lang='lat' dir='ltr'><strong>jus</strong></span> <span class='ocrx_word' id='word_1_267' title='bbox 951 3665 1054 3725; x_wconf 87' lang='lat' dir='ltr'><strong>auum,</strong></span> <span class='ocrx_word' id='word_1_268' title='bbox 1065 3666 1191 3724; x_wconf 88' lang='lat' dir='ltr'><strong>nomen,</strong></span> <span class='ocrx_word' id='word_1_269' title='bbox 1204 3652 1237 3711; x_wconf 85' lang='lat' dir='ltr'><strong>et</strong></span> <span class='ocrx_word' id='word_1_270' title='bbox 1250 3642 1403 3708; x_wconf 85' lang='lat' dir='ltr'><strong>rationem</strong></span> <span class='ocrx_word' id='word_1_271' title='bbox 1414 3654 1485 3702; x_wconf 80' lang='lat' dir='ltr'><strong>men·</strong></span> 
     </span>
     <span class='ocr_line' id='line_1_33' title="bbox 351 3746 1483 3835; baseline 0.002 -26"><span class='ocrx_word' id='word_1_272' title='bbox 351 3762 433 3809; x_wconf 71' lang='lat' dir='ltr'><strong>sura</strong></span> <span class='ocrx_word' id='word_1_273' title='bbox 458 3755 661 3829; x_wconf 78' lang='lat' dir='ltr'><strong>mutuantur3</strong></span> <span class='ocrx_word' id='word_1_274' title='bbox 691 3770 749 3814; x_wconf 87' lang='lat' dir='ltr'><strong>neo</strong></span> <span class='ocrx_word' id='word_1_275' title='bbox 775 3748 867 3814; x_wconf 88' lang='lat' dir='ltr'><strong>aliter</strong></span> <span class='ocrx_word' id='word_1_276' title='bbox 887 3768 1044 3813; x_wconf 81' lang='lat' dir='ltr'><strong>mensurae</strong></span> <span class='ocrx_word' id='word_1_277' title='bbox 1065 3750 1150 3826; x_wconf 80' lang='lat' dir='ltr'><strong>sunt,</strong></span> <span class='ocrx_word' id='word_1_278' title='bbox 1172 3746 1235 3812; x_wconf 84' lang='lat' dir='ltr'><strong>nisi</strong></span> <span class='ocrx_word' id='word_1_279' title='bbox 1257 3756 1409 3835; x_wconf 79' lang='lat' dir='ltr'><strong>quatenus</strong></span> <span class='ocrx_word' id='word_1_280' title='bbox 1426 3752 1483 3803; x_wconf 72' lang='lat' dir='ltr'><strong>cum</strong></span> 
     </span>
     <span class='ocr_line' id='line_1_34' title="bbox 351 3837 1484 3938; baseline 0.003 -27"><span class='ocrx_word' id='word_1_281' title='bbox 351 3845 422 3913; x_wconf 84' lang='lat' dir='ltr'><strong>istie</strong></span> <span class='ocrx_word' id='word_1_282' title='bbox 436 3850 614 3938; x_wconf 82' lang='lat' dir='ltr'><strong>prototypis</strong></span> <span class='ocrx_word' id='word_1_283' title='bbox 629 3850 840 3918; x_wconf 85' lang='lat' dir='ltr'><strong>consentiunt.</strong></span> <span class='ocrx_word' id='word_1_284' title='bbox 874 3848 1026 3917; x_wconf 77' lang='lat' dir='ltr'><strong>Mensura</strong></span> <span class='ocrx_word' id='word_1_285' title='bbox 1038 3872 1114 3917; x_wconf 86' lang='lat' dir='ltr'><strong>vero</strong></span> <span class='ocrx_word' id='word_1_286' title='bbox 1127 3852 1281 3938; x_wconf 81' lang='lat' dir='ltr'><strong>cujusque</strong></span> <span class='ocrx_word' id='word_1_287' title='bbox 1295 3850 1343 3915; x_wconf 89' lang='lat' dir='ltr'><strong>rei</strong></span> <span class='ocrx_word' id='word_1_288' title='bbox 1355 3837 1484 3915; x_wconf 75' lang='lat' dir='ltr'><strong>natonlit</strong></span> 
     </span>
     <span class='ocr_line' id='line_1_35' title="bbox 352 3950 1484 4041; baseline 0.003 -27"><span class='ocrx_word' id='word_1_289' title='bbox 352 3958 400 4015; x_wconf 89' lang='lat' dir='ltr'><strong>est</strong></span> <span class='ocrx_word' id='word_1_290' title='bbox 415 3950 449 4017; x_wconf 93' lang='lat' dir='ltr'><strong>id</strong></span> <span class='ocrx_word' id='word_1_291' title='bbox 463 3953 548 4039; x_wconf 92' lang='lat' dir='ltr'><strong>quod</strong></span> <span class='ocrx_word' id='word_1_292' title='bbox 567 3954 706 4040; x_wconf 89' lang='lat' dir='ltr'><strong>primum</strong></span> <span class='ocrx_word' id='word_1_293' title='bbox 729 3962 761 4020; x_wconf 86' lang='lat' dir='ltr'><strong>et</strong></span> <span class='ocrx_word' id='word_1_294' title='bbox 781 3952 1046 4041; x_wconf 79' lang='lat' dir='ltr'><strong>perfectissimum</strong></span> <span class='ocrx_word' id='word_1_295' title='bbox 1068 3964 1118 4020; x_wconf 91' lang='lat' dir='ltr'><strong>est</strong></span> <span class='ocrx_word' id='word_1_296' title='bbox 1138 3953 1173 4019; x_wconf 92' lang='lat' dir='ltr'><strong>in</strong></span> <span class='ocrx_word' id='word_1_297' title='bbox 1195 3953 1252 4019; x_wconf 92' lang='lat' dir='ltr'><strong>illo</strong></span> <span class='ocrx_word' id='word_1_298' title='bbox 1272 3974 1403 4040; x_wconf 85' lang='lat' dir='ltr'><strong>genere:</strong></span> <span class='ocrx_word' id='word_1_299' title='bbox 1421 3960 1484 4032; x_wconf 72' lang='lat'>11⁰0·</span> 
     </span>
    </p>

    <p class='ocr_par' dir='ltr' id='par_1_5' title="bbox 841 4082 1026 4133">
     <span class='ocr_line' id='line_1_36' title="bbox 841 4082 1026 4133; baseline -0.005 0"><span class='ocrx_word' id='word_1_300' title='bbox 841 4082 903 4133; x_wconf 68' lang='grc' dir='ltr'>ιι..</span> <span class='ocrx_word' id='word_1_301' title='bbox 914 4082 1026 4133; x_wconf 67' lang='lat' dir='ltr'><strong>rama.</strong></span> 
     </span>
    </p>
   </div>
   <div class='ocr_carea' id='block_1_3' title="bbox 405 4307 959 4550">
    <p class='ocr_par' dir='ltr' id='par_1_6' title="bbox 405 4307 959 4550">
     <span class='ocr_line' id='line_1_37' title="bbox 407 4307 920 4384; baseline 0.016 -22"><span class='ocrx_word' id='word_1_302' title='bbox 407 4307 454 4363; x_wconf 84' lang='lat' dir='ltr'><strong>All</strong></span> <span class='ocrx_word' id='word_1_303' title='bbox 473 4309 543 4364; x_wconf 84' lang='lat' dir='ltr'><strong>Arta</strong></span> <span class='ocrx_word' id='word_1_304' title='bbox 561 4310 615 4367; x_wconf 87' lang='lat' dir='ltr'><strong>aim</strong></span> <span class='ocrx_word' id='word_1_305' title='bbox 631 4316 663 4368; x_wconf 85' lang='lat' dir='ltr'><strong>at</strong></span> <span class='ocrx_word' id='word_1_306' title='bbox 679 4314 772 4384; x_wconf 82' lang='lat' dir='ltr'><strong>ajuat</strong></span> <span class='ocrx_word' id='word_1_307' title='bbox 786 4330 920 4370; x_wconf 85' lang='lat' dir='ltr'><strong>measure.</strong></span> 
     </span>
     <span class='ocr_line' id='line_1_38' title="bbox 405 4392 959 4467; baseline 0.014 -19"><span class='ocrx_word' id='word_1_308' title='bbox 405 4392 432 4448; x_wconf 83' lang='grc' dir='ltr'><em>Α</em></span> <span class='ocrx_word' id='word_1_309' title='bbox 446 4392 583 4451; x_wconf 71' lang='lat' dir='ltr'><strong>Manem</strong></span> <span class='ocrx_word' id='word_1_310' title='bbox 599 4396 624 4453; x_wconf 87' lang='lat' dir='ltr'><strong>is</strong></span> <span class='ocrx_word' id='word_1_311' title='bbox 640 4413 659 4453; x_wconf 92' lang='lat' dir='ltr'><strong>a</strong></span> <span class='ocrx_word' id='word_1_312' title='bbox 674 4414 799 4455; x_wconf 81' lang='lat' dir='ltr'><strong>eommon</strong></span> <span class='ocrx_word' id='word_1_313' title='bbox 816 4398 959 4467; x_wconf 77' lang='lat' dir='ltr'><strong>standard,</strong></span> 
     </span>
     <span class='ocr_line' id='line_1_39' title="bbox 407 4478 756 4550; baseline 0.014 -16"><span class='ocrx_word' id='word_1_314' title='bbox 407 4478 563 4550; x_wconf 74' lang='lat' dir='ltr'><strong>debiti-ary,</strong></span> <span class='ocrx_word' id='word_1_315' title='bbox 582 4498 614 4536; x_wconf 86' lang='lat' dir='ltr'><strong>or</strong></span> <span class='ocrx_word' id='word_1_316' title='bbox 631 4482 756 4539; x_wconf 84' lang='lat' dir='ltr'><strong>Natural.</strong></span> 
     </span>
    </p>
   </div>
   <div class='ocr_carea' id='block_1_4' title="bbox 0 0 1601 5192">
    <p class='ocr_par' dir='ltr' id='par_1_7' title="bbox 0 0 1601 5192">
     <span class='ocr_line' id='line_1_40' title="bbox 0 0 1601 5192; baseline 0 0"><span class='ocrx_word' id='word_1_317' title='bbox 0 0 1601 5192; x_wconf 95' lang='lat' dir='ltr'><strong> </strong></span> 
     </span>
    </p>
   </div>
  </div>
 </body>
</html>
