3167 5192
329 368 394 435 204
669 379 854 433 anemonas
876 376 1149 429 manuninum
1284 359 1472 446 [mnu.

397 548 580 622 Smundum
604 547 731 618 axiam
753 546 860 617 taliter
883 568 918 612 se
940 544 1055 626 habet3
1087 543 1124 616 Si
1149 543 1330 633 aequalibus
1353 544 1475 631 aquata

332 655 530 747 adjicientum,
556 652 732 741 composita
757 650 823 736 (vel
847 649 927 734 tota)
954 658 1031 718 sunt
1051 646 1198 736 [aqualia.
1243 646 1342 729 Quod
1365 648 1410 715 ita
1429 646 1476 713 de·

333 766 491 833 monstro:
517 754 591 825 Sint
608 752 745 841 aequales
764 752 837 827 duaa
856 751 1094 839 magnitudines
1106 750 1151 833 A,
1167 752 1216 833 B;
1239 773 1315 838 quae
1328 759 1477 838 propterea

332 882 374 931 ex
396 859 587 947 aequalitatis
607 856 790 925 definitione
808 876 981 941 eongruere
1000 864 1158 942 potarunt,
1178 863 1212 923 et
1229 852 1369 921 eundem
1385 852 1477 919 locum

333 983 498 1047 occupare.
529 958 694 1046 Occupeut
709 957 807 1043 igitur
819 956 926 1029 lenum
937 956 975 1023 X
980 980 988 1036 3
1004 955 1171 1043 adjiciatur
1185 956 1248 1044 ipsi
1258 956 1294 1023 A
1305 954 1478 1041 magnitudo

339 1065 375 1146 G,
391 1065 482 1152 eujus
501 1064 589 1129 loeus
610 1062 653 1129 sit
674 1061 712 1133 Y.
757 1059 846 1147 Ergo
860 1060 1042 1147 oempositae
1064 1061 1180 1133 A÷0
1198 1061 1290 1129 bens
1311 1059 1477 1131 atxet.

333 1168 513 1256 Adjieiatur
531 1166 627 1233 etiam
642 1164 704 1251 ipsi
718 1164 753 1229 B
771 1162 959 1249 magnitudo
973 1164 1008 1228 D
1022 1164 1156 1251 aequalia
1170 1164 1305 1252 adjectae
1325 1162 1418 1251 priori
1439 1160 1476 1241 0;

335 1271 420 1338 unda
435 1270 545 1336 itidem
559 1292 601 1335 ex
616 1268 806 1355 aequalitatis
825 1266 1008 1333 definitione
1028 1269 1064 1333 D
1083 1268 1198 1355 potan't
1216 1290 1372 1355 aucupare
1388 1266 1477 1333 looon

335 1376 387 1443 X:
411 1375 550 1461 adeoque
564 1374 675 1447 B÷D
692 1394 845 1459 occupare
866 1371 981 1459 poterit
1001 1370 1107 1442 laeum
1129 1372 1343 1459 oompoaitum
1362 1372 1401 1439 X
1404 1386 1430 1442 ÷
1439 1370 1467 1435 1⁷
1468 1393 1477 1448 ς

336 1478 472 1551 eundem
491 1501 606 1566 nempe
620 1499 714 1565 quem
733 1478 766 1545 A
776 1489 806 1547 ÷
820 1476 850 1543 0
865 1475 969 1564 potnit
988 1498 1150 1565 omupare.
1194 1475 1286 1563 Ergo
1304 1499 1347 1543 ex
1365 1472 1479 1563 aequali-

336 1580 411 1649 tatis
426 1579 609 1649 defiuitione
623 1580 735 1651 ΒΗ)
750 1577 927 1666 aequabitur
940 1577 1003 1667 ipsi
1013 1578 1046 1643 A
1056 1591 1086 1649 -Ι-
1100 1577 1135 1646 0.
1185 1578 1293 1657 Q.E.
1305 1578 1349 1643 D.

400 1682 507 1751 Simili
531 1683 676 1749 discursu
697 1681 931 1749 demonstretur
953 1680 1081 1747 axiam
1105 1681 1251 1769 proxime
1276 1681 1476 1768 subsequens;

337 1785 375 1855 si
390 1787 432 1853 ab
446 1786 622 1873 aequalibus
637 1784 818 1854 auferantur
832 1783 977 1871 aequalia,
992 1782 1120 1852 aesidna
1133 1793 1226 1854 erunt
1240 1783 1385 1875 aequalia.
1416 1780 1477 1849 Sint
1531 1811 1532 1846 ι

338 1888 423 1957 enim
441 1910 549 1955 rursus
567 1886 704 1974 [aquales
726 1887 798 1953 duae
818 1886 1057 1973 magnitudines
1074 1888 1119 1967 A,
1133 1888 1182 1969 B3
1205 1911 1345 1975 quaeum
1364 1882 1479 1974 proinde

339 1988 516 2055 eommunis
535 2010 604 2054 esse
623 1988 739 2075 poterit
757 1988 846 2055 loeus
864 1989 909 2055 X.
953 1987 1018 2055 His
1037 1987 1380 2079 auferantur-aquales
1397 1984 1476 2065 un,

339 2114 473 2179 quarum
499 2090 596 2159 etiam
622 2092 800 2159 eommunis
829 2102 897 2159 asto
921 2090 1010 2159 locus
1043 2093 1081 2159 Y.
1124 2090 1214 2179 Ergo
1238 2091 1384 2163 midam
1405 2089 1477 2155 leant

339 2196 378 2267 X
382 2233 411 2247 -·
428 2196 462 2261 Y
471 2196 646 2263 eommunis
660 2218 729 2263 esse
743 2195 861 2283 poterit
879 2195 968 2263 loeus
984 2196 1111 2283 unique
1130 2195 1265 2266 residua
1284 2190 1476 2283 magnitudini

339 2296 455 2365 M
478 2306 511 2365 et
535 2298 655 2363 B-D.
700 2296 789 2384 Ergo
814 2296 949 2364 residua
977 2296 1097 2364 A-O
1121 2308 1153 2365 et
1180 2299 1295 2369 B-D
1323 2303 1476 2384 [aquantur.

340 2400 435 2483 Quod
448 2402 483 2467 Ε
488 2450 497 2468 .
508 2402 552 2470 D.
597 2400 666 2469 Neo
680 2399 828 2467 dissimili
842 2401 965 2468 ratione
980 2400 1102 2487 quaevis
1117 2401 1159 2470 ad
1179 2402 1371 2472 abstractam
1388 2420 1476 2485 equa·

340 2505 462 2573 litatem
482 2504 674 2595 pertinentia
693 2504 889 2573 theoremata
911 2503 975 2589 (vel
994 2503 1168 2588 minuata)
1189 2504 1285 2576 dietae
1306 2498 1475 2575 delinitionis

340 2611 483 2679 subsidio
505 2610 768 2690 demonstrentur,
791 2606 877 2696 quod
902 2608 972 2695 ejus
997 2606 1138 2679 ostendit
1159 2610 1374 2697 prestantium
1396 2612 1474 2689 ὀψο

341 2714 607 2785 commoditatem.

409 2814 474 2883 Sed
489 2814 571 2881 hane
586 2813 839 2881 observationem
852 2811 984 2880 missam
997 2812 1127 2887 faeiens,
1140 2813 1276 2882 subnoto
1290 2813 1388 2890 tertie,
1397 2802 1473 2888 Quod

343 2940 385 2983 ex
404 2916 498 2983 dietis
516 2916 608 2983 facile
626 2916 835 3004 perspiciatur
853 2915 932 3003 quid
950 2915 994 2983 sit
1012 2916 1179 3005 inaequale,
1195 2917 1273 3005 qnid
1292 2917 1399 3004 majus,
1412 2906 1473 2997 qaid

343 3019 450 3087 minus
465 3018 573 3085 altero.
619 3019 744 3085 Horum
766 3042 880 3108 nempe
894 3020 1022 3108 quidvis
1040 3021 1100 3089 vix
1119 3044 1161 3089 ex
1179 3032 1326 3110 respeetu
1342 3018 1381 3089 ad
1395 3033 1473 3102 oppa

344 3122 440 3189 situm
456 3122 587 3208 equale,
602 3122 655 3189 vel
672 3122 886 3189 immediatius
900 3146 942 3191 ex
955 3124 1106 3191 mlatione
1126 3123 1168 3192 ad
1186 3125 1326 3213 spatium
1339 3132 1473 3202 utafflqut

343 3223 458 3312 poterit
471 3222 634 3309 explicari.
672 3222 884 3310 Respiciendo
898 3226 1037 3313 spatium
1052 3226 1088 3291 id
1101 3225 1258 3313 inaequale
1271 3226 1396 3301 dieetur,
1405 3212 1472 3307 qaod

344 3324 435 3391 alteri
450 3347 573 3413 semper
586 3334 618 3393 et
633 3325 809 3393 necessario
822 3326 1050 3415 diseongruans
1063 3328 1133 3409 erit,
1148 3328 1210 3397 hoe
1226 3339 1286 3409 eat,
1304 3325 1385 3417 qnod
1401 3314 1471 3387 alttd

345 3428 627 3519 quomodocunque
649 3430 843 3518 applicatum
869 3433 938 3516 (eeu
959 3433 1065 3512 simul,
1089 3456 1147 3502 seu
1167 3434 1353 3513 suooessiva,
1369 3449 1417 3497 aea
1430 3441 1473 3510 pff

343 3524 513 3601 mentalem
535 3535 791 3623 penetrationem,
807 3558 865 3603 seu
885 3545 1007 3603 retento
1027 3537 1165 3625 partium
1186 3538 1261 3617 situ,
1282 3560 1340 3605 seu
1357 3536 1472 3622 ipsarum
1531 3551 1532 3554 ’

322 3638 453 3705 ¹ordine
477 3638 669 3726 perturbato,
694 3638 837 3726 quolibet
857 3660 899 3705 ex
922 3639 1026 3705 modis
1052 3641 1195 3728 superins
1218 3640 1381 3730 expositio)
1401 3626 1472 3699 ΜΗΘ

344 3752 437 3829 paeto
452 3741 607 3807 eoinoidet
620 3752 741 3821 exacte,
757 3741 814 3811 aed
827 3750 883 3810 aut
896 3742 1029 3809 exeedet
1048 3743 1163 3831 ipsum,
1179 3744 1231 3811 vel
1252 3746 1294 3814 ab
1311 3766 1348 3815 eo
1364 3731 1472 3806 deant

346 3844 584 3933 Consequentur
597 3868 640 3911 ex
653 3844 778 3915 duabus
792 3844 959 3932 inaequalis
974 3846 1147 3933 speciebus,
1162 3847 1197 3913 id
1211 3846 1319 3935 Mojus
1332 3845 1394 3922 arii,
1406 3828 1473 3925 quod

919 4020 1069 4034 —-—.

398 4118 561 4188 Apollonius
571 4122 683 4179 blamed
693 4124 737 4179 for
746 4124 863 4196 pruning
873 4127 985 4183 axioma

397 4201 455 4256 'Phe
466 4204 557 4259 uxiom
569 4205 615 4260 ‘If
623 4208 718 4276 equale
729 4225 777 4265 are
788 4209 882 4267 added
892 4214 923 4267 to
935 4212 1031 4281 equam
1041 4213 1091 4269 tlte
1103 4213 1204 4269 wholes
1215 4230 1264 4269 are
1275 4208 1370 4283 equali
1378 4192 1467 4278 affl

398 4287 767 4431 uppmommoqonsoo
783 4295 868 4353 aaa
884 4296 955 4353 nom
974 4298 1070 4369 mom
1085 4298 1134 4356 no
1152 4297 1322 4357 amasos
1338 4276 1472 4361 nasei

342 4389 412 4449 psov

397 4456 495 4516 Henna
505 4475 547 4516 we
559 4476 605 4517 aaa
616 4462 690 4519 what
701 4464 724 4520 is
737 4464 874 4537 Uneqoal
886 4468 1011 4539 emar,
1025 4470 1099 4525 Lesa
