3167 5192
74 374 166 422 nuci.
183 358 280 443 xm]
412 378 598 428 uecnours
621 380 894 430 nunnunmcn„
1173 368 1237 432 217

72 548 294 631 πωλυαημὼς
311 546 458 614 evolvere
479 546 665 633 diligentius
687 548 876 629 annitemur,
891 560 961 615 tum
975 551 1126 638 quoniam
1140 550 1175 616 id
1194 574 1237 617 ex

71 672 102 715 se
111 648 298 735 jucundum
312 650 356 715 sit
370 674 407 717 ac
421 649 500 717 utile
514 674 705 739 pomoscere‚
717 662 786 719 tum
796 676 838 721 ne
851 664 919 721 tam
929 655 1078 742 ancipitis
1088 656 1235 723 vocabuli

71 755 307 842 significatione
328 756 420 821 varia
440 756 583 823 distracti
605 757 770 844 delusique
799 759 897 846 (quod
917 758 1081 825 nonnullis
1102 760 1230 843 accidit)

72 860 103 925 in
127 884 267 927 errorem
299 861 520 949 prolabamur3
550 872 620 928 tum
649 872 686 928 ut
714 862 810 951 hujus
834 863 1057 953 symptomatis
1087 888 1159 953 quse
1188 865 1232 933 sit
1269 864 1273 869 ’

72 966 228 1053 precipua
243 966 337 1031 notio
352 952 538 1031 distinctius
548 986 766 1051 agnoscamus.

131 1068 177 1134 Et
193 1068 333 1157 quidem
354 1068 381 1133 si
401 1092 553 1133 mensuro
571 1067 754 1156 popularem
771 1091 865 1134 nsum
885 1080 1073 1157 spectemus,
1091 1073 1150 1138 vix
1170 1075 1229 1139 ali-

73 1171 152 1257 quod
169 1182 321 1238 occurrat
341 1170 530 1237 vocabulum
551 1171 593 1236 ed
611 1171 718 1259 plures
738 1172 936 1258 significatus
956 1173 1123 1249 detortum,
1143 1176 1230 1263 quod

73 1274 306 1364 lletaphoricos
322 1297 434 1341 sensus
453 1274 596 1341 obtineat
616 1274 764 1354 crebrius,
784 1286 841 1341 eut
854 1275 961 1362 aptius
975 1276 1133 1346 admittet
1178 1279 1228 1345 Ut

73 1378 229 1458 instemus,
255 1378 331 1443 viro
355 1378 438 1444 bono
464 1386 550 1443 recta
570 1376 652 1443 ratio
674 1377 867 1464 virtutisque
888 1380 1116 1468 prescriptum,
1142 1407 1226 1449 men·

73 1508 141 1549 acra
154 1483 230 1548 vitae
247 1482 370 1548 dicitur
384 1492 416 1548 et
429 1504 563 1561 morum,
575 1480 733 1569 Epicureo
747 1481 871 1547 homini
887 1480 925 1547 τὸ
938 1480 1007 1564 ἡδὺ,
1020 1508 1115 1551 avaro
1130 1486 1227 1553 lucel-

75 1585 143 1667 lum,
163 1587 342 1655 ambitioso
356 1586 498 1675 potentie
512 1584 616 1652 civilis
631 1595 663 1651 et
677 1585 797 1671 gloria;
820 1585 970 1672 quoniam
990 1588 1032 1653 ab
1052 1588 1103 1654 his
1122 1589 1226 1655 homi·

75 1692 158 1757 nibus
175 1692 217 1757 ad
236 1692 322 1758 istas
342 1713 392 1757 res
414 1690 564 1778 pleraque
581 1689 723 1771 consilia,
747 1689 863 1770 studia,
886 1690 970 1757 fucta
990 1690 1173 1777 diriguntur
1193 1704 1226 1760 et

75 1794 273 1883 adaptantur;
293 1793 491 1861 consuetudo
505 1793 557 1859 vel
572 1793 680 1881 opinio
694 1793 804 1882 populi
818 1794 935 1861 dicitur
947 1816 1096 1861 mensura
1109 1795 1224 1879 decori,

75 1899 166 1983 quoad
185 1910 343 1967 externas
362 1920 466 1965 rerum
487 1898 739 1965 circumstantias
749 1922 758 1979 ς
780 1920 858 1964 usus
877 1898 1054 1965 communis
1076 1922 1225 1967 mensura

78 2024 124 2069 seu
136 2028 244 2071 nonna
265 2004 424 2070 sennonis
444 2012 476 2069 et
495 2002 692 2089 significatus
706 2002 940 2069 vocabulorum.
984 2003 1084 2091 Apud
1098 2005 1224 2072 Aristo·

76 2106 158 2173 telem
171 2109 292 2175 alicubi
311 2108 367 2173 lex
382 2107 569 2173 describitur
582 2106 698 2193 μέτρον
712 2108 776 2173 τῶν
790 2105 943 2187 δικαῶνξ
962 2108 1038 2194 quie
1051 2132 1108 2195 per
1122 2131 1224 2197 quan·

79 2209 139 2275 dam
157 2236 228 2279 cum
249 2213 312 2278 ills
332 2211 569 2297 congruentiam
589 2210 667 2298 quid
687 2210 729 2275 eit
743 2210 868 2296 justum
886 2210 1064 2277 declaratur
1082 2234 1120 2277 ac
1138 2213 1223 2279 deci-

78 2312 157 2379 ditur.
199 2316 304 2403 Apud
324 2314 459 2381 eundem
480 2314 612 2380 scientie
628 2324 759 2379 vocatur
777 2312 895 2401 μέτρον
913 2318 977 2379 τῶν
995 2316 1220 2401 emerent

79 2420 141 2505 quia
153 2444 206 2509 per
220 2422 318 2487 illam
328 2419 410 2505 justi
423 2442 528 2485 rerum
542 2418 660 2485 limites
675 2418 934 2499 determinantur,
950 2419 1109 2505 quomodo
1123 2442 1158 2485 se
1172 2444 1222 2485 res

79 2521 189 2605 habeut,
205 2546 378 2612 quousque
391 2522 527 2589 tendunt
540 2522 707 2588 indicetur.
745 2521 850 2587 Taceo
864 2522 950 2608 quod
962 2544 1109 2587 mensure
1122 2548 1224 2607 μετω-

81 2630 197 2706 vomente
209 2636 354 2717 ponetur
367 2648 424 2714 pro
439 2625 508 2713 ipso
525 2624 656 2713 judicio,
679 2648 735 2690 seu
755 2623 904 2689 facultate
914 2628 988 2711 'qud
1001 2646 1106 2689 rerum
1121 2648 1223 2713 quan·

80 2726 140 2794 titus
154 2729 345 2798 discernitur
363 2754 401 2796 ac
420 2730 603 2809 estimetur,
624 2738 661 2794 ut
676 2752 696 2793 a
709 2726 871 2807 Cicerone,
891 2750 964 2792 cum
984 2726 1039 2806 eit,
1067 2729 1225 2817 Quicquid

80 2832 125 2895 mh
140 2838 262 2901 aerium
281 2857 464 2899 mensuram
482 2832 623 2919 ale'quam
642 2830 735 2910 cudit,
757 2854 902 2896 euntem
919 2844 1067 2896 vocatur:
1088 2831 1149 2898 hoc
1162 2844 1219 2909 est,

82 2931 108 2999 id
124 2940 204 3025 cujus
223 2938 316 3005 auris
331 2936 540 3025 quantitatem
560 2935 733 3022 dijudicare
752 2944 868 3023 potest.
913 2934 1067 3001 Praetereo
1082 2960 1217 3024 quoque,

83 3039 151 3121 quod
162 3064 302 3131 persaepe
315 3062 465 3107 mensura
478 3060 537 3123 pro
551 3038 683 3103 definito
695 3038 741 3105 rei
755 3036 896 3125 cujusvis
912 3039 1088 3125 quantitate
1103 3040 1223 3127 legitur

84 3154 220 3231 marpate.
265 3146 316 3214 Ut
332 3144 452 3209 inistis
468 3142 553 3229 apud
565 3140 590 3207 J
592 3140 757 3207 uvenelem
773 3141 876 3207 eureis
890 3142 1101 3222 carminibus3

590 3306 727 3347 mensure
748 3294 847 3346 temen
868 3308 934 3366 quae

183 3394 315 3453 Sufficiat
338 3410 449 3461 census,
472 3388 564 3465 siquis
585 3406 633 3445 me
654 3386 789 3444 consulat
809 3386 911 3458 edem,

184 3490 222 3549 In
242 3496 392 3571 quantum
413 3488 478 3545 sitis
498 3492 588 3562 atque
607 3484 699 3542 fames
719 3490 750 3541 et
770 3482 880 3561 frigora
900 3492 1025 3561 poscunt
1031 3506 1039 3557 ;

184 3590 337 3660 Quantum
359 3586 486 3664 Epicure
506 3582 564 3642 tibi
584 3582 683 3659 parvis
703 3582 819 3639 mrffeoit
838 3582 871 3638 in
891 3582 992 3639 hortis

184 3688 337 3756 Quantum
358 3683 500 3742 Socratici
520 3686 663 3759 cepenmt
682 3684 753 3738 ento
773 3685 903 3755 penates

183 3784 345 3862 Nunquam
366 3782 447 3840 aliud
468 3786 583 3851 natmu,
606 3778 687 3836 aliud
708 3777 855 3854 sapientie
875 3774 970 3835 dictet

88 3915 213 3990 llensura
230 3948 300 4013 quse
322 3944 450 4001 sensus;
473 3919 534 3985 hoc
549 3927 605 3999 est,
627 3940 698 4007 quae
713 3916 845 4006 praecisa
864 3916 911 3982 rei
931 3916 1097 3985 familiaris
1112 3942 1213 4007 quen-

89 4020 162 4090 titas:
173 4026 342 4119 5-alibi
358 4023 443 4113 apud
457 4021 611 4101 cundom3

224 4191 233 4223 ¹
251 4190 309 4254 l'op.
321 4202 360 4240 vr.
374 4204 396 4239 s.
562 4182 573 4215 ¹
590 4182 649 4233 net.
662 4194 689 4233 x.
706 4197 726 4232 1.
893 4182 904 4214 ³
921 4182 972 4233 Sat.
986 4194 1041 4233 xlv,

130 4424 234 4498 1²⁰1)qu
248 4447 310 4488 uses
326 4428 421 4486 ottho
439 4424 515 4483 word
532 4424 673 4481 Mensura.

131 4511 267 4589 uxamae,
285 4518 373 4573 mein.

125 4616 149 4667 B·
164 4622 195 4672 ll.
