3167 5192
342 374 407 442 328
683 388 869 441 nucrrouus
891 388 1164 438 urnueuanrom.
1314 368 1472 457 [sacras.

342 556 831 624 denominatarum-interventu.
875 555 995 636 Etiam,
1026 578 1099 622 cum
1124 555 1325 623 solummodo
1347 556 1474 623 rationu

341 661 495 727 minorem
521 659 726 726 auferendam
754 660 869 725 statuit
893 683 911 725 e
939 660 1076 745 majore;
1110 660 1239 745 (rectius
1268 659 1412 726 minorem
1433 684 1474 749 per

340 765 491 851 majorem
506 763 609 829 dividi
627 762 771 842 dixisset,
787 772 824 828 ut
839 762 1059 849 praemonitum
1079 764 1153 847 est;)
1176 764 1213 827 in
1232 786 1270 829 eo
1289 762 1473 851 liquidissime

340 866 478 934 fallitur:
491 865 570 954 quid
585 866 670 932 enim
685 865 819 953 impedit
833 863 964 931 minoris
975 864 1107 931 rationis
1118 864 1385 933 denominatorem
1395 865 1474 931 dividi

339 995 396 1060 per
410 972 680 1038 denominatorem
694 969 834 1057 majoris,
849 992 906 1035 seu
919 968 1129 1035 Arithmetioe
1143 991 1201 1036 seu
1216 968 1426 1036 Geometrioe?

405 1074 540 1154 Rursus,
561 1095 634 1139 cum
655 1070 810 1136 rationem
832 1069 967 1157 alicujus
986 1070 1028 1135 ad
1052 1070 1169 1156 majus,
1190 1070 1329 1137 subinde
1347 1072 1472 1158 majorem

341 1200 409 1245 esse
428 1177 616 1265 pronunciat
635 1175 758 1241 ratione
777 1174 921 1261 ejusdem
939 1174 982 1239 ad
1001 1174 1127 1240 minus:
1150 1185 1187 1240 ut
1202 1175 1357 1241 rationem
1376 1174 1439 1241 lad
1451 1181 1472 1249 7.

340 1282 491 1368 majorem
506 1304 575 1347 esse
588 1280 710 1347 ratione
724 1288 744 1344 4
759 1278 802 1344 ad
816 1286 854 1358 53
873 1278 1013 1365 adeoque
1028 1279 1161 1346 rationis
1176 1279 1308 1367 majoris
1323 1290 1353 1346 et
1367 1279 1473 1345 minoris

338 1383 470 1449 nomina
498 1405 662 1470 perperam
691 1382 734 1448 ab
762 1381 912 1447 omnibus
942 1381 1095 1448 hactenus
1124 1381 1309 1449 Geometris
1337 1394 1471 1471 usurpata

340 1485 426 1552 Nam
443 1485 599 1573 ejusmodi
618 1486 764 1565 rationes,
787 1495 808 1550 4
831 1485 872 1550 ad
890 1496 907 1550 7
931 1496 964 1550 et
984 1495 1004 1551 4
1025 1485 1066 1552 ad
1087 1496 1116 1565 5,
1137 1487 1179 1552 ad
1199 1487 1287 1553 idem
1305 1508 1472 1573 consequens

338 1588 525 1669 revocando,
547 1598 625 1677 puta
644 1587 844 1675 subrogando
863 1611 921 1674 pro
940 1588 1006 1655 illis
1028 1590 1270 1678 aequipollentes
1288 1598 1327 1656 20
1346 1588 1383 1655 ad
1400 1596 1432 1653 35
1447 1598 1471 1653 et

342 1701 380 1759 28
396 1691 438 1758 ad
451 1700 501 1773 35,
517 1691 619 1779 liquet
634 1700 673 1757 20
687 1692 841 1757 minorem
862 1714 930 1757 esse
949 1714 1044 1779 quam
1067 1702 1116 1773 28,
1138 1694 1285 1781 adeoque
1303 1693 1440 1759 rationem
1456 1700 1470 1755 4

337 1794 379 1860 ad
394 1806 412 1861 7
428 1796 580 1882 majorem
594 1817 664 1861 esse
677 1795 799 1860 ratione
814 1803 834 1859 4
849 1793 935 1861 ads.

401 1895 447 1961 Et
467 1895 640 1961 universim
662 1895 738 1961 hinc
759 1906 849 1983 patet
869 1896 956 1984 quod
975 1909 1007 1963 et
1028 1920 1125 1985 quare
1146 1898 1284 1986 majores
1305 1908 1336 1965 et
1356 1898 1469 1963 minores

334 1999 568 2087 appellamenta
593 2000 847 2067 commodissime
877 2012 951 2067 sunt
976 2025 996 2067 a
1020 2002 1182 2070 veteribus
1208 2004 1380 2091 applicata3
1407 2002 1466 2089 quia

334 2102 455 2169 scilicet
468 2101 503 2168 id
517 2101 603 2189 quod
617 2101 663 2167 rei
677 2102 757 2168 ratio
772 2103 967 2192 depoposcit,
979 2106 1021 2170 ab
1032 2106 1288 2172 antecedentium
1299 2117 1368 2195 poet
1377 2104 1467 2170 reduc·

335 2206 454 2271 tionem
471 2206 702 2293 quantitatibus
721 2206 864 2293 legitime
884 2206 1026 2274 derivata
1045 2219 1129 2289 sunt,
1151 2210 1304 2297 aquibus
1323 2232 1389 2275 cum
1404 2208 1465 2295 ipse

335 2308 471 2374 rationes
495 2307 684 2389 indicantur,
706 2331 744 2374 ac
765 2308 1054 2376 denominationem
1079 2311 1251 2400 accipiunt,
1279 2322 1345 2379 tum
1369 2312 1465 2377 habeut

333 2411 461 2477 omnino
476 2410 562 2499 quod
575 2410 735 2478 ullatenus
751 2412 925 2499 comparari
939 2424 1073 2501 possunt
1088 2423 1143 2479 ant
1158 2415 1385 2505 comprehendi.

398 2514 612 2594 Quamobrem
631 2523 664 2580 et
683 2513 809 2581 abunde
828 2514 1028 2603 perspicuum
1050 2526 1099 2582 est
1119 2516 1257 2583 eundem
1277 2518 1376 2583 virum
1392 2512 1461 2579 nullt
1522 2498 1523 2556 l

332 2617 442 2684 valida
470 2617 591 2684 ratione
620 2616 746 2697 fretum,
777 2616 978 2684 definitiones
1003 2617 1175 2685 Euclideas
1204 2620 1277 2686 falli
1301 2619 1458 2709 postultsse.

332 2718 418 2787 Nam
433 2720 459 2785 si
475 2721 555 2786 ratio
570 2717 693 2807 quaevis
707 2718 772 2784 alit
785 2720 887 2807 major
901 2729 959 2802 est,
975 2720 1060 2808 quod
1074 2722 1143 2809 ipse
1157 2745 1224 2789 non
1239 2725 1391 2802 diffitetur,
1406 2716 1458 2807 (etsi

331 2823 422 2888 nulla
435 2824 559 2911 proprie
573 2823 673 2909 major
687 2822 739 2902 sit,
758 2821 844 2909 quod
857 2844 917 2908 ego
932 2824 1045 2905 sentio,
1060 2823 1193 2891 docendi
1207 2834 1316 2894 tamen
1329 2830 1413 2892 must
1424 2820 1460 2885 nil

330 2935 428 3006 vetat,
443 2949 502 2991 neo
516 2949 576 3011 ego
590 2948 733 3014 repugno
745 2926 825 3013 quin
839 2924 947 3013 aliqua
961 2928 1062 3014 major
1076 2928 1277 3017 appelletur)
1295 2932 1332 3012 si,
1343 2930 1457 3016 inquam,

330 3028 440 3115 aliqua
465 3030 564 3115 major
588 3039 792 3116 supponatur,
823 3028 881 3094 illa
905 3030 1006 3117 major
1028 3031 1099 3117 jure
1124 3034 1327 3100 meritissimo
1351 3032 1457 3106 diccmr,

330 3132 421 3221 cujus
435 3132 654 3198 denominator
666 3142 715 3198 est
728 3132 839 3218 major,
858 3143 891 3198 et
904 3154 977 3220 quaa
990 3133 1064 3200 talis
1082 3136 1123 3201 ab
1138 3135 1276 3205 Euclide
1293 3135 1455 3206 nominatur,

330 3235 519 3322 egregieque
541 3232 724 3299 definitione
746 3234 1021 3315 circumscribitur,
1045 3259 1082 3301 ac
1103 3237 1313 3326 distinguitur
1336 3238 1373 3305 ab
1391 3234 1457 3301 aliis.

329 3338 454 3405 Etdem
473 3336 624 3403 facilitate
643 3336 812 3419 difflantur,
834 3348 872 3404 ut
885 3350 1024 3422 autumo,
1046 3364 1241 3430 quaecuuque
1261 3345 1313 3410 vir
1326 3342 1374 3409 ille
1390 3358 1457 3405 com·

329 3442 420 3510 muni
439 3439 679 3509 Geometrarum
702 3441 868 3507 sententiae
888 3443 1064 3530 pugnantia
1082 3446 1243 3533 suggessit
1265 3447 1366 3515 animo
1384 3462 1456 3531 part·
1521 3454 1522 3471 ¹

330 3547 425 3615 doxa.

393 3659 423 3716 4.
467 3647 581 3736 Neque
603 3648 730 3715 demum
754 3647 933 3714 molestiam
958 3648 1051 3716 nobis
1075 3650 1208 3718 facesset
1232 3652 1296 3719 ista
1319 3660 1455 3736 tantopere

322 3754 445 3841 jactata
465 3751 660 3841 λογομαχία,
687 3751 769 3816 circa
785 3750 945 3817 rationem
964 3752 1146 3841 multiplam
1168 3778 1206 3821 ao
1226 3754 1452 3843 multiplicatam,

326 3856 459 3946 duplam
479 3879 516 3922 ac
529 3854 732 3943 duplicatam,
753 3853 880 3941 triplam
901 3863 934 3920 et
953 3856 1153 3944 triplicatam,
1175 3870 1270 3948 atque
1290 3854 1451 3927 consimiles.

326 3958 412 4026 Nam
426 3983 444 4025 e
459 3959 584 4024 traditis
602 3957 768 4024 manifeste
788 3957 961 4025 dilucescet
980 3961 1134 4028 rationem
1152 3965 1195 4051 (v.
1210 3966 1256 4052 g.)
1274 3962 1450 4053 duplicatam,

325 4084 397 4147 quae
412 4061 537 4141 dicitur,
549 4062 681 4127 minime
695 4060 825 4149 duplam
841 4084 909 4127 esse
923 4062 1065 4145 rationis,
1077 4088 1214 4153 quacum
1226 4067 1382 4135 confertur.
1413 4056 1451 4124 Ul

323 4163 405 4230 ratio
419 4164 543 4229 numeri
557 4172 575 4229 9
591 4163 673 4247 adl,
689 4187 755 4231 nou
769 4175 818 4231 est
833 4164 930 4254 dupla
944 4166 1077 4233 rationis
1092 4176 1111 4235 3
1126 4168 1167 4235 ad
1185 4178 1211 4251 l,
1228 4170 1369 4259 quoniam
1382 4163 1450 4233 exis

1520 4304 1521 4390 i

375 4469 410 4537 (4)
446 4466 590 4537 Duplicate
607 4470 698 4538 ratios,
715 4472 895 4543 multiplicata
912 4477 1005 4545 ratior,
1024 4477 1071 4533 dm.
