3167 5192
108 362 203 422 nucu.
217 344 305 443 xm]
414 360 604 425 marrones
624 361 868 423 aacnarnrcra,
1104 344 1175 425 2892

550 557 658 627 Pacu.
682 557 730 626 11.

174 708 279 777 Datus
296 710 338 776 sit
352 734 445 777 conas
459 724 558 781 rectae
572 712 703 802 ABCp:
724 722 847 781 secetur
857 712 986 801 aplane
1007 711 1095 779 OFD
1115 708 1171 777 axi
1185 723 1242 790 ιιι.
1258 725 1312 789 178.

109 813 176 880 Am
195 812 357 902 parallelo,
383 814 540 883 ducantur
563 826 656 882 rcctae
671 816 747 898 AO,
767 817 838 883 AD
860 816 1017 883 avertice
1037 814 1109 883 coni
1127 815 1170 881 ad

108 916 226 981 lincam
248 917 477 1005 hyperbolicam
508 918 604 999 OED,
631 928 663 985 ct
690 941 783 1007 super
806 920 965 1007 trianpala
985 918 1086 986 ACD
1107 919 1170 984 eri·

108 1028 204 1107 gatar
221 1020 372 1107 pyrami}
401 1020 463 1084 EA
473 1020 532 1087 01)
560 1020 681 1087 habens
704 1022 848 1088 uerticem
872 1021 908 1087 E
932 1022 967 1086 in
996 1045 1056 1088 aaa
1080 1024 1168 1099 coris

108 1128 214 1215 sitque
228 1128 278 1195 Ed
291 1128 388 1217 plano
402 1129 502 1196 AOD
516 1129 796 1219 perpendicularis,
811 1139 844 1196 et
857 1131 911 1198 Es
925 1131 1016 1199 lateri
1030 1131 1112 1199 coni.
1166 1219 1169 1225 Ι

174 1247 266 1329 Dico,
290 1248 466 1337 superficies
491 1249 598 1315 carrica
622 1248 792 1315 terminata
817 1272 838 1314 a
864 1250 948 1315 lincd
972 1250 1170 1338 hyperbolied

115 1348 204 1415 OFD
218 1357 250 1415 et
264 1350 358 1415 rectis
372 1348 449 1429 DA,
465 1349 535 1416 AO
553 1348 598 1414 ita
612 1371 647 1415 sc
667 1348 764 1415 habet
779 1350 821 1415 ad
835 1349 868 1415 A
877 1350 936 1417 OD
950 1352 1053 1417 dacem
1064 1373 1169 1439 pyra·

108 1451 206 1517 midir
220 1451 285 1516 EA
293 1451 351 1518 OD
366 1461 403 1517 ut
417 1452 549 1519 altitudo
563 1452 614 1519 Ed
627 1454 813 1544 pyramidis
826 1454 891 1519 EA
898 1455 958 1521 01)
971 1454 1014 1519 ad
1034 1476 1169 1542 perpen-

109 1554 252 1622 diculum
269 1556 331 1621 Ea.
377 1553 537 1635 Quoniam
559 1555 645 1621 enim
669 1554 782 1623 Conici
806 1557 944 1637 AOED,
966 1557 1092 1624 EOED
1112 1556 1170 1622 ha·

107 1658 187 1725 bcnt
201 1658 335 1724 vertices
352 1656 385 1723 A
401 1668 434 1724 ct
448 1656 483 1722 E
500 1657 535 1723 in
549 1657 646 1745 plano
668 1658 738 1725 basi
767 1658 856 1725 orl)
880 1661 964 1746 (quae
978 1669 1027 1725 cst
1040 1659 1169 1745 utrique

110 1759 231 1827 Ocnieo
251 1759 440 1844 communis)
466 1758 629 1848 parallelo,
648 1782 724 1849 ergo
745 1770 821 1827 sunt
840 1761 988 1847 aequales.
1034 1760 1072 1830 Si
1093 1784 1169 1849 ergo

108 1886 130 1929 a
143 1862 245 1929 solido
260 1862 346 1951 quod
360 1862 558 1951 componitur
573 1885 592 1928 a
607 1862 865 1931 ConiccAOFD
879 1863 988 1930 addito
1002 1864 1170 1951 pyramide
1207 1866 1212 1877 '

108 1966 240 2034 EOAD
264 1967 423 2033 auferatur
448 1965 586 2033 (lonicus
600 1968 726 2034 ΕΘΗ)
754 1967 913 2055 reliquum
942 1968 1002 2033 erit
1030 1966 1169 2034 solidum

108 2070 265 2137 EOFDA
273 2070 308 2151 0,
332 2070 425 2158 quale
442 2069 477 2137 in
502 2069 716 2157 propositione
739 2070 846 2158 primu
874 2070 1062 2141 describitur
1079 2080 1170 2136 motu

108 2183 202 2245 recta
216 2174 282 2245 EO
297 2173 419 2261 aequale
433 2174 594 2261 pyramidi
614 2174 677 2239 EA
686 2174 755 2240 01).
801 2172 960 2251 Quoniam
974 2196 1051 2240 vere
1065 2198 1168 2260 apaa-

108 2276 189 2343 liam
209 2276 419 2366 pyramidum
455 2274 620 2362 reciprocae
649 2284 724 2346 sant
753 2276 840 2342 bases
868 2276 1100 2355 altitudinibus,
1130 2285 1168 2343 ut

108 2380 243 2447 altitudo
264 2378 317 2445 Ed
334 2377 518 2468 pyramidis
541 2377 604 2441 EA
612 2375 671 2443 01)
694 2376 735 2443 ad
759 2377 1021 2464 perpendiculum
1047 2378 1101 2460 Ea
1122 2378 1169 2441 ita

108 2482 169 2548 erit
182 2482 359 2568 superficies
385 2480 493 2546 carim
516 2478 726 2544 terminatae
748 2478 834 2543 liaed
854 2479 1052 2566 hyperbolicd
1079 2478 1167 2545 OFD

108 2591 140 2650 et
154 2583 247 2649 rectis
262 2583 339 2665 DA,
354 2581 423 2648 AO
441 2578 483 2645 ad
500 2574 713 2667 Triangulum
727 2580 838 2647 ΑΘΒ.
875 2598 977 2657 aar).

535 2772 639 2841 Pacu.
662 2770 730 2839 III.

174 2930 278 2996 Datus
296 2930 339 2997 sit
360 2954 454 2997 mnae
475 2922 576 2996 rectus
597 2926 725 3017 ABOp.
772 2926 904 2996 Sccetur
922 2952 941 2993 a
962 2926 1059 3017 plano
1077 2929 1167 3017 (puta
1179 2944 1236 3012 urg.
1248 2946 1304 3011 ηε.

108 3033 268 3123 ινίαπφιῑο
282 3035 344 3121 qrt)
371 3032 457 3120 qnod
483 3031 613 3120 quidem
634 3030 767 3119 planum
790 3030 911 3098 secabit
929 3054 1021 3097 arem
1040 3032 1116 3099 corsi
1131 3031 1167 3097 in

107 3148 226 3227 puncto
238 3162 258 3225 q
269 3160 366 3225 supra
375 3137 518 3203 vertiam
531 3133 733 3222 productum,
745 3144 778 3203 et
792 3134 827 3201 in
841 3134 1003 3203 communi
1016 3133 1167 3202 intersec-

107 3239 194 3311 tione
208 3262 280 3306 cum
294 3238 456 3327 superficie
475 3237 550 3307 corii
561 3236 693 3303 habebit
708 3234 823 3306 lincam
839 3236 1069 3325 hyperbolicam
1087 3238 1166 3330 ιδῃ

108 3341 264 3409 ducantur
278 3366 298 3409 a
311 3341 429 3407 vertice
448 3339 520 3405 coni
535 3339 568 3403 A
583 3348 677 3405 rcctae
692 3339 754 3418 Ar,
769 3339 827 3419 At,
843 3362 863 3403 a
876 3348 995 3425 puncta
1012 3363 1033 3425 q
1053 3338 1168 3403 demit-

53 3491 59 3502 ·
106 3454 193 3511 tatur
220 3442 482 3532 perpendiculum
508 3440 567 3527 qX
592 3438 685 3505 lateri
714 3440 786 3505 coni
816 3441 872 3527 Ap
900 3440 1063 3527 producto,
1089 3451 1166 3506 eta

106 3556 226 3637 puncto
239 3546 273 3612 A
288 3542 548 3641 perpendiculum
563 3543 631 3606 ΑΖ
638 3540 735 3631 plano
750 3554 811 3627 qrt.
925 3637 929 3642 ν
953 3640 958 3645 ⁴
1001 3626 1004 3629 ἦ
1046 3638 1050 3644 .

173 3664 255 3733 Dico
277 3662 452 3751 superficias
474 3658 582 3727 marca
610 3657 780 3724 terminata
809 3681 830 3723 a
859 3656 943 3725 liaed
971 3656 1167 3747 hypobolicd
1199 3648 1204 3656 ’

107 3780 163 3850 rst,
179 3777 212 3835 et
225 3766 319 3834 rectis
337 3764 400 3845 rA,
417 3763 472 3846 tA,
490 3762 537 3829 ita
551 3783 586 3827 ss
604 3761 702 3828 habet
720 3760 920 3847 ad-fipuram
939 3762 1167 3852 hyperbolicam

108 3893 218 3939 cauam
232 3868 330 3956 pua
343 3877 380 3933 ut
386 3864 647 3955 perperdicularn
661 3863 729 3930 ΑΖ
744 3862 785 3929 ud
796 3862 1057 3951 perpendiculari
1071 3864 1135 3951 qX.

173 3988 276 4055 Recta
298 3985 384 4055 euim
410 4009 458 4071 qr,
483 3982 680 4063 circumlata,
704 3980 888 4069 quiescente
909 3981 1046 4054 termino
1063 4007 1093 4068 q,
1110 4004 1167 4069 per

108 4091 210 4157 lineas
224 4090 291 4171 rSt,
308 4087 364 4169 tA,
382 4086 435 4151 Ar
454 4096 584 4173 generat
598 4096 662 4151 tres
677 4084 863 4173 sarperficiaa,
882 4106 996 4171 nempe
1017 4084 1165 4171 apporta

110 4196 203 4261 licam
226 4216 344 4273 cavana,
357 4190 445 4277 qrdt,
473 4198 505 4255 ct
528 4189 589 4255 dac
614 4187 776 4275 triaapala
798 4186 873 4273 th,
899 4188 981 4274 quir,
1008 4208 1080 4274 quaa
1101 4211 1166 4254 uua

109 4320 181 4363 cum
195 4295 356 4383 superficie
374 4293 481 4359 carried
500 4292 669 4357 terminata
691 4313 711 4357 a
732 4290 826 4356 lineis
840 4290 908 4372 rSt,
924 4290 980 4370 tA,
995 4292 1056 4371 Ar,
1080 4311 1166 4378 com·

109 4398 309 4488 prehendunt
326 4396 468 4463 dalidam
485 4396 559 4481 ΨΒ,
581 4398 654 4461 tAr.
700 4391 772 4458 Hoc
796 4414 870 4459 vero
891 4391 1027 4459 solidum
1047 4392 1165 4479 aquala

175 4520 206 4566 a.
220 4520 257 4565 nr.
296 4518 334 4563 11.
1034 4496 1076 4561 37
