3167 5192
350 272 417 338 376
685 289 872 340 nrcrrorns
894 290 1165 342 ravanuance.
1277 275 1382 360 [urar.
1395 295 1488 344 arur.

351 461 497 548 quaedam
512 469 737 550 symptomata,
756 484 823 528 non
838 471 945 528 tamen
964 461 1018 527 hic
1036 484 1074 528 ea
1092 461 1188 528 simul
1203 461 1310 529 omnis
1324 462 1488 544 universim,

350 564 408 630 sed
421 565 487 630 ritu
499 568 564 630 τῶν
576 563 658 652 πρὸς
671 563 707 632 ἓν
723 567 807 653 (quoe
821 576 915 632 vocat
928 564 1157 654 Philosophus)
1174 565 1392 654 particulatim
1405 577 1435 632 et
1445 590 1491 653 per

350 669 470 755 species
484 669 662 735 successive
677 668 838 735 definitur.

413 771 500 838 Nam
525 772 628 861 primo
648 773 809 840 rationum
831 771 1007 838 affabilium
1029 771 1196 859 aequalitas
1218 795 1263 839 ex
1285 795 1344 838 suo
1369 771 1489 860 quodam

347 874 502 942 attributo
524 874 655 961 speciali
678 874 837 957 definitur,
862 885 930 942 tum
951 898 993 941 ex
1016 879 1055 942 et
1073 876 1175 962 major
1194 885 1229 942 et
1246 875 1352 941 minor
1371 873 1489 940 rationes

349 978 510 1059 effabiles3
547 987 631 1044 tum·
648 1001 691 1044 ex
720 979 772 1044 his
801 979 930 1046 tandem
959 979 1117 1045 rationum
1147 977 1299 1066 α’ῤῥήτων
1332 977 1488 1064 aequalitss.

348 1080 508 1160 Quorsum
533 1082 584 1147 hae
608 1081 766 1166 generalia
791 1081 927 1169 subjecti
954 1081 1183 1162 distractiones,
1211 1089 1246 1146 et
1276 1101 1333 1166 per
1361 1077 1489 1144 inferiora

347 1185 506 1262 circuitus,
527 1184 556 1249 si
575 1184 644 1248 dan'
664 1194 776 1271 potest,
799 1194 831 1250 et
850 1183 979 1272 quidem
998 1184 1169 1250 exhibetur
1184 1185 1227 1251 ab
1243 1182 1389 1261 Euclide,
1409 1179 1489 1244 ratio-

346 1308 425 1351 num
440 1284 611 1372 aequalium
630 1286 873 1372 omnigenarum
896 1287 944 1370 (ut
963 1297 995 1352 et
1010 1286 1230 1373 inaequalium)
1253 1284 1424 1372 proprietas
1439 1280 1488 1346 ali·

346 1411 411 1476 qua
425 1387 593 1476 generalis,
613 1411 657 1454 ex
676 1393 740 1474 qut
758 1397 893 1475 possunt
907 1387 1128 1454 universaliter
1142 1387 1296 1455 definiri?
1339 1384 1375 1452 si
1393 1383 1488 1470 depre-

346 1491 445 1558 hendi
458 1490 574 1579 poterit
588 1490 797 1556 animalitatis
817 1491 851 1556 in
871 1513 987 1578 genere
1005 1491 1163 1580 quapiam
1184 1488 1364 1556 essentialis
1380 1485 1486 1575 propri·

345 1603 424 1674 etas,
448 1616 491 1658 an
510 1615 575 1658 non
595 1615 638 1657 ex
660 1592 718 1657 illa
734 1602 863 1680 praeatat
889 1593 946 1676 (rei
967 1603 1098 1673 naturae,
1121 1592 1265 1658 scientiae
1286 1589 1388 1678 genio,
1408 1589 1485 1652 bonse

345 1695 476 1783 Logicae
495 1695 615 1782 regulis
634 1696 779 1761 exactius
801 1695 945 1782 quadrat)
972 1695 1202 1762 animalitatem
1227 1699 1296 1760 unt
1318 1693 1383 1758 viee
1401 1689 1482 1756 simul

345 1799 513 1886 integram,
544 1823 640 1886 quam
665 1799 895 1866 animalitatem
923 1799 1071 1880 hominis,
1098 1810 1130 1866 et
1158 1797 1388 1866 animalitatem
1411 1793 1483 1859 bmti

344 1903 486 1981 seorsim,
500 1925 598 1967 unam
613 1924 655 1967 ex
669 1901 735 1967 alit
749 1901 903 1968 definire?
925 1899 1010 1966 Mihi
1024 1912 1106 1968 certe
1121 1901 1258 1969 videtur.

411 2003 568 2084 Secundo,
588 2004 695 2070 minus
712 2003 818 2090 placet
831 2002 918 2091 quod
932 2003 1144 2070 ineffabilium
1162 2005 1323 2070 rationum
1337 1997 1480 2088 aequalitas

343 2108 493 2194 negative
507 2106 665 2181 definitur,
685 2129 723 2171 ac
741 2107 788 2172 ita
802 2107 931 2194 quidem
948 2115 984 2170 ut
998 2107 1176 2194 praemissas
1197 2114 1356 2196 supponat
1369 2113 1397 2170 et
1412 2121 1478 2188 prs·

343 2211 488 2299 cognitas
522 2209 728 2297 inaequalium
756 2209 915 2276 rationum
945 2208 1155 2275 definitiones.
1208 2209 1296 2276 Nam
1327 2201 1476 2274 universim

343 2314 583 2383 definitionibus
602 2312 761 2398 negativis
780 2311 965 2400 praepollere
984 2321 1153 2376 censentur
1171 2313 1329 2400 positive,
1350 2329 1401 2373 sau
1418 2325 1475 2392 per·

343 2418 513 2498 tectiorem,
528 2415 726 2495 nobiliorem,
742 2424 774 2480 et
787 2413 952 2479 clariorem
967 2435 1071 2479 rerum
1086 2414 1235 2482 notitiam
1250 2413 1462 2503 progignentes

408 2522 494 2588 'Pum
512 2529 736 2609 praeposterum
752 2517 879 2584 videtur
893 2539 936 2583 ex
950 2516 1166 2604 maequalitate
1181 2518 1222 2585 de
1238 2515 1409 2605 equalitate
1423 2519 1473 2574 sta

341 2637 449 2708 tuere3
472 2648 572 2714 quum
591 2624 659 2689 haec
676 2622 735 2687 illt
750 2621 846 2709 prior,
869 2619 1053 2707 simplicior,
1074 2619 1220 2688 stabilior
1238 2621 1388 2694 videatur,
1404 2623 1432 2679 et
1447 2611 1472 2674 in

341 2751 377 2796 se
391 2730 518 2816 penitus
532 2726 738 2793 indivisibilis
753 2725 806 2792 sit.
851 2724 947 2792 Unde
962 2735 1102 2805 veteres3
1125 2724 1348 2802 Nicomachus,
1362 2719 1402 2784 ‘H
1418 2711 1471 2780 ivd

341 2855 399 2912 της
412 2829 573 2919 dexteros
583 2827 654 2895 καθ’
666 2827 782 2910 ἑαυτὴν
788 2826 844 2906 καὶ
855 2825 1031 2914 ἀδιαίρετος
1037 2829 1059 2892 ¹.
1089 2826 1290 2909 Damascius,
1302 2822 1412 2895 Στάσει
1421 2839 1470 2882 vm

340 2931 362 3016 ἦ
386 2931 496 3012 teme
518 2931 694 3014 ἅναλογεῖ’.
738 2929 852 2996 Theon
869 2929 1065 3016 Smymaeus,
1087 2927 1129 2995 ‘0
1149 2933 1207 3012 τῆς
1231 2929 1376 3012 ἰσότητος
1391 2919 1470 3000 lm

341 3033 494 3124 ἀρχηγὸς,
518 3033 573 3098 καὶ
593 3032 720 3120 πρῶτός
740 3031 887 3098 ἐστικαὶ
909 3036 1073 3120 στοιχεῖον
1091 3029 1223 3098 πάντων
1241 3038 1307 3100 τῶν
1325 3022 1470 3116 spuatur

339 3140 457 3223 λόγων,
472 3137 527 3205 καὶ
546 3140 609 3204 τῶν
623 3135 694 3202 καθ’
709 3134 824 3208 αὖτοὺς
844 3133 1041 3218 demde&
1087 3135 1200 3235 Itaque
1213 3138 1367 3204 rationum
1381 3145 1468 3212 aqut·

339 3245 415 3311 litas
429 3241 640 3330 inaequalitati
654 3239 804 3329 postponi
819 3238 946 3305 videtur
963 3239 1132 3320 immerito,
1153 3261 1271 3328 perque
1291 3237 1373 3306 illam
1386 3221 1466 3296 stetui

338 3345 554 3438 dijudicanda

403 3453 523 3518 Annon
542 3449 658 3515 rectius
681 3445 835 3512 Euclides
854 3443 1068 3533 equalitatem
1090 3445 1193 3533 primo
1214 3470 1271 3536 per
1293 3437 1463 3512 affectiom

338 3555 498 3646 quandam
514 3551 694 3640 positivam,
710 3559 743 3614 et
762 3547 1011 3635 inaequalitatem
1033 3549 1259 3636 respondenter
1280 3571 1320 3616 ex
1333 3542 1389 3612 alit
1404 3554 1464 3602 0⁰¹1·

338 3658 436 3726 traria
449 3654 641 3746 proprietate
656 3643 828 3717 delinivit?

402 3757 511 3824 Tertio
531 3755 672 3834 adverto,
692 3751 908 3841 prolixitatem
927 3750 1060 3839 hujusce
1075 3752 1235 3835 doetrinae,
1256 3776 1325 3842 quse
1342 3767 1390 3837 per
1405 3740 1461 3851 lqu-

336 3861 553 3948 giusculamm
568 3855 788 3924 definitionum
804 3853 955 3938 ambages
969 3853 1028 3919 vix
1043 3853 1125 3920 illud
1139 3856 1314 3942 assequitur
1330 3854 1372 3936 (ut
1383 3849 1459 3910 raho·

335 3989 415 4033 num
438 3965 559 4032 scilicet
578 3958 792 4048 aequalitatem
817 3957 858 4022 ab
878 3956 1019 4044 ipsarum
1041 3958 1256 4045 inequalitate
1278 3937 1456 4026 disterminet)

386 4099 583 4149 wamia.
644 4090 1154 4155 'videltultlt'oriatarteoup.273,
1221 4091 1417 4144 ’menese

387 4306 487 4362 Which
503 4307 528 4362 is
543 4322 562 4361 a
577 4307 655 4363 fault

387 4391 510 4448 Positive
528 4390 685 4447 desudem
701 4407 751 4470 are
766 4389 861 4448 better
878 4389 946 4448 than
963 4389 1098 4460 negative.
