3167 5192
321 388 387 455 314
661 402 847 457 anemonas
871 402 1142 455 manasserus.
1276 388 1383 475 [mer.
1399 406 1468 456 xrx.
1544 350 1545 383 ξ

280 562 285 576 ’
321 574 438 643 dicitur
456 575 491 641 in
509 597 624 663 genere
643 575 873 664 submultiplex
896 574 1199 663 superparticularis,
1219 575 1254 641 in
1273 576 1380 663 specie
1405 576 1473 641 sub-

323 678 423 767 dupla
433 672 662 768 sesquiquarta.
683 678 807 747 Gracia
818 679 887 767 pari
898 679 991 746 modo
1001 679 1086 768 prior
1094 678 1472 767 πολλαπλασπιμόρως,

323 783 478 873 posterior
491 782 941 871 ὑποπολλαπτλασεπιμόριος,
955 792 1168 872 nuncupatur.

389 895 419 954 t.
456 886 503 952 At
516 909 590 953 cum
603 886 791 953 antecedens
807 896 1050 975 consequentem
1066 885 1186 974 pluries
1200 886 1354 967 eontinet,
1370 886 1475 973 ampli-

323 1011 424 1078 usque
437 988 545 1078 plures
558 994 625 1055 unt
637 998 743 1078 partes
757 988 827 1077 ejus
842 988 999 1076 aliquotas
1021 990 1069 1073 (ut
1087 990 1145 1057 bes
1164 988 1303 1055 eontinet
1325 988 1476 1076 quadran·
1503 982 1506 989 ’

323 1102 400 1174 tem,
414 1092 469 1160 vel
482 1114 634 1159 numerus
654 1101 673 1159 8
687 1115 856 1161 nnmerum
873 1102 902 1174 3,
917 1092 980 1174 bis,
994 1102 1028 1159 et
1047 1092 1126 1159 duas
1141 1092 1211 1182 ejus
1225 1102 1335 1181 partes
1349 1093 1475 1174 tertiae),

323 1196 371 1263 ita
389 1218 424 1263 se
442 1194 630 1263 habentium
651 1196 858 1265 terminorum
879 1196 961 1265 ratio
982 1195 1097 1263 dicitur
1116 1195 1291 1282 generatim
1312 1194 1477 1283 multiplex

234 1336 237 1341 -
324 1298 569 1386 superpartiens,
585 1297 750 1386 speciatim
764 1299 799 1365 in
819 1298 967 1387 exemplo
985 1297 1146 1386 proposito
1165 1295 1264 1385 dupla
1282 1296 1478 1385 superbipar

323 1399 408 1466 tiens
428 1400 617 1474 tardasset
637 1400 680 1468 ad
701 1401 787 1468 bunc
808 1401 939 1469 modum
960 1401 996 1466 in
1016 1399 1158 1487 reliquis.
1202 1398 1315 1487 Hujus
1338 1399 1415 1469 item
1436 1399 1478 1465 in·

324 1524 425 1583 versa,
440 1503 542 1570 veluti
559 1504 684 1570 numeri
700 1512 718 1570 3
733 1504 774 1569 ad
788 1512 818 1585 8,
835 1504 951 1570 dicitnr
965 1503 1001 1568 in
1020 1525 1133 1590 genere
1152 1502 1233 1568 ratio
1252 1502 1479 1588 submultiplex

324 1606 567 1695 superpartiens,
582 1608 616 1674 in
632 1606 737 1697 specie
751 1606 910 1695 subdupla
924 1606 1191 1694 superbipartiens
1205 1605 1328 1673 tertias.
1367 1605 1478 1673 Grecis

325 1708 438 1775 itidem
463 1709 562 1777 simili
586 1719 680 1797 paeto
704 1709 790 1797 prior
813 1709 1003 1796 majoritatis
1030 1708 1111 1774 ratio
1139 1707 1255 1775 dicitur
1283 1717 1478 1775 neumne-

325 1810 523 1899 σιεπιμερὴς,
538 1812 691 1899 posterior
708 1812 920 1899 (minoritatis)
938 1810 1388 1901 ὖπωτολλαπλασιεπιμερής.
1418 1810 1479 1879 Nec

326 1912 378 1979 his
392 1912 542 1979 existimo
555 1914 633 1979 satis
647 1913 771 2001 liquido
784 1913 962 1981 manifestis
975 1914 1109 1984 ulterius
1122 1913 1347 1983 insistendum.

391 2014 444 2081 Ita
464 2015 624 2081 rationum
646 2015 822 2082 effabilium
844 2038 961 2103 genera
985 2017 1136 2105 (quinque
1157 2017 1348 2105 majoritatis
1369 2028 1401 2087 et
1421 2018 1477 2083 illis

326 2117 472 2205 opposita
485 2117 677 2185 minoritatis
695 2118 841 2203 totidem)
865 2129 1028 2208 uteunque
1049 2120 1262 2185 recensuimus
1283 2129 1318 2186 et
1339 2120 1478 2208 exposui·

326 2242 399 2286 mus
412 2220 570 2301 breviter;
592 2242 652 2287 nec
665 2220 733 2286 ulla
753 2220 847 2287 datur
865 2244 922 2309 per
939 2244 1088 2289 numeros
1111 2221 1327 2311 exprimibilis
1345 2224 1476 2309 inaqua-

325 2325 426 2391 litatis
449 2324 540 2405 ratio,
564 2346 636 2412 quse
660 2346 725 2391 non
745 2323 788 2390 ad
813 2324 926 2391 harum
951 2326 1091 2414 aliquam
1116 2325 1299 2413 redigatur3
1327 2337 1477 2414 qnatenus

325 2450 420 2497 omne
444 2437 600 2515 qnantum
628 2427 733 2515 majus
762 2427 904 2495 continet
932 2429 1039 2497 minus
1061 2438 1118 2497 aut
1140 2429 1309 2517 aliquoties
1336 2428 1474 2518 periens

326 2532 467 2620 adeoque
476 2529 648 2619 multiplex
658 2539 708 2597 est
721 2530 801 2618 ejus,
816 2532 861 2616 (et
873 2530 933 2597 hoc
943 2532 1032 2599 illius
1043 2532 1274 2620 submultiplex
1283 2532 1306 2619 3)
1319 2542 1377 2600 aut
1386 2530 1474 2599 semel

327 2636 449 2725 atejus
468 2634 597 2703 unicam
617 2643 741 2723 partem
763 2634 947 2722 aliquotam,
971 2634 1111 2723 adeoque
1132 2636 1414 2724 superparticulare
1432 2642 1472 2701 est

327 2740 407 2828 ejus,
423 2740 469 2825 (et
482 2738 543 2803 boc
557 2736 645 2803 illius
659 2736 1004 2825 'subsuperparticulare
1013 2738 1036 2824 ;)
1059 2737 1112 2805 vel
1130 2737 1229 2807 semel
1247 2748 1280 2804 et
1294 2737 1402 2827 plures
1414 2736 1472 2825 ejas

328 2851 435 2927 partes
449 2840 616 2928 aliquotas,
628 2840 715 2908 unde
729 2840 961 2931 superpartiens
976 2849 1024 2909 est
1039 2841 1118 2928 ejus,
1136 2843 1180 2927 (et
1193 2841 1254 2909 hoe
1267 2840 1359 2909 illius
1372 2841 1472 2909 subsu-

328 2943 522 3031 perpartiens
531 2946 553 3029 3)
570 2944 624 3011 vel
638 2945 758 3034 pluries
775 2955 808 3011 et
826 2944 953 3013 unicam
968 2944 1037 3033 ejus
1056 2953 1187 3033 partem,
1203 2968 1300 3034 quare
1314 2942 1471 3031 multiplex

329 3046 611 3134 superparticulare
633 3048 764 3130 dicetur,
792 3050 836 3135 (et
859 3048 920 3115 hoo
938 3047 1027 3115 illius
1045 3046 1277 3135 submultiplex
1294 3044 1472 3136 superparti-

328 3150 434 3220 culare
443 3151 465 3236 3)
482 3152 535 3217 vel
549 3150 669 3239 pluries
682 3150 855 3220 demumst
869 3150 975 3240 plures
986 3159 1092 3238 partes
1101 3150 1266 3239 aliquotas,
1278 3152 1471 3240 quamobrem

328 3255 363 3322 id
376 3254 473 3343 hujus
486 3254 547 3322 erit
560 3253 731 3342 multiplex
746 3254 989 3345 superpartiens,
1006 3254 1051 3339 (et
1070 3255 1131 3321 boc
1147 3254 1236 3323 illius
1250 3255 1392 3323 vicisum
1406 3252 1472 3321 sub·

328 3357 500 3446 multiplex
521 3356 754 3447 superpartiens
764 3366 787 3445 3)
810 3379 913 3445 neque
930 3356 976 3425 rei
997 3365 1111 3424 natura
1126 3356 1234 3445 plures
1255 3356 1395 3425 admittit
1407 3376 1471 3423 con·

327 3461 451 3531 tinendi
465 3462 586 3544 modos,
602 3462 681 3531 adeo
694 3461 833 3550 perlecta
847 3470 896 3529 est
910 3462 979 3529 hac
994 3460 1198 3528 enumeratio.

393 3566 547 3632 Attamen
568 3566 654 3653 apud
678 3565 842 3631 Theonem
864 3562 1080 3652 Smyrnaenm²
1101 3564 1232 3652 reperio,
1254 3574 1367 3651 prater
1387 3561 1472 3627 hasce

329 3672 449 3760 species
467 3670 564 3738 aliam
583 3668 792 3743 adnumerari,
809 3690 904 3755 quam
924 3666 1110 3756 simpliciter
1129 3667 1288 3734 effabilem
1306 3689 1373 3737 esse
1393 3662 1471 3741 dicit,

329 3775 460 3862 ejusque
481 3773 632 3841 terminos
654 3771 771 3838 babere
795 3770 950 3837 rationem
973 3770 1097 3841 numeri
1120 3769 1161 3839 ad
1184 3790 1360 3853 nnmerum,
1384 3766 1472 3835 sede

838 3926 847 3957 ¹
866 3927 927 3992 Cap.
943 3926 981 3977 es.

382 4153 474 4209 Greek
490 4159 585 4211 terms.

274 4273 278 4279 .
382 4238 423 4309 (t)
446 4238 584 4310 Multiple
600 4242 822 4312 mpespartt'cnt,
837 4258 869 4298 as
885 4243 927 4315 tt.

382 4338 474 4397 Greek
491 4341 587 4397 terma

381 4423 474 4480 Theon
487 4424 583 4480 makes
597 4425 647 4483 the
661 4428 732 4483 ratio
747 4428 778 4484 of
792 4444 811 4483 a
828 4428 933 4484 limma
951 4430 1011 4498 (356
1028 4431 1059 4485 to
1077 4430 1137 4494 243)
1148 4442 1184 4484 an
1201 4426 1342 4498 exception
1356 4426 1386 4479 to
1400 4420 1471 4477 thess

235 4573 238 4577 λ
326 4510 416 4565 kinds.
452 4510 519 4565 And
531 4510 697 4567 Meibornius
708 4512 812 4569 follows
824 4514 889 4569 him.
