3167 5192
350 360 414 429 282
684 378 871 431 uncrromee
893 376 1164 427 nurnermmcn.
1303 361 1405 445 [nem.
1419 378 1492 429 xm.

356 552 439 619 illud
464 550 561 639 hujus
583 550 714 640 triplum
740 571 820 630 εεεε,
842 548 921 615 dicit
945 548 1192 637 equipollenter‚
1216 558 1251 616 et
1272 548 1353 617 illud
1373 550 1438 617 vult
1455 552 1492 617 iu·

353 654 467 741 elligi,
483 654 565 720 illud
579 654 694 721 adhoc
708 677 742 720 εε
755 653 872 719 hebere
894 652 976 719 sicut
997 661 1016 719 3
1039 652 1081 719 ed
1103 662 1117 718 1
1131 678 1140 735 ;
1164 653 1371 720 antecedente
1390 654 1491 721 scilicet

354 780 514 847 expresso,
539 758 597 824 eed
622 766 832 845 consequente
858 757 926 844 (qui
951 778 1074 847 semper
1095 757 1130 822 'nr
1151 755 1340 844 hujusmodi
1359 756 1492 823 rationum

354 861 667 928 denominationibus
693 872 743 929 εει
769 862 888 945 unitas)
914 862 1011 928 verbo
1033 871 1126 927 tenuo
1149 881 1385 949 suppressere
1404 860 1492 925 subin-

351 964 489 1031 tellecto.

418 1066 507 1133 Hinc
521 1066 620 1133 ultera
638 1065 806 1132 diversitos
826 1066 939 1132 herum
958 1066 1118 1133 rationum
1138 1065 1285 1133 adnotari
1304 1072 1413 1154 potest,
1426 1064 1492 1151 quod

354 1170 555 1237 Geometrice
576 1192 700 1258 semper
720 1169 846 1236 duobus
868 1168 1022 1251 terminis,
1044 1168 1158 1237 saltem
1179 1170 1288 1257 quoed
1310 1168 1490 1247 intellectum,

353 1274 552 1361 exprimitur,
575 1272 679 1360 iisque
700 1295 824 1360 semper
844 1272 990 1359 positivis
1013 1274 1100 1358 (nem
1120 1272 1216 1339 etiem
1237 1273 1372 1339 duorum
1393 1294 1491 1357 negm·

353 1375 435 1441 tium
449 1375 657 1441 terminorum
671 1375 752 1441 ratio
765 1375 905 1463 positive
919 1386 976 1456 εει,
992 1384 1071 1463 pute
1085 1379 1131 1463 τῷ
1144 1386 1202 1441 -4
1213 1376 1257 1443 ed
1273 1413 1299 1425 -
1311 1385 1330 1442 2
1345 1386 1390 1442 εει
1402 1373 1489 1461 duple,

353 1478 467 1545 velut
490 1488 509 1544 2
533 1478 575 1545 ed
600 1488 627 1554 1,
651 1478 738 1566 quod
761 1478 836 1544 indo
858 1487 957 1566 petet,
981 1479 1059 1567 quie
1081 1479 1325 1567 multiplicando
1347 1478 1491 1543 terminum

353 1592 524 1669 utrumque
538 1605 594 1670 per
608 1619 637 1631 -
650 1591 678 1663 1,
693 1582 876 1669 producitur
891 1595 918 1654 ÷
931 1590 951 1647 4
966 1592 999 1648 et
1013 1598 1042 1654 ÷
1054 1592 1084 1663 2,
1101 1583 1257 1649 habentes
1272 1604 1306 1649 se
1320 1590 1356 1647 ut
1370 1590 1387 1645 2
1403 1579 1438 1646 ed
1456 1578 1488 1659 1).

355 1684 421 1754 Sed
445 1685 659 1752 Arithmetioa
683 1686 764 1751 ratio
790 1694 915 1751 tantum
940 1708 1005 1751 uno
1032 1686 1166 1751 termino
1191 1684 1390 1774 exprimitur,
1410 1702 1490 1767 eoque

353 1809 581 1875 nonuunquam
601 1790 771 1875 negativo:
795 1799 832 1855 ut
846 1787 920 1854 talin
937 1790 1019 1855 ratio
1034 1788 1115 1855 inter
1135 1799 1150 1855 1
1168 1798 1200 1855 et
1216 1798 1246 1872 3,
1263 1785 1488 1855 commodissime

353 1888 511 1955 indicatur
535 1913 593 1977 per
617 1891 803 1977 negativum
828 1891 998 1958 terminum
1022 1902 1092 1973 -2,
1118 1902 1156 1959 ut
1181 1916 1280 1981 supra
1303 1914 1377 1957 mox
1400 1886 1488 1953 edno-

353 1990 468 2058 nitum.

417 2093 554 2161 Accedit
568 2095 654 2182 quod
667 2095 881 2163 Arithmetice
895 2098 975 2164 ratio
990 2099 1143 2185 reperitur
1162 2099 1248 2166 inter
1265 2100 1343 2166 duos
1360 2095 1484 2163 terminos

353 2192 487 2261 diversis
502 2197 604 2283 signis
618 2198 766 2279 affectos;
789 2208 823 2263 et
843 2199 925 2266 inter
944 2200 1026 2266 tales
1048 2201 1138 2267 nulle
1159 2212 1305 2268 versetur
1324 2199 1396 2265 ratio
1415 2196 1483 2263 Geo

352 2298 493 2365 metrice
538 2298 579 2366 E.
588 2323 621 2386 g.
637 2301 718 2367 ratio
732 2301 946 2369 Arithmetiee
960 2304 1042 2371 inter
1057 2314 1075 2370 2
1091 2314 1123 2371 ει
1135 2315 1194 2371 -2
1210 2316 1261 2373 εει
1275 2303 1376 2371 eadem
1387 2296 1481 2366 rationi

352 2424 425 2489 quae
447 2403 530 2469 inter
552 2414 571 2471 6
595 2414 629 2470 et
650 2414 689 2486 2;
715 2428 790 2471 nem
816 2406 982 2493 utrobique
1005 2430 1154 2475 excessus
1178 2405 1381 2477 antecedendo
1400 2420 1480 2486 supra

352 2516 596 2593 consequentem
618 2518 666 2574 εει
687 2517 717 2589 4,
741 2520 774 2573 ει
797 2518 815 2573 2
838 2508 880 2575 ad
903 2518 962 2575 -2
986 2510 1107 2576 nullam
1133 2510 1361 2580 Geometricem
1381 2504 1479 2572 obtinet

352 2606 524 2688 rationem3
547 2609 645 2676 hebet
658 2610 745 2676 euim
759 2632 794 2676 ee
808 2610 850 2676 ed
864 2610 955 2693 illud,
972 2612 1055 2678 sicut
1068 2613 1190 2699 eliquid
1209 2615 1254 2680 ed
1274 2612 1424 2702 plusquam
1442 2603 1478 2667 in·

352 2709 443 2777 finite
457 2734 601 2799 parvum,
617 2736 676 2779 nec
689 2712 775 2779 ullus
789 2722 838 2779 εει
859 2714 1040 2801 cogitabilis
1059 2738 1219 2797 numerus,
1241 2726 1391 2799 utcunque
1409 2726 1477 2797 neg·

353 2834 424 2892 nus,
439 2814 496 2900 qui
509 2836 574 2879 non
589 2815 633 2881 sit
646 2814 750 2881 minor
763 2827 909 2903 respectu
923 2817 1028 2898 unius,
1044 2840 1140 2905 quam
1155 2829 1212 2883 -2
1226 2824 1366 2907 respectu
1378 2821 1403 2877 2.

418 2914 527 2997 Porro,
543 2916 715 3003 aequalium
732 2918 814 2984 ratio
834 2918 1035 2985 Geometrice
1054 2942 1177 3009 semper
1198 2919 1406 2989 denominatur
1422 2906 1476 2975 11111'·

352 3024 428 3097 tete,
450 3018 530 3083 ratio
551 3018 765 3085 Arithmetice
785 3020 906 3101 nihilo;
930 3022 1059 3108 majoris
1080 3025 1122 3091 ed
1143 3025 1251 3092 minus
1273 3023 1348 3091 rau'o
1368 3017 1475 3085 Geome·

352 3118 441 3200 trice‚
455 3119 596 3186 numeris
610 3120 822 3207 explicabilis,
839 3121 1061 3191 denominetur
1082 3127 1242 3193 unitatem·
1259 3122 1414 3194 excedente
1430 3132 1474 3179 11¹1·

352 3244 449 3303 mero,
473 3222 597 3309 integro
616 3221 669 3288 vel
688 3222 793 3290 misto.
839 3224 962 3291 Pariter
983 3236 1016 3293 et
1038 3228 1118 3295 ratio
1140 3228 1349 3297 Arithmetica
1366 3216 1474 3289 nihilum

352 3324 525 3392 excedente
540 3322 718 3391 differentit
735 3326 818 3412 (quoe
833 3335 940 3393 temen
959 3329 1113 3395 unitatem
1132 3353 1197 3398 non
1214 3354 1335 3421 semper
1348 3316 1472 3405 ettingit),

352 3426 485 3493 minoris
503 3437 610 3494 eutem
631 3426 673 3493 ed
694 3428 798 3515 majus
820 3430 901 3495 ratio
922 3430 1124 3499 Geometricu
1144 3456 1269 3524 sempor
1289 3428 1420 3501 fractione
1434 3415 1473 3481 vel

352 3551 494 3612 numero,
509 3531 567 3619 qui
581 3529 623 3595 eit
637 3530 760 3596 unitate
779 3529 893 3611 minor,
910 3529 1139 3618 denominetur,
1155 3548 1189 3604 et
1203 3538 1283 3606 ratio
1297 3520 1472 3601 An'thmetiee

352 3632 466 3699 talium
491 3633 697 3699 terminorum
724 3633 868 3720 signam
892 3635 975 3702 infra
1003 3637 1141 3705 nihilum
1170 3641 1348 3709 subsidente
1369 3638 1471 3699 nendo

350 3737 552 3823 negotionem
566 3738 759 3817 involvente,
774 3747 811 3804 ut
825 3738 958 3805 antehae
972 3740 1211 3811 incrdcevimuo.

416 3841 464 3908 At
478 3864 554 3909 vero
569 3841 609 3909 de
628 3842 741 3907 harum
759 3841 919 3907 rationum
939 3842 1158 3933 discrepuntiis
1178 3847 1316 3915 diximus
1333 3839 1469 3931 pindum

352 3944 439 4011 satis.
486 3944 569 4013 cum
583 3946 683 4033 igitur
697 3945 776 4011 meo
790 3952 905 4013 name
920 3947 1054 4016 diverse
1074 3951 1140 4018 sint
1161 3951 1211 4019 hae
1231 3950 1391 4019 murone,
1403 3929 1467 3999 rim

404 4229 588 4286 Geometrioul
604 4233 690 4288 retioe
706 4237 857 4307 expressod
872 4238 908 4309 by
920 4244 974 4294 two
989 4240 1105 4309 positivo
1122 4244 1215 4296 terme

405 4314 598 4372 Arithmctioel
609 4320 681 4374 ratio
692 4320 729 4391 by
741 4337 794 4378 one
805 4328 884 4389 term,
896 4324 1012 4393 positive
1024 4342 1057 4379 or
1068 4326 1202 4394 negativo.

404 4401 486 4455 Retio
497 4401 528 4456 of
536 4404 674 4473 equale„
691 4408 875 4464 erithrneticel
888 4410 912 4463 ie
924 4416 947 4478 0,
960 4411 1138 4479 geometrical
1150 4412 1174 4465 ie
1188 4418 1210 4466 l.

405 4488 434 4542 lt
446 4488 470 4541 ie
481 4487 575 4544 better
587 4493 616 4543 to
628 4491 705 4546 leave
717 4494 765 4548 the
777 4496 852 4549 word
865 4496 939 4551 ratio
950 4500 980 4551 to
992 4497 1167 4564 geometrico]
1181 4498 1252 4552 ratio
1263 4495 1326 4563 only.
