<?xml version="1.0" encoding="UTF-8"?>
<!DOCTYPE html PUBLIC "-//W3C//DTD XHTML 1.0 Transitional//EN"
    "http://www.w3.org/TR/xhtml1/DTD/xhtml1-transitional.dtd">
<html xmlns="http://www.w3.org/1999/xhtml" xml:lang="en" lang="en">
 <head>
  <title>
</title>
<meta http-equiv="Content-Type" content="text/html;charset=utf-8" />
  <meta name='ocr-system' content='tesseract 3.04.00' />
  <meta name='ocr-capabilities' content='ocr_page ocr_carea ocr_par ocr_line ocrx_word'/>
</head>
<body>
  <div class='ocr_page' id='page_1' title='image "./mathematicalwor00whewgoog_0138.png"; bbox 0 0 3167 5192; ppageno 0'>
   <div class='ocr_carea' id='block_1_1' title="bbox 339 362 1473 461">
    <p class='ocr_par' dir='ltr' id='par_1_1' title="bbox 339 362 1473 461">
     <span class='ocr_line' id='line_1_1' title="bbox 339 362 1473 461; baseline -0.003 -25"><span class='ocrx_word' id='word_1_1' title='bbox 339 372 402 437; x_wconf 85' lang='grc'>114</span> <span class='ocrx_word' id='word_1_2' title='bbox 675 390 861 442; x_wconf 83' lang='lat' dir='ltr'>uscrrouss</span> <span class='ocrx_word' id='word_1_3' title='bbox 884 391 1157 443; x_wconf 77' lang='lat' dir='ltr'>unruuumnom.</span> <span class='ocrx_word' id='word_1_4' title='bbox 1306 374 1406 461; x_wconf 83' lang='lat' dir='ltr'>[nucu.</span> <span class='ocrx_word' id='word_1_5' title='bbox 1420 362 1473 433; x_wconf 75' lang='lat' dir='ltr'>nu</span> 
     </span>
    </p>
   </div>
   <div class='ocr_carea' id='block_1_2' title="bbox 315 558 1478 3628">
    <p class='ocr_par' dir='ltr' id='par_1_2' title="bbox 336 558 1471 650">
     <span class='ocr_line' id='line_1_2' title="bbox 336 558 1471 650; baseline -0.003 -26"><span class='ocrx_word' id='word_1_6' title='bbox 336 559 476 647; x_wconf 87' lang='lat' dir='ltr'>Eolipsis</span> <span class='ocrx_word' id='word_1_7' title='bbox 499 560 652 640; x_wconf 88' lang='lat' dir='ltr'>definitio,</span> <span class='ocrx_word' id='word_1_8' title='bbox 678 559 868 629; x_wconf 85' lang='lat' dir='ltr'>Obscuratio</span> <span class='ocrx_word' id='word_1_9' title='bbox 900 562 962 647; x_wconf 89' lang='lat' dir='ltr'>(vel</span> <span class='ocrx_word' id='word_1_10' title='bbox 986 561 1124 650; x_wconf 87' lang='lat' dir='ltr'>privatio</span> <span class='ocrx_word' id='word_1_11' title='bbox 1144 560 1236 647; x_wconf 86' lang='lat' dir='ltr'>lucis)</span> <span class='ocrx_word' id='word_1_12' title='bbox 1264 561 1300 627; x_wconf 92' lang='lat' dir='ltr'>in</span> <span class='ocrx_word' id='word_1_13' title='bbox 1325 560 1420 637; x_wconf 84' lang='lat' dir='ltr'>Luna,</span> <span class='ocrx_word' id='word_1_14' title='bbox 1440 558 1471 622; x_wconf 93' lang='lat' dir='ltr'>ob</span> 
     </span>
    </p>

    <p class='ocr_par' dir='ltr' id='par_1_3' title="bbox 315 661 1478 2689">
     <span class='ocr_line' id='line_1_3' title="bbox 315 661 1473 753; baseline -0.003 -24"><span class='ocrx_word' id='word_1_15' title='bbox 315 731 318 735; x_wconf 15' lang='lat' dir='ltr'><em>A</em></span> <span class='ocrx_word' id='word_1_16' title='bbox 336 663 459 729; x_wconf 89' lang='lat' dir='ltr'>telluris</span> <span class='ocrx_word' id='word_1_17' title='bbox 474 664 684 751; x_wconf 71' lang='lat' dir='ltr'>interjectum.</span> <span class='ocrx_word' id='word_1_18' title='bbox 730 665 771 731; x_wconf 93' lang='lat' dir='ltr'>ln</span> <span class='ocrx_word' id='word_1_19' title='bbox 786 667 904 753; x_wconf 87' lang='lat' dir='ltr'>quibus</span> <span class='ocrx_word' id='word_1_20' title='bbox 918 665 1093 753; x_wconf 87' lang='lat' dir='ltr'>perspicere</span> <span class='ocrx_word' id='word_1_21' title='bbox 1107 664 1182 731; x_wconf 90' lang='lat' dir='ltr'>licet</span> <span class='ocrx_word' id='word_1_22' title='bbox 1199 662 1392 730; x_wconf 85' lang='lat' dir='ltr'>definitionis</span> <span class='ocrx_word' id='word_1_23' title='bbox 1408 661 1473 727; x_wconf 81' lang='lat' dir='ltr'>ucri·</span> 
     </span>
     <span class='ocr_line' id='line_1_4' title="bbox 336 764 1473 854; baseline -0.004 -23"><span class='ocrx_word' id='word_1_24' title='bbox 336 777 445 847; x_wconf 85' lang='lat' dir='ltr'>tatem,</span> <span class='ocrx_word' id='word_1_25' title='bbox 460 766 566 853; x_wconf 88' lang='lat' dir='ltr'>quoad</span> <span class='ocrx_word' id='word_1_26' title='bbox 580 767 649 853; x_wconf 90' lang='lat' dir='ltr'>ejus</span> <span class='ocrx_word' id='word_1_27' title='bbox 664 768 854 854; x_wconf 89' lang='lat' dir='ltr'>subjectum,</span> <span class='ocrx_word' id='word_1_28' title='bbox 870 790 938 834; x_wconf 87' lang='lat' dir='ltr'>csse</span> <span class='ocrx_word' id='word_1_29' title='bbox 957 790 1042 833; x_wconf 89' lang='lat' dir='ltr'>mere</span> <span class='ocrx_word' id='word_1_30' title='bbox 1061 766 1283 847; x_wconf 70' lang='lat' dir='ltr'>arbitrarium</span> <span class='ocrx_word' id='word_1_31' title='bbox 1311 764 1389 829; x_wconf 89' lang='lat' dir='ltr'>illud</span> <span class='ocrx_word' id='word_1_32' title='bbox 1406 764 1473 828; x_wconf 89' lang='lat' dir='ltr'>euim</span> 
     </span>
     <span class='ocr_line' id='line_1_5' title="bbox 336 866 1474 957; baseline -0.004 -22"><span class='ocrx_word' id='word_1_33' title='bbox 336 879 385 935; x_wconf 92' lang='lat' dir='ltr'>est</span> <span class='ocrx_word' id='word_1_34' title='bbox 396 892 511 935; x_wconf 89' lang='lat' dir='ltr'>nomen</span> <span class='ocrx_word' id='word_1_35' title='bbox 522 892 644 935; x_wconf 88' lang='lat' dir='ltr'>merum</span> <span class='ocrx_word' id='word_1_36' title='bbox 660 869 879 957; x_wconf 86' lang='lat' dir='ltr'>contingenter</span> <span class='ocrx_word' id='word_1_37' title='bbox 893 880 925 935; x_wconf 88' lang='lat' dir='ltr'>et</span> <span class='ocrx_word' id='word_1_38' title='bbox 940 892 981 935; x_wconf 86' lang='lat' dir='ltr'>ex</span> <span class='ocrx_word' id='word_1_39' title='bbox 996 870 1126 935; x_wconf 88' lang='lat' dir='ltr'>arbitrio</span> <span class='ocrx_word' id='word_1_40' title='bbox 1139 870 1346 957; x_wconf 84' lang='lat' dir='ltr'>impositum3</span> <span class='ocrx_word' id='word_1_41' title='bbox 1365 866 1474 951; x_wconf 85' lang='lat' dir='ltr'>(scilicet</span> 
     </span>
     <span class='ocr_line' id='line_1_6' title="bbox 336 968 1476 1060; baseline -0.003 -23"><span class='ocrx_word' id='word_1_42' title='bbox 336 995 357 1037; x_wconf 91' lang='lat' dir='ltr'>a</span> <span class='ocrx_word' id='word_1_43' title='bbox 371 972 510 1038; x_wconf 84' lang='lat' dir='ltr'>scientiae</span> <span class='ocrx_word' id='word_1_44' title='bbox 524 981 715 1060; x_wconf 69' lang='lat' dir='ltr'>praeceptore</span> <span class='ocrx_word' id='word_1_45' title='bbox 729 994 786 1059; x_wconf 89' lang='lat' dir='ltr'>pro</span> <span class='ocrx_word' id='word_1_46' title='bbox 802 995 859 1037; x_wconf 89' lang='lat' dir='ltr'>suo</span> <span class='ocrx_word' id='word_1_47' title='bbox 872 972 945 1059; x_wconf 87' lang='lat' dir='ltr'>jure</span> <span class='ocrx_word' id='word_1_48' title='bbox 958 971 1145 1052; x_wconf 78' lang='lat' dir='ltr'>confictum3</span> <span class='ocrx_word' id='word_1_49' title='bbox 1168 971 1222 1037; x_wconf 86' lang='lat' dir='ltr'>rel</span> <span class='ocrx_word' id='word_1_50' title='bbox 1237 972 1280 1037; x_wconf 85' lang='lat' dir='ltr'>ab</span> <span class='ocrx_word' id='word_1_51' title='bbox 1294 993 1357 1037; x_wconf 88' lang='lat' dir='ltr'>usu</span> <span class='ocrx_word' id='word_1_52' title='bbox 1370 968 1476 1055; x_wconf 81' lang='lat' dir='ltr'>vulgari</span> 
     </span>
     <span class='ocr_line' id='line_1_7' title="bbox 335 1074 1476 1163; baseline -0.004 -21"><span class='ocrx_word' id='word_1_53' title='bbox 335 1076 558 1163; x_wconf 68' lang='lat' dir='ltr'>desumptum</span> <span class='ocrx_word' id='word_1_54' title='bbox 588 1075 641 1140; x_wconf 81' lang='lat' dir='ltr'>vel</span> <span class='ocrx_word' id='word_1_55' title='bbox 661 1074 824 1140; x_wconf 86' lang='lat' dir='ltr'>doctorum</span> <span class='ocrx_word' id='word_1_56' title='bbox 845 1098 1001 1140; x_wconf 89' lang='lat' dir='ltr'>consensu</span> <span class='ocrx_word' id='word_1_57' title='bbox 1020 1075 1239 1163; x_wconf 88' lang='lat' dir='ltr'>adprobatum,</span> <span class='ocrx_word' id='word_1_58' title='bbox 1262 1075 1318 1142; x_wconf 83' lang='lat' dir='ltr'>vel</span> <span class='ocrx_word' id='word_1_59' title='bbox 1336 1087 1476 1159; x_wconf 86' lang='lat' dir='ltr'>utcunque</span> 
     </span>
     <span class='ocr_line' id='line_1_8' title="bbox 337 1175 1478 1266; baseline -0.004 -21"><span class='ocrx_word' id='word_1_60' title='bbox 337 1181 520 1247; x_wconf 81' lang='lat' dir='ltr'>nullatanus</span> <span class='ocrx_word' id='word_1_61' title='bbox 541 1177 626 1245; x_wconf 80' lang='grc' dir='ltr'>κατὰ</span> <span class='ocrx_word' id='word_1_62' title='bbox 648 1178 757 1265; x_wconf 79' lang='grc' dir='ltr'>φύσιν,</span> <span class='ocrx_word' id='word_1_63' title='bbox 773 1202 816 1243; x_wconf 86' lang='lat' dir='ltr'>ex</span> <span class='ocrx_word' id='word_1_64' title='bbox 838 1186 896 1244; x_wconf 76' lang='lat' dir='ltr'>sua</span> <span class='ocrx_word' id='word_1_65' title='bbox 917 1179 1017 1266; x_wconf 86' lang='lat' dir='ltr'>ipsius</span> <span class='ocrx_word' id='word_1_66' title='bbox 1039 1184 1162 1253; x_wconf 73' lang='lat' dir='ltr'>natura,</span> <span class='ocrx_word' id='word_1_67' title='bbox 1183 1178 1239 1243; x_wconf 87' lang='lat' dir='ltr'>sed</span> <span class='ocrx_word' id='word_1_68' title='bbox 1261 1178 1390 1243; x_wconf 92' lang='lat' dir='ltr'>omnino</span> <span class='ocrx_word' id='word_1_69' title='bbox 1410 1175 1478 1241; x_wconf 76' lang='grc' dir='ltr'>κατὰ</span> 
     </span>
     <span class='ocr_line' id='line_1_9' title="bbox 337 1282 1477 1369; baseline -0.004 -19"><span class='ocrx_word' id='word_1_70' title='bbox 337 1285 437 1366; x_wconf 83' lang='grc' dir='ltr'>θέσιν,</span> <span class='ocrx_word' id='word_1_71' title='bbox 449 1308 490 1349; x_wconf 88' lang='lat' dir='ltr'>ex</span> <span class='ocrx_word' id='word_1_72' title='bbox 501 1284 666 1349; x_wconf 92' lang='lat' dir='ltr'>hominum</span> <span class='ocrx_word' id='word_1_73' title='bbox 678 1283 823 1348; x_wconf 88' lang='lat' dir='ltr'>instituto</span> <span class='ocrx_word' id='word_1_74' title='bbox 839 1282 1023 1369; x_wconf 87' lang='lat' dir='ltr'>significans</span> <span class='ocrx_word' id='word_1_75' title='bbox 1035 1306 1101 1349; x_wconf 84' lang='lat' dir='ltr'>rem</span> <span class='ocrx_word' id='word_1_76' title='bbox 1113 1282 1278 1349; x_wconf 85' lang='lat' dir='ltr'>definitam</span> <span class='ocrx_word' id='word_1_77' title='bbox 1286 1283 1308 1365; x_wconf 84' lang='lat'>3)</span> <span class='ocrx_word' id='word_1_78' title='bbox 1322 1304 1415 1368; x_wconf 88' lang='lat' dir='ltr'>quare</span> <span class='ocrx_word' id='word_1_79' title='bbox 1427 1304 1477 1346; x_wconf 92' lang='lat' dir='ltr'>nou</span> 
     </span>
     <span class='ocr_line' id='line_1_10' title="bbox 336 1383 1476 1474; baseline -0.004 -22"><span class='ocrx_word' id='word_1_80' title='bbox 336 1387 428 1453; x_wconf 87' lang='lat' dir='ltr'>aliter</span> <span class='ocrx_word' id='word_1_81' title='bbox 443 1385 651 1453; x_wconf 86' lang='lat' dir='ltr'>demonstrari</span> <span class='ocrx_word' id='word_1_82' title='bbox 664 1394 769 1474; x_wconf 85' lang='lat' dir='ltr'>potest</span> <span class='ocrx_word' id='word_1_83' title='bbox 783 1385 865 1450; x_wconf 90' lang='lat' dir='ltr'>illud</span> <span class='ocrx_word' id='word_1_84' title='bbox 879 1408 994 1451; x_wconf 89' lang='lat' dir='ltr'>nomen</span> <span class='ocrx_word' id='word_1_85' title='bbox 1014 1386 1182 1451; x_wconf 84' lang='lat' dir='ltr'>convenire</span> <span class='ocrx_word' id='word_1_86' title='bbox 1200 1383 1384 1473; x_wconf 82' lang='lat' dir='ltr'>praedicato,</span> <span class='ocrx_word' id='word_1_87' title='bbox 1398 1406 1476 1472; x_wconf 85' lang='lat' dir='ltr'>quum</span> 
     </span>
     <span class='ocr_line' id='line_1_11' title="bbox 336 1486 1478 1577; baseline -0.005 -21"><span class='ocrx_word' id='word_1_88' title='bbox 336 1490 379 1556; x_wconf 89' lang='lat' dir='ltr'>ad</span> <span class='ocrx_word' id='word_1_89' title='bbox 404 1490 595 1556; x_wconf 85' lang='lat' dir='ltr'>Lexicorum</span> <span class='ocrx_word' id='word_1_90' title='bbox 620 1488 850 1568; x_wconf 87' lang='lat' dir='ltr'>auctoritatem,</span> <span class='ocrx_word' id='word_1_91' title='bbox 877 1488 918 1553; x_wconf 87' lang='lat' dir='ltr'>ad</span> <span class='ocrx_word' id='word_1_92' title='bbox 947 1488 1130 1577; x_wconf 82' lang='lat' dir='ltr'>popularem</span> <span class='ocrx_word' id='word_1_93' title='bbox 1157 1490 1424 1569; x_wconf 88' lang='lat' dir='ltr'>consuetudinem,</span> <span class='ocrx_word' id='word_1_94' title='bbox 1446 1486 1478 1553; x_wconf 83' lang='lat' dir='ltr'>ud</span> 
     </span>
     <span class='ocr_line' id='line_1_12' title="bbox 336 1593 1478 1681; baseline -0.001 -23"><span class='ocrx_word' id='word_1_95' title='bbox 336 1594 499 1660; x_wconf 87' lang='lat' dir='ltr'>doctorum</span> <span class='ocrx_word' id='word_1_96' title='bbox 515 1594 667 1680; x_wconf 83' lang='lat' dir='ltr'>suffragia</span> <span class='ocrx_word' id='word_1_97' title='bbox 684 1593 884 1681; x_wconf 87' lang='lat' dir='ltr'>provocando</span> <span class='ocrx_word' id='word_1_98' title='bbox 894 1617 902 1673; x_wconf 89' lang='lat'>;</span> <span class='ocrx_word' id='word_1_99' title='bbox 929 1593 983 1659; x_wconf 87' lang='lat' dir='ltr'>rel</span> <span class='ocrx_word' id='word_1_100' title='bbox 1003 1603 1095 1674; x_wconf 86' lang='lat' dir='ltr'>certe,</span> <span class='ocrx_word' id='word_1_101' title='bbox 1117 1594 1236 1660; x_wconf 87' lang='lat' dir='ltr'>doctori</span> <span class='ocrx_word' id='word_1_102' title='bbox 1257 1596 1363 1661; x_wconf 86' lang='lat' dir='ltr'>cuivis</span> <span class='ocrx_word' id='word_1_103' title='bbox 1381 1594 1412 1659; x_wconf 89' lang='lat' dir='ltr'>in</span> <span class='ocrx_word' id='word_1_104' title='bbox 1430 1593 1478 1657; x_wconf 88' lang='lat' dir='ltr'>hoc</span> 
     </span>
     <span class='ocr_line' id='line_1_13' title="bbox 335 1695 1477 1787; baseline -0.001 -25"><span class='ocrx_word' id='word_1_105' title='bbox 335 1707 526 1783; x_wconf 88' lang='lat' dir='ltr'>competens,</span> <span class='ocrx_word' id='word_1_106' title='bbox 539 1698 594 1783; x_wconf 92' lang='lat' dir='ltr'>jus</span> <span class='ocrx_word' id='word_1_107' title='bbox 614 1695 741 1762; x_wconf 90' lang='lat' dir='ltr'>sibimet</span> <span class='ocrx_word' id='word_1_108' title='bbox 758 1695 951 1781; x_wconf 85' lang='lat' dir='ltr'>adrogando.</span> <span class='ocrx_word' id='word_1_109' title='bbox 997 1696 1043 1761; x_wconf 88' lang='lat' dir='ltr'>At</span> <span class='ocrx_word' id='word_1_110' title='bbox 1064 1719 1139 1763; x_wconf 86' lang='lat' dir='ltr'>vero</span> <span class='ocrx_word' id='word_1_111' title='bbox 1161 1698 1267 1783; x_wconf 85' lang='lat' dir='ltr'>quoad</span> <span class='ocrx_word' id='word_1_112' title='bbox 1290 1698 1477 1787; x_wconf 82' lang='lat' dir='ltr'>praedioatum</span> 
     </span>
     <span class='ocr_line' id='line_1_14' title="bbox 336 1798 1477 1887; baseline -0.002 -22"><span class='ocrx_word' id='word_1_113' title='bbox 336 1800 435 1887; x_wconf 91' lang='lat' dir='ltr'>liquet</span> <span class='ocrx_word' id='word_1_114' title='bbox 456 1801 525 1887; x_wconf 87' lang='lat' dir='ltr'>ejus</span> <span class='ocrx_word' id='word_1_115' title='bbox 546 1798 752 1884; x_wconf 81' lang='lat' dir='ltr'>(definitionis</span> <span class='ocrx_word' id='word_1_116' title='bbox 772 1798 904 1883; x_wconf 89' lang='lat' dir='ltr'>inquam</span> <span class='ocrx_word' id='word_1_117' title='bbox 929 1798 1120 1885; x_wconf 88' lang='lat' dir='ltr'>cujuspiam)</span> <span class='ocrx_word' id='word_1_118' title='bbox 1143 1800 1312 1866; x_wconf 86' lang='lat' dir='ltr'>veritatem</span> <span class='ocrx_word' id='word_1_119' title='bbox 1337 1823 1378 1865; x_wconf 83' lang='lat' dir='ltr'>ex</span> <span class='ocrx_word' id='word_1_120' title='bbox 1401 1800 1477 1865; x_wconf 78' lang='lat' dir='ltr'>dicta</span> 
     </span>
     <span class='ocr_line' id='line_1_15' title="bbox 335 1900 1478 1990; baseline -0.003 -22"><span class='ocrx_word' id='word_1_121' title='bbox 335 1902 548 1989; x_wconf 78' lang='lat' dir='ltr'>hypotheseos</span> <span class='ocrx_word' id='word_1_122' title='bbox 565 1904 674 1987; x_wconf 87' lang='lat' dir='ltr'>(quam</span> <span class='ocrx_word' id='word_1_123' title='bbox 688 1900 836 1985; x_wconf 87' lang='lat' dir='ltr'>includit)</span> <span class='ocrx_word' id='word_1_124' title='bbox 853 1901 1064 1989; x_wconf 85' lang='lat' dir='ltr'>possibilitate</span> <span class='ocrx_word' id='word_1_125' title='bbox 1080 1903 1274 1990; x_wconf 80' lang='lat' dir='ltr'>dependere3</span> <span class='ocrx_word' id='word_1_126' title='bbox 1300 1904 1355 1979; x_wconf 92' lang='lat' dir='ltr'>sic,</span> <span class='ocrx_word' id='word_1_127' title='bbox 1370 1914 1404 1969; x_wconf 91' lang='lat' dir='ltr'>ut</span> <span class='ocrx_word' id='word_1_128' title='bbox 1417 1924 1478 1967; x_wconf 82' lang='lat' dir='ltr'>uera</span> 
     </span>
     <span class='ocr_line' id='line_1_16' title="bbox 335 2003 1478 2093; baseline 0 -24"><span class='ocrx_word' id='word_1_129' title='bbox 335 2004 378 2069; x_wconf 91' lang='lat' dir='ltr'>sit</span> <span class='ocrx_word' id='word_1_130' title='bbox 399 2003 549 2082; x_wconf 88' lang='lat' dir='ltr'>definitio,</span> <span class='ocrx_word' id='word_1_131' title='bbox 573 2024 645 2088; x_wconf 85' lang='lat' dir='ltr'>quae</span> <span class='ocrx_word' id='word_1_132' title='bbox 667 2025 782 2068; x_wconf 86' lang='lat' dir='ltr'>nomen</span> <span class='ocrx_word' id='word_1_133' title='bbox 807 2004 955 2089; x_wconf 84' lang='lat' dir='ltr'>adsignat</span> <span class='ocrx_word' id='word_1_134' title='bbox 978 2005 1023 2070; x_wconf 87' lang='lat' dir='ltr'>rei</span> <span class='ocrx_word' id='word_1_135' title='bbox 1047 2004 1231 2092; x_wconf 87' lang='lat' dir='ltr'>possibilem</span> <span class='ocrx_word' id='word_1_136' title='bbox 1255 2005 1395 2093; x_wconf 88' lang='lat' dir='ltr'>aliquam</span> <span class='ocrx_word' id='word_1_137' title='bbox 1416 2027 1478 2090; x_wconf 79' lang='lat' dir='ltr'>sup</span> 
     </span>
     <span class='ocr_line' id='line_1_17' title="bbox 335 2102 1478 2193; baseline 0 -24"><span class='ocrx_word' id='word_1_138' title='bbox 335 2105 533 2191; x_wconf 82' lang='lat' dir='ltr'>positionem,</span> <span class='ocrx_word' id='word_1_139' title='bbox 558 2104 592 2167; x_wconf 92' lang='lat' dir='ltr'>in</span> <span class='ocrx_word' id='word_1_140' title='bbox 617 2102 689 2191; x_wconf 74' lang='lat' dir='ltr'>ipsa</span> <span class='ocrx_word' id='word_1_141' title='bbox 713 2126 904 2193; x_wconf 80' lang='lat' dir='ltr'>expressam,</span> <span class='ocrx_word' id='word_1_142' title='bbox 932 2108 1134 2193; x_wconf 81' lang='lat' dir='ltr'>consequenti</span> <span class='ocrx_word' id='word_1_143' title='bbox 1163 2107 1225 2192; x_wconf 79' lang='lat' dir='ltr'>(vel</span> <span class='ocrx_word' id='word_1_144' title='bbox 1255 2110 1299 2173; x_wconf 87' lang='lat' dir='ltr'>ab</span> <span class='ocrx_word' id='word_1_145' title='bbox 1329 2115 1367 2175; x_wconf 76' lang='lat' dir='ltr'>aa</span> <span class='ocrx_word' id='word_1_146' title='bbox 1394 2106 1478 2173; x_wconf 85' lang='lat' dir='ltr'>resul-</span> 
     </span>
     <span class='ocr_line' id='line_1_18' title="bbox 334 2206 1477 2295; baseline 0 -22"><span class='ocrx_word' id='word_1_147' title='bbox 334 2208 416 2273; x_wconf 88' lang='lat' dir='ltr'>tanti</span> <span class='ocrx_word' id='word_1_148' title='bbox 422 2208 455 2293; x_wconf 88' lang='lat'>¹).</span> <span class='ocrx_word' id='word_1_149' title='bbox 501 2206 598 2274; x_wconf 91' lang='lat' dir='ltr'>Unde</span> <span class='ocrx_word' id='word_1_150' title='bbox 620 2230 712 2294; x_wconf 92' lang='lat' dir='ltr'>porro</span> <span class='ocrx_word' id='word_1_151' title='bbox 733 2207 834 2295; x_wconf 90' lang='lat' dir='ltr'>liquet</span> <span class='ocrx_word' id='word_1_152' title='bbox 850 2208 1047 2275; x_wconf 88' lang='lat' dir='ltr'>definitiones</span> <span class='ocrx_word' id='word_1_153' title='bbox 1062 2234 1103 2275; x_wconf 85' lang='lat' dir='ltr'>ex</span> <span class='ocrx_word' id='word_1_154' title='bbox 1123 2217 1181 2275; x_wconf 76' lang='lat' dir='ltr'>sua</span> <span class='ocrx_word' id='word_1_155' title='bbox 1195 2218 1311 2277; x_wconf 72' lang='lat' dir='ltr'>natura</span> <span class='ocrx_word' id='word_1_156' title='bbox 1326 2236 1388 2277; x_wconf 91' lang='lat' dir='ltr'>non</span> <span class='ocrx_word' id='word_1_157' title='bbox 1401 2212 1477 2276; x_wconf 87' lang='lat' dir='ltr'>aliter</span> 
     </span>
     <span class='ocr_line' id='line_1_19' title="bbox 333 2311 1477 2401; baseline -0.001 -23"><span class='ocrx_word' id='word_1_158' title='bbox 333 2334 402 2378; x_wconf 84' lang='lat' dir='ltr'>csse</span> <span class='ocrx_word' id='word_1_159' title='bbox 414 2311 684 2393; x_wconf 86' lang='lat' dir='ltr'>demonstrabiles,</span> <span class='ocrx_word' id='word_1_160' title='bbox 697 2332 793 2399; x_wconf 84' lang='lat' dir='ltr'>quam</span> <span class='ocrx_word' id='word_1_161' title='bbox 808 2312 1001 2399; x_wconf 84' lang='lat' dir='ltr'>hypotheses</span> <span class='ocrx_word' id='word_1_162' title='bbox 1016 2314 1111 2401; x_wconf 87' lang='lat' dir='ltr'>ipsas,</span> <span class='ocrx_word' id='word_1_163' title='bbox 1127 2336 1145 2379; x_wconf 90' lang='lat' dir='ltr'>e</span> <span class='ocrx_word' id='word_1_164' title='bbox 1159 2314 1276 2400; x_wconf 89' lang='lat' dir='ltr'>quibus</span> <span class='ocrx_word' id='word_1_165' title='bbox 1292 2316 1380 2381; x_wconf 81' lang='lat' dir='ltr'>velut</span> <span class='ocrx_word' id='word_1_166' title='bbox 1393 2337 1477 2381; x_wconf 87' lang='lat' dir='ltr'>erner-</span> 
     </span>
     <span class='ocr_line' id='line_1_20' title="bbox 332 2413 1476 2502; baseline 0 -24"><span class='ocrx_word' id='word_1_167' title='bbox 332 2423 432 2501; x_wconf 80' lang='lat' dir='ltr'>gunt3</span> <span class='ocrx_word' id='word_1_168' title='bbox 455 2415 515 2479; x_wconf 89' lang='lat' dir='ltr'>hoo</span> <span class='ocrx_word' id='word_1_169' title='bbox 529 2423 578 2480; x_wconf 89' lang='lat' dir='ltr'>est</span> <span class='ocrx_word' id='word_1_170' title='bbox 593 2437 688 2501; x_wconf 89' lang='lat' dir='ltr'>quam</span> <span class='ocrx_word' id='word_1_171' title='bbox 702 2413 897 2479; x_wconf 88' lang='lat' dir='ltr'>ostendendo</span> <span class='ocrx_word' id='word_1_172' title='bbox 913 2436 1028 2479; x_wconf 91' lang='lat' dir='ltr'>nomen</span> <span class='ocrx_word' id='word_1_173' title='bbox 1045 2414 1187 2502; x_wconf 80' lang='lat' dir='ltr'>adaptari</span> <span class='ocrx_word' id='word_1_174' title='bbox 1207 2416 1252 2482; x_wconf 87' lang='lat' dir='ltr'>rei</span> <span class='ocrx_word' id='word_1_175' title='bbox 1273 2429 1395 2485; x_wconf 85' lang='lat' dir='ltr'>naturae</span> <span class='ocrx_word' id='word_1_176' title='bbox 1414 2439 1476 2481; x_wconf 87' lang='lat' dir='ltr'>con-</span> 
     </span>
     <span class='ocr_line' id='line_1_21' title="bbox 333 2518 1477 2609; baseline -0.002 -24"><span class='ocrx_word' id='word_1_177' title='bbox 333 2519 485 2585; x_wconf 88' lang='lat' dir='ltr'>ditionem</span> <span class='ocrx_word' id='word_1_178' title='bbox 507 2518 638 2584; x_wconf 88' lang='lat' dir='ltr'>habenti</span> <span class='ocrx_word' id='word_1_179' title='bbox 658 2518 736 2583; x_wconf 86' lang='lat' dir='ltr'>satis</span> <span class='ocrx_word' id='word_1_180' title='bbox 750 2518 915 2583; x_wconf 85' lang='lat' dir='ltr'>manifeste</span> <span class='ocrx_word' id='word_1_181' title='bbox 930 2518 1123 2605; x_wconf 89' lang='lat' dir='ltr'>possibilem,</span> <span class='ocrx_word' id='word_1_182' title='bbox 1135 2518 1232 2606; x_wconf 86' lang='lat' dir='ltr'>juxta</span> <span class='ocrx_word' id='word_1_183' title='bbox 1246 2521 1335 2607; x_wconf 87' lang='lat' dir='ltr'>quod</span> <span class='ocrx_word' id='word_1_184' title='bbox 1350 2519 1477 2609; x_wconf 85' lang='lat' dir='ltr'>superius</span> 
     </span>
     <span class='ocr_line' id='line_1_22' title="bbox 333 2622 598 2689; baseline 0 -2"><span class='ocrx_word' id='word_1_185' title='bbox 333 2622 526 2689; x_wconf 87' lang='lat' dir='ltr'>inculcatum</span> <span class='ocrx_word' id='word_1_186' title='bbox 540 2630 598 2687; x_wconf 90' lang='lat' dir='ltr'>est.</span> 
     </span>
    </p>

    <p class='ocr_par' dir='ltr' id='par_1_4' title="bbox 323 2721 1476 3430">
     <span class='ocr_line' id='line_1_23' title="bbox 397 2721 1476 2816; baseline -0.002 -27"><span class='ocrx_word' id='word_1_187' title='bbox 397 2724 431 2789; x_wconf 87' lang='lat' dir='ltr'>N</span> <span class='ocrx_word' id='word_1_188' title='bbox 431 2748 483 2789; x_wconf 89' lang='lat' dir='ltr'>am</span> <span class='ocrx_word' id='word_1_189' title='bbox 498 2736 580 2789; x_wconf 87' lang='lat' dir='ltr'>certe</span> <span class='ocrx_word' id='word_1_190' title='bbox 593 2723 639 2788; x_wconf 90' lang='lat' dir='ltr'>rei</span> <span class='ocrx_word' id='word_1_191' title='bbox 657 2721 934 2809; x_wconf 82' lang='lat' dir='ltr'>incompossibilia,</span> <span class='ocrx_word' id='word_1_192' title='bbox 950 2721 1002 2787; x_wconf 85' lang='lat' dir='ltr'>vel</span> <span class='ocrx_word' id='word_1_193' title='bbox 1021 2725 1261 2810; x_wconf 80' lang='lat' dir='ltr'>repugnantiam</span> <span class='ocrx_word' id='word_1_194' title='bbox 1283 2726 1476 2816; x_wconf 80' lang='lat' dir='ltr'>implicantis,</span> 
     </span>
     <span class='ocr_line' id='line_1_24' title="bbox 331 2824 1476 2915; baseline 0.003 -24"><span class='ocrx_word' id='word_1_195' title='bbox 331 2824 467 2893; x_wconf 78' lang='lat' dir='ltr'>non&#39;est</span> <span class='ocrx_word' id='word_1_196' title='bbox 487 2828 554 2892; x_wconf 91' lang='lat' dir='ltr'>ulla</span> <span class='ocrx_word' id='word_1_197' title='bbox 575 2827 699 2915; x_wconf 87' lang='lat' dir='ltr'>proprie</span> <span class='ocrx_word' id='word_1_198' title='bbox 721 2824 872 2906; x_wconf 87' lang='lat' dir='ltr'>definitio,</span> <span class='ocrx_word' id='word_1_199' title='bbox 891 2825 985 2891; x_wconf 90' lang='lat' dir='ltr'>sicuti</span> <span class='ocrx_word' id='word_1_200' title='bbox 1006 2850 1065 2893; x_wconf 86' lang='lat' dir='ltr'>nec</span> <span class='ocrx_word' id='word_1_201' title='bbox 1085 2829 1218 2895; x_wconf 87' lang='lat' dir='ltr'>affectio.</span> <span class='ocrx_word' id='word_1_202' title='bbox 1253 2830 1476 2914; x_wconf 61' lang='lat' dir='ltr'>(Aristotelem</span> 
     </span>
     <span class='ocr_line' id='line_1_25' title="bbox 332 2926 1474 3015; baseline 0.005 -21"><span class='ocrx_word' id='word_1_203' title='bbox 332 2928 370 2994; x_wconf 82' lang='grc' dir='ltr'>τὸ</span> <span class='ocrx_word' id='word_1_204' title='bbox 390 2929 436 3011; x_wconf 77' lang='grc' dir='ltr'>μὴ</span> <span class='ocrx_word' id='word_1_205' title='bbox 455 2929 491 2993; x_wconf 86' lang='grc' dir='ltr'>ὃν</span> <span class='ocrx_word' id='word_1_206' title='bbox 508 2928 608 2999; x_wconf 81' lang='grc' dir='ltr'>οὐδεὶς</span> <span class='ocrx_word' id='word_1_207' title='bbox 625 2927 708 2993; x_wconf 78' lang='grc' dir='ltr'>οἶδεν</span> <span class='ocrx_word' id='word_1_208' title='bbox 729 2926 779 2993; x_wconf 76' lang='grc' dir='ltr'>ὅτι</span> <span class='ocrx_word' id='word_1_209' title='bbox 802 2927 900 3008; x_wconf 76' lang='grc' dir='ltr'>ἐστὶν,</span> <span class='ocrx_word' id='word_1_210' title='bbox 923 2927 1013 2994; x_wconf 68' lang='grc' dir='ltr'>ἀλλά</span> <span class='ocrx_word' id='word_1_211' title='bbox 1034 2955 1066 2994; x_wconf 82' lang='grc' dir='ltr'>τι</span> <span class='ocrx_word' id='word_1_212' title='bbox 1086 2930 1146 3013; x_wconf 86' lang='grc' dir='ltr'>μὲν</span> <span class='ocrx_word' id='word_1_213' title='bbox 1168 2933 1320 3015; x_wconf 81' lang='grc' dir='ltr'>σημαίνει</span> <span class='ocrx_word' id='word_1_214' title='bbox 1343 2934 1360 3000; x_wconf 85' lang='grc' dir='ltr'>ὁ</span> <span class='ocrx_word' id='word_1_215' title='bbox 1382 2934 1474 3015; x_wconf 68' lang='lat' dir='ltr'>atym,</span> 
     </span>
     <span class='ocr_line' id='line_1_26' title="bbox 331 3029 1475 3126; baseline 0.004 -31"><span class='ocrx_word' id='word_1_216' title='bbox 331 3031 352 3113; x_wconf 82' lang='grc' dir='ltr'>ἢ</span> <span class='ocrx_word' id='word_1_217' title='bbox 367 3031 405 3096; x_wconf 83' lang='grc' dir='ltr'>τὸ</span> <span class='ocrx_word' id='word_1_218' title='bbox 422 3030 532 3113; x_wconf 80' lang='grc' dir='ltr'><em>ὄνομα,</em></span> <span class='ocrx_word' id='word_1_219' title='bbox 548 3029 624 3096; x_wconf 75' lang='grc' dir='ltr'>ὅταν</span> <span class='ocrx_word' id='word_1_220' title='bbox 641 3032 721 3096; x_wconf 80' lang='grc' dir='ltr'>εἴπω</span> <span class='ocrx_word' id='word_1_221' title='bbox 740 3030 957 3119; x_wconf 58' lang='lat' dir='ltr'>spartanam·</span> <span class='ocrx_word' id='word_1_222' title='bbox 980 3034 1013 3100; x_wconf 85' lang='grc' dir='ltr'>τὶ</span> <span class='ocrx_word' id='word_1_223' title='bbox 1034 3032 1061 3099; x_wconf 86' lang='grc' dir='ltr'>δ’</span> <span class='ocrx_word' id='word_1_224' title='bbox 1085 3035 1157 3100; x_wconf 81' lang='grc' dir='ltr'>ἐστὶ</span> <span class='ocrx_word' id='word_1_225' title='bbox 1179 3036 1397 3126; x_wconf 78' lang='grc' dir='ltr'>τρωγὲλαφος,</span> <span class='ocrx_word' id='word_1_226' title='bbox 1412 3035 1475 3103; x_wconf 75' lang='grc' dir='ltr'>ἀδύ-</span> 
     </span>
     <span class='ocr_line' id='line_1_27' title="bbox 332 3130 1476 3226; baseline 0.007 -27"><span class='ocrx_word' id='word_1_227' title='bbox 332 3157 428 3199; x_wconf 84' lang='grc' dir='ltr'>νατον</span> <span class='ocrx_word' id='word_1_228' title='bbox 451 3130 573 3198; x_wconf 78' lang='grc' dir='ltr'>εἰδέναι.</span> <span class='ocrx_word' id='word_1_229' title='bbox 623 3133 710 3212; x_wconf 78' lang='lat' dir='ltr'>Quid</span> <span class='ocrx_word' id='word_1_230' title='bbox 730 3134 883 3219; x_wconf 72' lang='lat' dir='ltr'>aa&#39;qnifioet</span> <span class='ocrx_word' id='word_1_231' title='bbox 908 3136 1088 3202; x_wconf 80' lang='lat' dir='ltr'>vocabalum</span> <span class='ocrx_word' id='word_1_232' title='bbox 1113 3137 1312 3205; x_wconf 78' lang='lat' dir='ltr'>hircocervus</span> <span class='ocrx_word' id='word_1_233' title='bbox 1340 3156 1476 3226; x_wconf 74' lang='lat' dir='ltr'>auraque</span> 
     </span>
     <span class='ocr_line' id='line_1_28' title="bbox 323 3236 1476 3327; baseline 0.006 -27"><span class='ocrx_word' id='word_1_234' title='bbox 323 3249 427 3325; x_wconf 80' lang='lat' dir='ltr'>potest</span> <span class='ocrx_word' id='word_1_235' title='bbox 440 3236 585 3322; x_wconf 64' lang='lat' dir='ltr'>intellqi,</span> <span class='ocrx_word' id='word_1_236' title='bbox 607 3236 663 3301; x_wconf 80' lang='lat' dir='ltr'>aad</span> <span class='ocrx_word' id='word_1_237' title='bbox 678 3238 785 3323; x_wconf 78' lang='lat' dir='ltr'>nequit</span> <span class='ocrx_word' id='word_1_238' title='bbox 804 3238 940 3323; x_wconf 74' lang='lat' dir='ltr'>definiri,</span> <span class='ocrx_word' id='word_1_239' title='bbox 962 3241 1039 3325; x_wconf 79' lang='lat' dir='ltr'>quia</span> <span class='ocrx_word' id='word_1_240' title='bbox 1057 3264 1111 3307; x_wconf 80' lang='lat' dir='ltr'>aec</span> <span class='ocrx_word' id='word_1_241' title='bbox 1126 3241 1279 3327; x_wconf 71' lang='lat' dir='ltr'>ey&#39;usuwdi</span> <span class='ocrx_word' id='word_1_242' title='bbox 1290 3268 1343 3310; x_wconf 81' lang='lat' dir='ltr'>rec</span> <span class='ocrx_word' id='word_1_243' title='bbox 1362 3245 1476 3311; x_wconf 60' lang='lat' dir='ltr'>emtore</span> 
     </span>
     <span class='ocr_line' id='line_1_29' title="bbox 323 3354 466 3430; baseline 0.007 -25"><span class='ocrx_word' id='word_1_244' title='bbox 323 3354 466 3430; x_wconf 67' lang='lat' dir='ltr'>possm.</span> 
     </span>
    </p>

    <p class='ocr_par' dir='ltr' id='par_1_5' title="bbox 330 3441 1476 3628">
     <span class='ocr_line' id='line_1_30' title="bbox 396 3441 1476 3531; baseline 0.006 -24"><span class='ocrx_word' id='word_1_245' title='bbox 396 3442 489 3523; x_wconf 82' lang='lat' dir='ltr'>Quod</span> <span class='ocrx_word' id='word_1_246' title='bbox 503 3464 578 3508; x_wconf 82' lang='lat' dir='ltr'>vero</span> <span class='ocrx_word' id='word_1_247' title='bbox 592 3452 714 3529; x_wconf 87' lang='lat' dir='ltr'>spectat</span> <span class='ocrx_word' id='word_1_248' title='bbox 728 3441 769 3506; x_wconf 88' lang='lat' dir='ltr'>ad</span> <span class='ocrx_word' id='word_1_249' title='bbox 782 3442 975 3529; x_wconf 86' lang='lat' dir='ltr'>reliquorum</span> <span class='ocrx_word' id='word_1_250' title='bbox 990 3444 1200 3511; x_wconf 82' lang='lat' dir='ltr'>Axiomatum</span> <span class='ocrx_word' id='word_1_251' title='bbox 1217 3448 1393 3531; x_wconf 83' lang='lat' dir='ltr'>veritatem,</span> <span class='ocrx_word' id='word_1_252' title='bbox 1406 3446 1476 3515; x_wconf 87' lang='lat' dir='ltr'>deri·</span> 
     </span>
     <span class='ocr_line' id='line_1_31' title="bbox 330 3545 1476 3628; baseline 0 -13"><span class='ocrx_word' id='word_1_253' title='bbox 330 3559 424 3615; x_wconf 83' lang='lat' dir='ltr'>vatur</span> <span class='ocrx_word' id='word_1_254' title='bbox 442 3548 508 3628; x_wconf 87' lang='lat' dir='ltr'>illa,</span> <span class='ocrx_word' id='word_1_255' title='bbox 529 3546 612 3612; x_wconf 88' lang='lat' dir='ltr'>sicut</span> <span class='ocrx_word' id='word_1_256' title='bbox 633 3545 768 3611; x_wconf 86' lang='lat' dir='ltr'>antehac</span> <span class='ocrx_word' id='word_1_257' title='bbox 789 3545 995 3627; x_wconf 87' lang='lat' dir='ltr'>insinuatum,</span> <span class='ocrx_word' id='word_1_258' title='bbox 1016 3572 1057 3614; x_wconf 82' lang='lat' dir='ltr'>ex</span> <span class='ocrx_word' id='word_1_259' title='bbox 1080 3547 1298 3618; x_wconf 84' lang='lat' dir='ltr'>definitionum</span> <span class='ocrx_word' id='word_1_260' title='bbox 1321 3553 1476 3621; x_wconf 68' lang='lat' dir='ltr'>anteceda-</span> 
     </span>
    </p>
   </div>
   <div class='ocr_carea' id='block_1_3' title="bbox 331 3648 1550 3737">
    <p class='ocr_par' dir='ltr' id='par_1_6' title="bbox 331 3648 1550 3737">
     <span class='ocr_line' id='line_1_32' title="bbox 331 3648 1550 3737; baseline 0.002 -21"><span class='ocrx_word' id='word_1_261' title='bbox 331 3674 461 3717; x_wconf 86' lang='lat' dir='ltr'>nearum</span> <span class='ocrx_word' id='word_1_262' title='bbox 484 3650 617 3715; x_wconf 86' lang='lat' dir='ltr'>veritate</span> <span class='ocrx_word' id='word_1_263' title='bbox 638 3649 878 3736; x_wconf 74' lang='lat' dir='ltr'>prasuppositt,</span> <span class='ocrx_word' id='word_1_264' title='bbox 902 3673 958 3737; x_wconf 90' lang='lat' dir='ltr'>per</span> <span class='ocrx_word' id='word_1_265' title='bbox 980 3650 1156 3737; x_wconf 85' lang='lat' dir='ltr'>legitimum</span> <span class='ocrx_word' id='word_1_266' title='bbox 1181 3655 1392 3725; x_wconf 87' lang='lat' dir='ltr'>ratiocinium.</span> <span class='ocrx_word' id='word_1_267' title='bbox 1435 3653 1476 3721; x_wconf 83' lang='lat' dir='ltr'>Ut</span> <span class='ocrx_word' id='word_1_268' title='bbox 1549 3648 1550 3699; x_wconf 70' lang='lat' dir='ltr'>l</span> 
     </span>
    </p>
   </div>
   <div class='ocr_carea' id='block_1_4' title="bbox 329 3751 1475 4247">
    <p class='ocr_par' dir='ltr' id='par_1_7' title="bbox 330 3751 1475 3846">
     <span class='ocr_line' id='line_1_33' title="bbox 330 3751 1475 3846; baseline 0.002 -27"><span class='ocrx_word' id='word_1_269' title='bbox 330 3779 361 3821; x_wconf 88' lang='lat' dir='ltr'>v.</span> <span class='ocrx_word' id='word_1_270' title='bbox 378 3779 416 3841; x_wconf 83' lang='lat' dir='ltr'>g.</span> <span class='ocrx_word' id='word_1_271' title='bbox 432 3777 504 3842; x_wconf 86' lang='lat' dir='ltr'>quae</span> <span class='ocrx_word' id='word_1_272' title='bbox 521 3762 665 3841; x_wconf 83' lang='lat' dir='ltr'>prostant</span> <span class='ocrx_word' id='word_1_273' title='bbox 681 3752 716 3816; x_wconf 92' lang='lat' dir='ltr'>in</span> <span class='ocrx_word' id='word_1_274' title='bbox 737 3751 900 3817; x_wconf 86' lang='lat' dir='ltr'>elementis</span> <span class='ocrx_word' id='word_1_275' title='bbox 919 3752 1110 3819; x_wconf 82' lang='lat' dir='ltr'>Axiomata:</span> <span class='ocrx_word' id='word_1_276' title='bbox 1134 3754 1254 3823; x_wconf 88' lang='lat' dir='ltr'>Omnes</span> <span class='ocrx_word' id='word_1_277' title='bbox 1276 3761 1388 3846; x_wconf 86' lang='lat' dir='ltr'>anguli</span> <span class='ocrx_word' id='word_1_278' title='bbox 1410 3756 1475 3825; x_wconf 83' lang='lat' dir='ltr'>recti</span> 
     </span>
    </p>

    <p class='ocr_par' dir='ltr' id='par_1_8' title="bbox 329 3854 1475 3949">
     <span class='ocr_line' id='line_1_34' title="bbox 329 3854 1475 3949; baseline 0.001 -25"><span class='ocrx_word' id='word_1_279' title='bbox 329 3869 405 3924; x_wconf 88' lang='lat' dir='ltr'>sunt</span> <span class='ocrx_word' id='word_1_280' title='bbox 419 3858 557 3945; x_wconf 84' lang='lat' dir='ltr'>aequales</span> <span class='ocrx_word' id='word_1_281' title='bbox 571 3857 654 3922; x_wconf 86' lang='lat' dir='ltr'>inter</span> <span class='ocrx_word' id='word_1_282' title='bbox 669 3878 721 3922; x_wconf 80' lang='lat' dir='ltr'>se:</span> <span class='ocrx_word' id='word_1_283' title='bbox 738 3854 846 3920; x_wconf 76' lang='lat' dir='ltr'>Recta</span> <span class='ocrx_word' id='word_1_284' title='bbox 860 3854 952 3921; x_wconf 80' lang='lat' dir='ltr'>lineas</span> <span class='ocrx_word' id='word_1_285' title='bbox 967 3858 1103 3944; x_wconf 88' lang='lat' dir='ltr'>spatium</span> <span class='ocrx_word' id='word_1_286' title='bbox 1119 3882 1183 3925; x_wconf 92' lang='lat' dir='ltr'>non</span> <span class='ocrx_word' id='word_1_287' title='bbox 1196 3864 1475 3949; x_wconf 84' lang='lat' dir='ltr'>comprehendunt:</span> 
     </span>
    </p>

    <p class='ocr_par' dir='ltr' id='par_1_9' title="bbox 329 3956 1475 4054">
     <span class='ocr_line' id='line_1_35' title="bbox 329 3956 1475 4054; baseline 0.004 -28"><span class='ocrx_word' id='word_1_288' title='bbox 329 3958 450 4026; x_wconf 87' lang='lat' dir='ltr'>Omnes</span> <span class='ocrx_word' id='word_1_289' title='bbox 464 3982 482 4025; x_wconf 88' lang='lat' dir='ltr'>e</span> <span class='ocrx_word' id='word_1_290' title='bbox 496 3970 602 4025; x_wconf 89' lang='lat' dir='ltr'>centro</span> <span class='ocrx_word' id='word_1_291' title='bbox 619 3957 660 4024; x_wconf 87' lang='lat' dir='ltr'>ad</span> <span class='ocrx_word' id='word_1_292' title='bbox 677 3956 887 4045; x_wconf 87' lang='lat' dir='ltr'>peripheriam</span> <span class='ocrx_word' id='word_1_293' title='bbox 902 3957 1011 4024; x_wconf 86' lang='lat' dir='ltr'>circuli</span> <span class='ocrx_word' id='word_1_294' title='bbox 1027 3960 1128 4027; x_wconf 72' lang='lat' dir='ltr'>ductae</span> <span class='ocrx_word' id='word_1_295' title='bbox 1142 3974 1234 4030; x_wconf 83' lang='lat' dir='ltr'>rectae</span> <span class='ocrx_word' id='word_1_296' title='bbox 1249 3964 1341 4031; x_wconf 84' lang='lat' dir='ltr'>lineae</span> <span class='ocrx_word' id='word_1_297' title='bbox 1357 3987 1475 4054; x_wconf 84' lang='lat' dir='ltr'>aequau-</span> 
     </span>
    </p>

    <p class='ocr_par' dir='ltr' id='par_1_10' title="bbox 329 4060 1475 4247">
     <span class='ocr_line' id='line_1_36' title="bbox 329 4060 1475 4152; baseline 0.003 -25"><span class='ocrx_word' id='word_1_298' title='bbox 329 4073 399 4140; x_wconf 89' lang='lat' dir='ltr'>tur;</span> <span class='ocrx_word' id='word_1_299' title='bbox 423 4084 464 4125; x_wconf 86' lang='lat' dir='ltr'>ex</span> <span class='ocrx_word' id='word_1_300' title='bbox 479 4062 588 4147; x_wconf 84' lang='lat' dir='ltr'>anguli</span> <span class='ocrx_word' id='word_1_301' title='bbox 603 4062 691 4140; x_wconf 88' lang='lat' dir='ltr'>recti,</span> <span class='ocrx_word' id='word_1_302' title='bbox 707 4060 908 4147; x_wconf 66' lang='lat' dir='ltr'>equalitatis,</span> <span class='ocrx_word' id='word_1_303' title='bbox 921 4062 1016 4149; x_wconf 88' lang='lat' dir='ltr'>spatii</span> <span class='ocrx_word' id='word_1_304' title='bbox 1033 4065 1261 4152; x_wconf 87' lang='lat' dir='ltr'>comprehensi,</span> <span class='ocrx_word' id='word_1_305' title='bbox 1278 4069 1386 4135; x_wconf 89' lang='lat' dir='ltr'>circuli</span> <span class='ocrx_word' id='word_1_306' title='bbox 1405 4066 1475 4133; x_wconf 82' lang='lat' dir='ltr'>defi-</span> 
     </span>
     <span class='ocr_line' id='line_1_37' title="bbox 730 4182 1079 4247; baseline 0.009 -15"><span class='ocrx_word' id='word_1_307' title='bbox 730 4184 739 4217; x_wconf 87' lang='lat'>1</span> <span class='ocrx_word' id='word_1_308' title='bbox 759 4182 829 4245; x_wconf 66' lang='lat' dir='ltr'>conf.</span> <span class='ocrx_word' id='word_1_309' title='bbox 844 4182 920 4234; x_wconf 64' lang='lat' dir='ltr'>rrae.</span> <span class='ocrx_word' id='word_1_310' title='bbox 934 4184 991 4235; x_wconf 69' lang='lat' dir='ltr'>rra.</span> <span class='ocrx_word' id='word_1_311' title='bbox 1005 4196 1043 4235; x_wconf 71' lang='grc' dir='ltr'>ιι.</span> <span class='ocrx_word' id='word_1_312' title='bbox 1058 4200 1079 4247; x_wconf 75' lang='lat'>7.</span> 
     </span>
    </p>
   </div>
   <div class='ocr_carea' id='block_1_5' title="bbox 378 4325 533 4395">
    <p class='ocr_par' dir='ltr' id='par_1_11' title="bbox 378 4325 533 4395">
     <span class='ocr_line' id='line_1_38' title="bbox 378 4325 533 4395; baseline 0 -16"><span class='ocrx_word' id='word_1_313' title='bbox 378 4325 533 4395; x_wconf 83' lang='lat' dir='ltr'>Exanrples.</span> 
     </span>
    </p>
   </div>
   <div class='ocr_carea' id='block_1_6' title="bbox 377 4412 1072 4557">
    <p class='ocr_par' dir='ltr' id='par_1_12' title="bbox 377 4412 1072 4557">
     <span class='ocr_line' id='line_1_39' title="bbox 377 4412 1072 4489; baseline 0.014 -24"><span class='ocrx_word' id='word_1_314' title='bbox 377 4412 468 4466; x_wconf 84' lang='lat' dir='ltr'>‘lhere</span> <span class='ocrx_word' id='word_1_315' title='bbox 478 4428 526 4466; x_wconf 86' lang='lat' dir='ltr'>aro</span> <span class='ocrx_word' id='word_1_316' title='bbox 538 4428 574 4466; x_wconf 92' lang='lat' dir='ltr'>no</span> <span class='ocrx_word' id='word_1_317' title='bbox 587 4413 749 4469; x_wconf 82' lang='lat' dir='ltr'>Definitions</span> <span class='ocrx_word' id='word_1_318' title='bbox 760 4418 792 4472; x_wconf 83' lang='lat' dir='ltr'>of</span> <span class='ocrx_word' id='word_1_319' title='bbox 801 4417 959 4489; x_wconf 82' lang='lat' dir='ltr'>impossible</span> <span class='ocrx_word' id='word_1_320' title='bbox 972 4418 1072 4488; x_wconf 75' lang='lat' dir='ltr'>things.</span> 
     </span>
     <span class='ocr_line' id='line_1_40' title="bbox 380 4498 826 4557; baseline 0.004 -2"><span class='ocrx_word' id='word_1_321' title='bbox 380 4498 495 4555; x_wconf 74' lang='lat' dir='ltr'>Axioma</span> <span class='ocrx_word' id='word_1_322' title='bbox 507 4498 568 4552; x_wconf 75' lang='lat' dir='ltr'>flou</span> <span class='ocrx_word' id='word_1_323' title='bbox 579 4498 649 4553; x_wconf 85' lang='lat' dir='ltr'>from</span> <span class='ocrx_word' id='word_1_324' title='bbox 663 4499 826 4557; x_wconf 81' lang='lat' dir='ltr'>Definitious</span> 
     </span>
    </p>
   </div>
   <div class='ocr_carea' id='block_1_7' title="bbox 0 0 1588 5189">
    <p class='ocr_par' dir='ltr' id='par_1_13' title="bbox 0 0 1588 5189">
     <span class='ocr_line' id='line_1_41' title="bbox 0 0 1588 5189; baseline 0 0"><span class='ocrx_word' id='word_1_325' title='bbox 0 0 1588 5189; x_wconf 95' lang='lat' dir='ltr'> </span> 
     </span>
    </p>
   </div>
  </div>
 </body>
</html>
