3167 5192
304 349 366 414 132
512 326 518 337 ’
639 358 826 411 murreum
847 358 1120 409 semanimem.
1288 346 1395 423 [sacr.
1413 359 1463 407 ιι

305 564 364 609 nec
384 542 449 608 fere
470 540 639 659 quisquam
661 560 715 604 eas
738 538 784 603 ita
805 546 985 655 pertractat,
1007 544 1044 601 ut
1066 556 1130 601 non
1152 558 1170 601 e
1193 534 1319 600 dictis'
1309 536 1463 599 immania

305 645 476 733 paradoxa,
493 642 752 730 gravissimaeque
766 661 915 728 oonsequr
907 640 1099 705 videantur
1113 638 1324 705 difficultates.
1567 686 1568 693 ι

370 743 437 810 Ex
450 766 483 829 g.
497 742 661 810 Cartesius
676 764 718 806 ex
733 763 790 806 auo
806 741 902 827 spatii
917 748 1071 827 conceptu
1085 738 1212 804 deducit
1225 738 1387 803 infinitam
1399 721 1462 821 (rel
1567 828 1568 835 ἵ

306 846 391 913 idem
407 846 565 912 efferendo
579 844 718 924 mollius,
734 843 945 926 indefinitam)
963 842 1133 909 mimdause
1147 841 1287 907 materiae
1302 842 1463 907 extensio·

306 971 390 1027 nem,
412 969 556 1013 necnon
578 945 869 1034 impossibilitatem
891 944 993 1023 vacui,
1017 954 1049 1010 et
1067 943 1285 1009 immediatam
1305 944 1465 1030 contigui-

306 1061 409 1119 tatem
426 1072 591 1138 corporum
610 1059 704 1115 antea
722 1048 920 1127 distantium,
941 1045 1127 1112 annihilatis
1146 1047 1199 1113 val
1218 1046 1333 1113 amotis
1354 1069 1465 1135 corpo-

305 1154 395 1219 ribus
409 1151 615 1230 intermediis,
634 1150 748 1237 hisque
767 1160 912 1235 cognata.
957 1148 1037 1227 Quae
1051 1148 1141 1214 velut
1155 1172 1175 1213 a
1189 1148 1351 1215 communi
1369 1172 1466 1216 sensu

307 1255 518 1334 abhorrentia,
539 1275 636 1340 quam
654 1252 767 1319 merito
790 1274 856 1317 non
879 1250 1017 1339 disputo,
1041 1250 1242 1337 reprehendit
1263 1262 1296 1317 et
1318 1252 1466 1340 explodit

306 1359 376 1446 ejus
391 1355 525 1423 aemulus
539 1354 702 1421 Hobbins.

372 1459 420 1525 At
439 1481 515 1525 vero
536 1480 615 1522 num
637 1456 770 1522 clariora
789 1455 844 1521 vel
864 1455 1006 1535 certiora,
1029 1455 1135 1522 minus
1155 1454 1339 1539 ἁσύστατα,
1359 1459 1467 1545 magis

307 1562 464 1647 ἄμεμπτα
477 1561 603 1649 reponit
616 1560 723 1648 ipse¹?
758 1558 938 1624 Videamus
949 1560 1145 1648 pauxillum:
1163 1559 1310 1648 Spatium
1319 1562 1466 1649 appellat

307 1666 445 1754 corporis
459 1665 575 1731 idaeam
589 1662 642 1729 vel
655 1662 863 1750 phantasma3
886 1660 1003 1741 locum,
1018 1662 1113 1748 spatii
1128 1684 1200 1727 cum
1215 1662 1355 1749 corporis
1373 1686 1469 1749 mag-

307 1767 452 1833 nitudine
470 1763 733 1844 coincidentiam3
755 1773 888 1843 motum,
911 1762 1007 1828 unius
1028 1763 1090 1829 loci
1104 1764 1309 1845 relictionem,
1333 1773 1366 1832 et
1386 1765 1468 1831 alte-

307 1868 374 1933 rius
396 1868 648 1955 acquisitionem.
693 1865 775 1945 Quis
796 1888 861 1931 non
882 1866 972 1931 videt
992 1887 1090 1952 quam
1115 1878 1171 1931 aut
1195 1868 1264 1933 haeo
1286 1878 1468 1955 repugnent

308 1971 381 2052 sibi,
396 1972 449 2037 vel
470 1970 643 2036 admodum
661 1968 806 2035 ridiculis
826 1969 967 2035 obnoxia
985 1970 1050 2035 sint
1069 1970 1319 2057 consequentiis;
1344 1971 1467 2037 talibus

308 2096 439 2160 nempe.
460 2071 566 2191 ΙΙιοιιιι
580 2094 656 2159 ergo
671 2071 819 2158 eorporis,
831 2070 928 2158 hujus
942 2068 1091 2139 videlicet
1105 2072 1231 2153 soholae,
1241 2073 1288 2138 nil
1303 2075 1364 2139 erit
1378 2073 1468 2139 aliud

308 2278 539 2367 magnitudine.
584 2277 683 2359 Quasi
696 2300 771 2343 vero
785 2273 876 2364 Papa
890 2277 1055 2343 Romanus
1075 2200 1140 2345 noi
1158 2280 1277 2345 incolat
1291 2278 1466 2345 Vaticanus

308 2383 403 2465 aedes,
424 2406 490 2450 non
505 2382 618 2449 Romae
632 2390 785 2461 versetm,
801 2390 850 2446 aet
864 2381 983 2468 ubique
998 2381 1141 2467 gentium
1157 2381 1356 2448 collocetur'
1346 2405 1383 2449 m
1398 2406 1467 2449 om·

307 2487 399 2553 nium
421 2496 577 2575 quotquot
596 2494 680 2566 sunt,
703 2493 759 2549 aut
778 2484 819 2549 de
840 2507 877 2549 eo
900 2484 1050 2571 cogitant,
1073 2485 1239 2551 hominum
1261 2486 1466 2573 phantasiis?

310 2592 386 2678 (quo
406 2603 498 2680 pacto
512 2588 606 2656 facile
625 2585 821 2673 concipiatur
842 2607 910 2651 esse
927 2586 1074 2674 pontifex
1092 2588 1330 2671 oecumenicus).
1375 2588 1465 2676 Ergo

306 2706 424 2776 motus,
444 2694 561 2783 lapidis
580 2702 659 2780 puta
676 2689 730 2756 vel
750 2688 886 2775 sagitta,
907 2688 1002 2755 fuerit
1015 2691 1111 2756 unius
1126 2692 1342 2759 coincidentia
1362 2693 1466 2781 phau·

308 2797 453 2863 taamatis
467 2817 540 2860 cum
554 2792 775 2879 magnitudine
788 2790 921 2871 relicti0,
933 2801 964 2856 et
978 2792 1108 2859 alterius
1123 2793 1342 2861 coincidentia
1356 2794 1464 2882 acqui·

309 2899 401 2978 siti03
424 2898 564 2984 dumque
575 2894 680 2961 Turca
693 2903 802 2960 movet
812 2894 986 2959 exercitum
1001 2895 1035 2960 in
1047 2894 1259 2984 Hungariam,
1271 2898 1318 2963 nil
1332 2900 1361 2965 ia
1376 2898 1464 2965 aliud

308 3021 407 3087 quam
420 2998 456 3063 in
470 3003 528 3063 tut
540 2996 710 3087 phantasia
729 2995 920 3071 discursitat,
939 2996 975 3061 in
994 3006 1049 3063 tuo
1069 2999 1222 3065 cerebello
1242 3010 1345 3065 casua
1364 3011 1463 3066 meta-

308 3111 370 3168 tur.
414 3101 462 3166 At
476 3098 634 3186 quomodo
649 3098 778 3165 obsecro
798 3097 986 3185 magnitudo
1003 3101 1141 3189 eorporis
1156 3124 1229 3167 cum
1243 3102 1463 3190 phantasmate

308 3205 362 3271 val
383 3204 465 3269 idaea
483 3202 598 3269 mentis
618 3202 785 3281 coincidat,
807 3212 971 3288 congruat,
995 3204 1174 3271 coexistat?
1195 3206 1353 3293 quomodo
1376 3206 1463 3287 dere-

308 3306 413 3396 linqui
427 3307 479 3374 vel
494 3306 615 3394 acquiri
628 3315 733 3394 potest
747 3304 960 3371 coincidentia
977 3306 1116 3394 corporis
1131 3330 1204 3373 cum
1218 3308 1464 3396 phantasmate?
1566 3374 1567 3383 ,

308 3411 466 3499 quomodo
492 3410 683 3498 phantasma
704 3406 857 3471 distantia
879 3429 1008 3495 corpora
1035 3408 1183 3496 sejungat
1208 3419 1241 3475 et
1265 3410 1463 3477 intercedat?
1566 3456 1567 3459 ,

308 3515 466 3604 quomodo
480 3514 670 3601 phantasma
683 3510 839 3598 occupari,
851 3510 975 3597 repleri,
992 3511 1137 3599 discerpi,
1153 3534 1333 3579 mensuram
1349 3514 1463 3581 admit·

307 3631 383 3703 tere,
409 3630 520 3708 totque
544 3628 648 3707 potest
673 3616 746 3681 aliis
767 3615 929 3680 attributis
951 3615 1123 3703 subjacere,
1150 3639 1222 3703 quae
1247 3640 1313 3683 non
1339 3629 1463 3685 veretur

308 3726 378 3815 ipse
396 3734 469 3812 post
482 3721 633 3788 traditam
652 3721 748 3785 istam
766 3718 987 3805 imaginariam
1008 3719 1104 3805 spatii
1124 3719 1340 3787 definitionem
1360 3720 1462 3809 spatio

308 3825 495 3914 assignare?
537 3821 664 3904 Quid
638 3844 667 3888 s1
681 3810 790 3886 nullus
806 3820 910 3902 homo,
932 3818 1069 3885 nullus
1060 3843 1095 3884 m
1111 3820 1258 3888 universo
1278 3822 1461 3938 phantastea

309 3930 470 4009 existeret,
489 3927 601 3994 ideone
620 3946 778 4011 nusquam
798 3922 869 3988 aliae
886 3945 936 3988 res
951 3920 1079 3988 essent?
1100 3931 1156 3989 aut
1170 3925 1344 3991 necessario
1359 3925 1461 4013 quies-

754 4060 765 4093 ¹
782 4060 844 4124 Gap.
859 4070 881 4121 7,
896 4058 933 4109 Da
945 4058 1015 4121 Omp.

362 4278 460 4333 Hence
481 4274 656 4331 absurdities
692 4275 767 4333 'l'hua
787 4274 931 4331 Carteaius
953 4272 1101 4331 maintaina
1121 4274 1171 4330 the
1193 4274 1424 4346 impossibilityos
1443 4294 1462 4330 a

310 4380 480 4505 maligma
490 4446 595 4503 refutas
605 4446 670 4503 him
706 4448 764 4504 But
774 4448 818 4504 his
829 4466 889 4505 own
900 4448 1040 4505 doctrinas
1052 4464 1100 4504 aro
1112 4465 1147 4504 no
1158 4448 1213 4504 lass
1224 4448 1337 4505 absurd.
