3167 5192
99 365 195 416 neor.
211 349 281 435 ιι]
434 363 621 415 recuruum
644 362 918 414 unrususrnom
1195 348 1258 416 175

94 532 230 621 sphaere
245 540 434 620 congruunt,
449 554 546 619 quem
560 530 743 598 alterutrius
757 540 863 619 partes
877 529 1120 619 transponendo,
1134 542 1258 619 purtem

97 636 190 703 nnius
211 635 407 724 applicando
428 635 512 723 perti
533 633 674 714 ulterius,
690 643 723 700 et
743 632 864 701 residui
886 643 1009 721 partem
1032 632 1067 699 in
1088 657 1152 701 uno
1174 636 1257 723 purti

96 740 291 805 remanentis
313 738 349 804 in
369 738 478 819 altero,
500 746 533 804 et
554 736 601 803 sic
621 746 783 826 perpetuo,
807 736 908 803 donec
929 737 1136 805 exhauriatur
1160 761 1257 825 nego

96 844 184 924 tium,
204 854 240 911 et
259 842 359 909 nnius
377 864 488 909 omnes
509 852 615 929 portes
633 841 764 908 tandem
783 841 914 907 ulterius
933 842 1077 929 pertibus
1099 843 1258 910 evaserint

95 948 271 1036 applicetur,
288 945 387 1035 quam
400 969 468 1012 rem
486 945 542 1033 qni
560 945 742 1013 distinctius
759 946 939 1034 expositam
957 946 1055 1035 cupit,
1071 945 1165 1015 adeat
1182 970 1258 1014 eon·

97 1052 163 1119 sulo
176 1052 270 1140 prius
286 1050 451 1117 insinuata
465 1047 639 1116 Cerellerii
653 1049 732 1115 locu.

155 1154 212 1220 Ex
232 1155 289 1221 his
312 1178 381 1221 rem
402 1153 555 1219 attentius
576 1152 752 1241 experienti
773 1152 911 1240 liquebit
932 1153 1092 1242 quaslibet
1113 1154 1257 1243 ejusdem

97 1258 217 1345 generis
231 1255 476 1344 magnitudines
494 1255 623 1322 sibimet
642 1254 792 1335 invicem,
807 1256 869 1323 hoc
888 1266 945 1337 est,
960 1256 1062 1324 lineas
1083 1258 1186 1339 lineis,
1203 1280 1257 1325 su-

97 1360 235 1448 perficies
258 1358 500 1447 superficiebus,
522 1358 625 1424 solida
645 1357 758 1425 solidis
780 1358 1013 1445 aliquomodo,
1037 1360 1098 1427 hoo
1120 1371 1178 1443 est,
1200 1360 1256 1429 vel

98 1472 175 1529 totas
193 1461 400 1543 simultanee‚
419 1462 473 1529 vel
490 1484 547 1549 per
565 1472 672 1550 partes
695 1463 763 1547 (unt
782 1484 839 1550 per
859 1462 1070 1533 indivisibilis
1091 1465 1160 1548 sue)
1185 1488 1257 1531 snc-

98 1566 224 1646 oessive,
244 1574 374 1632 retento
391 1564 532 1652 partium
551 1564 626 1646 situ,
644 1564 698 1632 vel
718 1587 756 1631 eo
774 1563 924 1630 nonnihil
942 1564 1062 1648 luxato,
1084 1567 1197 1633 saltem
1215 1568 1256 1635 iis

99 1668 307 1757 transpositis,
335 1668 406 1736 fieri
430 1690 524 1757 posse
547 1679 767 1756 congruentes.
813 1666 992 1750 Quaslibet,
1017 1670 1158 1758 inquom,
1181 1693 1257 1736 oon·

100 1794 204 1860 gruere
232 1795 333 1862 posse
361 1772 513 1839 sumendo
543 1772 783 1860 congruentium
813 1770 930 1853 laxius,
960 1795 1018 1862 pro
1047 1774 1256 1841 coincidentia

99 1876 207 1961 qutvis
230 1876 334 1942 etiam
357 1874 577 1962 inadaequutd3
604 1874 762 1963 quomodo
786 1874 891 1940 minor
916 1874 1001 1943 linea
1023 1886 1118 1959 recte,
1143 1878 1256 1966 majori

99 1978 187 2047 lineae
199 1991 299 2048 rectae
313 1980 560 2068 superimposita
573 1988 726 2066 congruet
744 1979 785 2061 ei,
800 1977 862 2044 hoc
880 1987 938 2061 est,
955 1982 984 2047 ei
1003 1990 1080 2062 tcto,
1095 1981 1171 2048 licet
1189 2004 1255 2049 non

100 2085 163 2165 toti,
178 2084 350 2151 coincidet
394 2083 443 2149 At
460 2106 536 2150 vero
559 2083 699 2149 strictius
720 2096 851 2173 occepta
872 2085 1078 2172 congruentia
1099 2084 1176 2151 solis
1197 2085 1256 2152 tri-

101 2187 203 2255 buitur
221 2187 404 2276 aeqnulibus
418 2187 555 2274 mugnis,
570 2210 643 2275 quse
657 2187 794 2255 eundem
813 2190 943 2277 praeeise
962 2189 1068 2255 locum
1088 2199 1253 2277 occupent,

102 2295 131 2349 et
148 2308 205 2351 neo
225 2286 300 2373 ejus
324 2285 476 2351 terminos
496 2278 657 2352 excedunt
677 2286 813 2373 uspiam,
835 2298 891 2354 eut
912 2287 955 2354 ab
975 2287 1016 2353 iis
1038 2286 1200 2367 deficiunt,
1222 2296 1257 2354 at

101 2387 178 2474 juste
190 2391 357 2478 complent
370 2390 486 2478 ipsum,
502 2389 619 2478 etipse
633 2390 846 2458 continentur.

160 2493 207 2560 Et
224 2494 362 2583 quidem
382 2493 418 2559 in
438 2492 618 2581 aptitudine
638 2493 693 2560 vel
717 2503 874 2582 potestate
895 2493 943 2561 sic
964 2492 1168 2579 congruendi,
1192 2498 1258 2581 qut

107 2595 230 2663 subinde
251 2595 397 2685 praeditae
418 2605 494 2661 sunt
515 2596 764 2682 magnitudines,
787 2596 935 2662 nonnulli
954 2594 1119 2663 formalem
1140 2594 1258 2661 consti·

106 2708 191 2764 tnnnt
203 2700 310 2788 ipsius
324 2698 517 2785 equalitatis
530 2698 695 2781 rationem,
710 2710 744 2767 et
757 2699 861 2789 ipsum
876 2722 918 2767 ex
932 2706 971 2767 et
986 2699 1151 2781 definiunt,
1167 2700 1258 2787 equi·

109 2801 171 2869 dem
188 2812 260 2872 met
278 2804 442 2873 sententie
459 2826 525 2871 non
543 2805 637 2871 male.
681 2803 738 2871 Ex
756 2804 898 2893 antiquis
913 2827 1049 2892 mugnus
1064 2804 1256 2893 Apollonius

109 2905 138 2971 in
149 2914 185 2974 ed
196 2920 307 2975 mente
320 2908 391 2988 fnit,
407 2916 445 2974 ut
459 2918 548 2997 putet
561 2932 604 2975 cx
618 2914 657 2976 et
670 2932 767 2996 quum
782 2909 915 2976 Proclus
930 2909 1060 2977 udduoit
1077 2919 1110 2977 et
1129 2909 1257 2997 impug-

110 3022 167 3091 net,
190 3012 460 3080 demonstratione
488 3013 621 3079 celebris
646 3013 857 3100 pronuncieti,
883 3036 955 3101 quae
981 3012 1084 3080 eidem
1109 3012 1257 3102 aequelie.

111 3112 181 3193 Qun
199 3116 428 3184 demonstratio
447 3115 516 3183 scil.
536 3115 685 3183 innititur
703 3116 779 3183 huic
796 3114 988 3204 aequelitutis
1003 3116 1190 3197 definitioni,
1207 3116 1257 3183 Τὰ

113 3214 161 3283 τὸν
181 3219 277 3288 onitin
302 3218 484 3309 κοτέχοντα
508 3218 610 3287 τόπον
635 3218 796 3303 ἀλλήλοις
821 3222 880 3287 ἴσα
904 3220 999 3289 εἰσίν·
1029 3230 1062 3288 et
1085 3243 1186 3309 nuper
1213 3220 1255 3287 D.

114 3315 251 3391 Hobbius
270 3332 400 3389 nostres
422 3322 559 3410 aqualia
579 3345 709 3411 corpore
730 3322 886 3404 definivit,
907 3346 978 3411 quae
996 3321 1131 3390 eundem
1150 3322 1256 3389 locum

114 3426 259 3509 possidere
272 3436 428 3516 possunt3
450 3426 555 3493 Potest
567 3439 672 3491 autem
688 3425 758 3512 (nit)
775 3450 887 3515 corpus
900 3426 1030 3513 uliqttod
1051 3426 1148 3491 boum
1170 3450 1258 3493 coero-

112 3532 330 3611 nemmem,
345 3554 435 3617 quem
449 3530 543 3596 uliud
559 3553 670 3618 corpus
691 3543 828 3618 occupat,
845 3532 987 3618 qwmos's
1008 3552 1069 3595 nou
1090 3529 1155 3595 sont
1176 3530 1259 3615 optu-

117 3628 303 3719 demfiquroe,
318 3634 352 3699 si
361 3632 592 3719 modoflemouo
611 3644 640 3698 et
659 3634 896 3721 transponunt
907 3632 1055 3721 partius
1074 3632 1110 3697 iu
1128 3631 1258 3697 medem

112 3731 237 3818 muru
252 3736 361 3825 redegi
376 3734 581 3822 imlltputur.
627 3734 707 3815 Qnae
720 3736 762 3803 ab
776 3734 909 3803 Hobbio
924 3734 1042 3801 tradita
1055 3732 1258 3801 vehementer

120 3838 254 3925 exagitat,
271 3851 305 3907 et
318 3862 471 3929 perquam
484 3848 578 3905 acute
590 3837 733 3905 refellere
747 3850 880 3905 conetur
894 3840 963 3928 ejus
978 3838 1125 3926 egregius
1141 3837 1258 3904 Eleno-

121 3946 176 4021 tes3
195 3953 226 4009 et
243 3968 296 4012 me
312 3943 430 4032 judice,
445 3966 486 4009 ne
504 3964 616 4009 verum
634 3940 843 4024 dissimulem,
859 3942 947 4010 heud
965 3940 1163 4031 penitissime
1184 3964 1258 4009 cum

164 4198 252 4260 llutos
267 4204 629 4276 dnesmayccincidewlth
645 4205 722 4275 lines,
738 4196 1257 4281 muooswithsurfnoennolidswith

123 4281 207 4343 wlids:
222 4288 273 4347 bnt
282 4308 360 4346 moro
371 4290 478 4362 strictly
489 4290 552 4362 only
563 4291 644 4362 equnl
655 4306 730 4347 ones.

167 4370 194 4426 ΙΙ
208 4377 324 4445 nonno
335 4377 507 4433 coincidence
517 4377 567 4432 the
579 4376 676 4432 formul
694 4392 792 4431 reason
804 4375 835 4431 os
852 4373 994 4447 oqmlityt
1014 4369 1175 4443 Apollonius
1187 4374 1256 4439 says,

124 4468 175 4520 1⁰¹2
189 4474 217 4515 to
226 4462 282 4520 also
293 4463 416 4533 Hobbes,
428 4464 518 4520 whom
529 4462 627 4519 Wullis
637 4461 778 4519 criticiscu
