3167 5192
163 335 268 385 uuor.
286 321 406 405 rann]
510 338 697 389 anemonas
720 340 995 389 nunnunquam.
1271 330 1334 395 283

161 507 305 573 rotronis
336 530 453 574 nomen
486 508 613 596 utrique
648 531 714 575 non
749 511 917 577 conveniet
946 512 1081 581 univoce
1110 514 1196 599 quod
1224 515 1332 599 oiunt;

161 610 312 699 adeoque
332 623 462 700 praestat
482 612 518 679 id
539 613 688 679 vocabuli
710 613 920 685 Geometrioae
942 616 1002 683 soli
1024 618 1262 707 appropriatum
1283 644 1332 689 re·

160 713 283 803 linqui.
327 714 460 804 Nosque
481 716 614 783 dimisst
631 718 700 804 jam
721 718 785 784 isto
807 718 932 808 desipere
954 721 1040 788 diem
1061 722 1102 789 ad
1123 725 1252 812 propius
1274 749 1332 793 ex-

161 817 357 903 plorandam
385 817 518 903 hujusce
546 818 756 886 Geometricac
785 822 918 889 rationis
947 824 1109 891 notionem
1135 827 1330 895 accedamus.
1379 880 1384 891 .

160 920 342 1009 Aperuisse
369 921 455 987 viam
484 921 646 1011 ancipitiis
674 924 882 1012 praepeditam
911 928 1069 995 suffecerit
1099 929 1141 996 τὰ
1173 934 1238 997 νῦν.
1283 930 1326 999 Ei

159 1023 316 1111 proximu
328 1023 481 1093 Lectione
493 1027 633 1113 pressius
647 1027 851 1110 insistemus;
873 1030 1000 1098 interim
1018 1022 1189 1117 (auditores
1203 1033 1327 1121 optimi)

159 1149 278 1216 precor
291 1125 435 1195 valeatis.

521 1353 961 1362 ——---——-——.-

593 1610 724 1679 LEGT.
747 1612 902 1681 xan*

152 1768 594 1929 ΡΒΕΓΑΤΙΟΝΙῌΠβ
616 1779 777 1861 utcunque
791 1772 943 1889 defuncti,
959 1772 1173 1862 discussisque
1194 1796 1266 1861 qua
1287 1798 1321 1843 se

234 1874 418 1962 objecerant
431 1876 676 1959 ambrgmtatum
690 1875 827 1955 nebulis,
844 1875 946 1965 ipsam
962 1876 1171 1943 Geometricae
1190 1876 1321 1943 rationis

152 1988 309 2045 naturam
324 1980 393 2068 jam
415 1979 619 2067 aggredimur
638 1980 859 2068 inquirendam
879 1992 912 2047 et
930 1980 1140 2048 enodandam.
1185 1981 1323 2049 Geome-

151 2084 239 2149 trica
258 2106 338 2150 vero
358 2083 449 2164 ratio,
471 2082 525 2150 vel
545 2086 630 2150 ratio
652 2083 838 2171 simpliciter
858 2085 931 2169 (hoe
952 2086 1038 2152 enim
1058 2108 1154 2152 sensu
1173 2085 1321 2173 deinceps

151 2195 312 2274 perpetuo
326 2186 388 2253 ho'o
400 2187 594 2253 vocabulum
614 2187 849 2275 usurpavimus,
866 2198 904 2254 nt
925 2199 958 2254 et
979 2190 1008 2254 ei
1023 2188 1230 2278 aequipollens
1240 2212 1321 2277 pro·

144 2291 272 2377 mro)
288 2289 379 2369 ratio,
395 2289 537 2376 inquam,
551 2288 606 2355 vel
619 2290 789 2377 proportio,
806 2288 823 2355 ὁ
844 2289 942 2373 λόγος
963 2291 1112 2357 definitur
1127 2291 1168 2357 ab
1183 2290 1320 2356 Euclide

157 2394 225 2481 (rel
243 2394 288 2459 ab
308 2392 449 2458 Eudoxo
470 2391 499 2458 si
520 2392 648 2480 quidem
671 2393 699 2458 is
720 2392 825 2475 fuerit,
847 2404 884 2460 ut
905 2394 1098 2481 perhibetur,
1114 2392 1262 2460 elementi
1279 2392 1320 2457 V.

154 2494 361 2584 compositor)
386 2494 455 2562 Δύο
482 2495 626 2577 μεγεθῶν
655 2492 816 2577 ὁμογενῶν
843 2494 863 2578 ἡ
895 2494 979 2561 sord
1006 2494 1214 2577 πηλικότητιι
1241 2492 1323 2581 πρὸς

154 2600 296 2680 ἄλληλα
313 2598 395 2665 ποιὰ
414 2597 540 2687 σχέσις.
585 2596 681 2665 Circa
695 2620 791 2685 quam
807 2598 1024 2665 definitionem
1042 2597 1106 2663 duo
1129 2596 1228 2683 quaeri
1249 2618 1323 2684 pos·

153 2713 232 2771 sunt
256 2714 290 2771 et
313 2704 501 2792 disceptari3
530 2703 633 2789 primo
656 2724 729 2791 quas
752 2702 795 2768 sit
818 2703 887 2788 ejus
910 2700 1051 2788 genuina
1071 2722 1172 2780 mens,
1187 2709 1258 2765 tum
1278 2722 1320 2765 an

153 2808 227 2896 ipsa
242 2808 323 2875 satis
337 2807 437 2897 proba
451 2806 494 2873 sit
508 2816 540 2873 et
555 2816 710 2872 securam.

220 2910 364 2996 Utrique
389 2908 606 2997 disquisitioni
631 2907 812 2974 satisfacere
837 2907 983 2982 conabor,
1009 2906 1051 2972 ad
1078 2906 1222 2992 singulos
1248 2908 1318 2995 ejus

152 3012 311 3078 terminos
334 3010 480 3098 quadarn
504 3009 695 3089 annotando,
722 3032 785 3096 quo
809 3008 954 3097 magistri
978 3010 1079 3076 nostri
1102 3009 1198 3075 simul
1222 3011 1319 3077 inter·

151 3125 318 3202 pretemur
336 3136 457 3195 sensus,
478 3123 512 3180 et
526 3123 673 3179 tueamur
687 3114 915 3180 anctoritatem.
956 3112 1130 3201 (Ignoscite
1145 3136 1220 3181 vero
1234 3136 1317 3201 pug-

151 3217 288 3284 nacitati
310 3238 399 3297 meae,
417 3238 521 3305 neque
542 3217 671 3303 sequius
693 3216 835 3303 accipite,
857 3216 942 3303 quod
963 3216 1080 3304 pietate
1102 3217 1238 3304 quadam
1261 3216 1318 3282 ad·

152 3319 270 3388 ductus
288 3320 455 3388 immeritis
473 3321 616 3409 undique
634 3320 910 3386 criminationibus
929 3318 1109 3408 impetitum
1124 3318 1316 3387 Geometrisa

148 3434 278 3512 patrem
293 3433 326 3490 et
339 3423 516 3512 principem
530 3422 676 3489 studeam
691 3422 878 3506 vindicare).

220 3530 251 3595 1:
296 3527 338 3593 In
353 3528 440 3594 omni
454 3527 610 3617 imprimis
625 3526 809 3594 definitione
823 3525 1030 3615 spectandum
1045 3532 1103 3605 est,
1119 3532 1155 3589 ut
1169 3546 1219 3589 res
1239 3522 1317 3589 defi·

145 3632 221 3699 nita
245 3630 289 3697 ad
312 3642 431 3699 certam
454 3631 577 3697 entium
600 3631 734 3697 classem
756 3630 985 3718 restringatur3
1015 3628 1049 3694 id
1074 3626 1159 3695 enim
1181 3626 1224 3692 ad
1246 3625 1314 3713 ejus

204 3924 221 3951 ⁹
235 3920 356 3975 Euclid’s
374 3920 525 3976 Definition
543 3922 574 3976 of
587 3921 668 3991 ratio,
684 3922 714 3977 in
732 3921 764 3977 B.
776 3937 803 3975 v.

202 4004 395 4060 ‘Themutiml
402 4005 521 4060 relation
532 4006 563 4060 of
571 4010 626 4061 two
637 4004 812 4074 magnitudcs
823 4006 853 4059 of
862 4004 910 4060 tho
923 4019 998 4059 samo
1009 4002 1077 4057 kind
1088 4006 1118 4057 to
1128 4017 1179 4055 ono
1189 3999 1313 4070 another,

144 4096 176 4150 in
190 4097 305 4162 respect
316 4092 347 4146 of
355 4092 500 4163 quantity?

202 4176 271 4232 Two
282 4179 441 4249 questions:
459 4178 533 4235 what
545 4180 569 4235 it
580 4195 692 4245 means3
710 4177 765 4233 and
776 4176 900 4232 ulrether
912 4177 936 4233 it
946 4178 970 4232 is
982 4177 1065 4247 right.

201 4266 237 4331 (l)
274 4265 301 4318 A
312 4263 456 4319 definition
474 4268 550 4319 must
568 4265 651 4334 begin
662 4264 699 4334 by
710 4263 815 4332 stating
833 4262 881 4318 the
901 4263 971 4318 class
983 4263 1014 4318 ot
1026 4263 1074 4319 thc
1094 4263 1174 4332 thing
1193 4260 1313 4316 defined.

146 4354 187 4409 8⁰
198 4349 268 4404 hero
279 4350 365 4404 Ratio
375 4350 400 4405 is
412 4350 461 4406 the
473 4350 593 4406 relation
607 4352 716 4418 (σχέσις).

205 4434 273 4490 'l'his
289 4436 314 4490 is
331 4434 417 4503 right.
