3167 5192
107 388 210 437 naor.
227 370 291 454 xa]
448 384 634 435 warocus
656 383 929 435 urrunnsrrorr.
1211 366 1274 433 179

177 555 273 637 Quod
287 566 320 623 et
334 556 440 623 adhuc
453 557 670 644 experimento
687 556 765 623 mihi
784 557 865 624 bene
884 554 1035 623 familiari
1055 554 1138 622 dabo
1158 556 1272 623 confir·

102 670 246 727 matum.
293 658 387 747 Saepe
400 670 530 746 rogatus
545 682 616 725 sum
631 682 651 725 a
665 658 858 725 Geometriae
872 681 938 725 uon
951 658 1123 725 admodum
1137 659 1271 731 assuetis

101 763 189 851 quid
210 764 274 829 sibi
293 764 382 845 velit,
403 774 459 829 ant
478 764 556 851 quid
577 764 735 850 significet
754 761 837 829 illud
857 762 897 827 de
915 761 1026 828 circuli
1044 763 1271 848 tetragonismo

101 868 334 955 famigeratum
350 868 522 955 problema
567 866 772 955 Respondere
787 866 868 933 mihi
882 866 944 937 fnit
963 866 997 932 in
1014 874 1173 952 promptu,
1188 865 1272 951 figu-

100 994 175 1037 ram
191 970 314 1058 inquiri
330 970 458 1057 planam
474 970 669 1037 rectilineum
680 969 926 1056 quadrilaterum
940 968 1156 1054 rectangulam
1171 969 1270 1055 oequi·

102 1074 255 1154 lateram,
272 1074 363 1160 cujus
378 1096 451 1139 area
463 1074 516 1140 vel
536 1073 675 1161 spatium
692 1072 806 1139 lineari
825 1073 994 1159 perimetro
1014 1071 1181 1149 inclusum,
1196 1094 1270 1159 pro·

102 1176 215 1265 posito
235 1174 354 1241 circulo
377 1175 449 1259 (hoc
471 1184 528 1255 est,
550 1198 629 1241 areae
650 1175 754 1263 planae
774 1174 919 1241 circulari
938 1174 1118 1261 peripheria
1136 1174 1270 1240 circum·

102 1279 250 1367 scriptae)
269 1278 311 1343 sit
327 1278 562 1343 accuratissime
577 1277 719 1365 aequalis.
753 1276 801 1343 At
815 1277 904 1365 quid,
915 1278 1034 1343 instare
1048 1276 1202 1357 solebant,
1212 1300 1270 1365 pcr

102 1379 329 1469 aequalitatem
348 1380 443 1445 istam
462 1379 641 1467 intelligis?
684 1380 850 1460 Quomodo
865 1380 950 1447 enim
965 1380 1103 1468 spatium
1118 1380 1269 1448 circulare

102 1482 284 1549 rotundum
311 1482 457 1569 angulari
483 1481 586 1571 spatio
615 1483 715 1569 possit
744 1483 881 1570 aequari3
911 1506 984 1549 cum
1012 1483 1071 1547 illa
1098 1504 1269 1569 congruere

102 1595 282 1671 noqueunt,
302 1593 335 1651 et
354 1584 482 1651 sibimet
501 1584 670 1673 adaptari?
714 1583 988 1651 enuntiationi
1011 1585 1100 1669 (satis
1122 1585 1268 1672 equidem

103 1688 328 1755 subindicanti
343 1688 509 1754 hominnm
529 1689 695 1776 plerosque
710 1688 757 1755 nil
772 1688 861 1755 alind
875 1713 931 1777 per
945 1690 1159 1779 aequalitatem
1173 1714 1269 1779 quam

103 1792 306 1881 ipsissimam
321 1791 579 1878 magnitudinum
595 1792 833 1879 congruentiam
848 1792 1025 1879 intelligere
1041 1792 1092 1859 vel
1107 1792 1267 1877 denotare)

103 1904 175 1963 turn
195 1895 326 1963 demum
341 1894 433 1962 facile
447 1894 524 1961 satis
544 1894 584 1961 iri
607 1894 724 1961 lactum
747 1897 914 1984 comperio,
930 1896 958 1962 si
979 1896 1092 1978 dicam,
1112 1897 1207 1965 modo
1220 1921 1270 1965 re·

104 2008 202 2085 perta
216 1998 303 2064 dicta
316 1997 419 2084 figura
432 1997 646 2084 quadrilatera
658 1998 748 2084 quasi
764 2020 853 2064 cerea
863 1998 943 2065 foret
956 1998 1028 2083 (hoc
1039 2009 1096 2079 est,
1108 2022 1125 2066 e
1137 1999 1270 2066 materit

105 2100 202 2167 molli
217 2100 408 2188 penitusque
421 2100 523 2167 flexili
533 2102 701 2184 constaret)
715 2100 853 2187 partium
864 2102 1064 2188 quarundam
1079 2101 1269 2183 inflectione,

105 2202 368 2291 transpositione,
394 2202 447 2268 vel
471 2202 702 2290 compressione
723 2203 1004 2291 quomodocunque
1027 2204 1210 2270 circularem
1234 2203 1269 2269 in

106 2306 249 2395 figuram
269 2307 517 2387 transformetur,
533 2305 713 2393 circuloque
730 2316 807 2373 tunc
821 2308 967 2394 apposita
979 2319 1134 2394 congruat
1147 2316 1268 2387 exacte,

106 2406 231 2494 figuras
246 2406 325 2471 istas
339 2406 477 2493 aequales
488 2404 630 2485 evadere,
642 2416 867 2493 peractumque
877 2407 943 2471 fore
953 2429 1049 2493 quem
1063 2416 1152 2473 tanto
1163 2406 1270 2472 studio

107 2508 303 2597 indagamus
318 2510 590 2597 tetragonismum.
636 2507 722 2575 Huic
737 2531 888 2595 responso
903 2532 994 2574 suam
1009 2508 1051 2575 ad
1070 2531 1269 2597 praeconcep-

110 2622 177 2679 tam
193 2612 356 2679 notionem
372 2612 411 2678 de
426 2612 583 2679 industria
594 2612 830 2678 accommodato
842 2612 1037 2676 continenter
1046 2611 1268 2698 acquiescunt3

109 2715 197 2781 unde
212 2715 291 2781 satis
305 2714 426 2803 liqueat
444 2714 589 2781 homines
606 2737 662 2801 per
683 2714 897 2802 aequalitatem
917 2714 965 2779 nil
983 2713 1072 2780 aliud
1091 2713 1270 2801 intelligere

110 2818 161 2885 rel
178 2818 371 2907 significare,
386 2826 500 2904 praetcr
513 2815 698 2904 possibilem
713 2817 962 2904 congruentiam.

109 2998 113 3011 ⁹
174 2920 322 2987 Accedat
337 2920 400 2986 huc
411 2918 518 2986 Tertio
529 2918 714 3006 quaestionis
729 2918 827 3007 hujus
840 2928 878 2985 ut
891 2919 971 2985 mihi
986 2918 1112 2986 videtur
1125 2942 1269 3009 peremp-

113 3025 229 3091 torium
252 3032 486 3111 argumentum,
508 3035 550 3087 ex
572 3044 608 3087 eo
631 3032 855 3108 symptomata,
877 3022 1140 3103 cniinnituntur,
1164 3046 1183 3089 a
1204 3045 1269 3110 quo

114 3126 323 3208 deducuntur,
339 3125 380 3192 ad
402 3125 487 3213 quod
508 3124 622 3191 ultimo
644 3124 821 3203 referuntur
841 3125 949 3190 omnia
969 3124 1052 3191 circa
1072 3124 1270 3211 magnitudi-

113 3254 187 3299 num
204 3231 421 3319 aequalitatem
436 3230 630 3297 theoremata
649 3230 680 3313 (a
695 3250 757 3315 quo
775 3228 907 3316 proinde
926 3227 1055 3315 reliquae
1072 3226 1270 3314 magnitudi-

114 3356 188 3401 num
211 3332 384 3421 equalium
407 3354 464 3398 ceu
486 3330 600 3397 talium
621 3330 806 3397 affectiones
828 3330 1022 3413 derivantur)
1048 3353 1090 3395 ex
1114 3330 1270 3417 ejusmodi

115 3437 182 3503 dico
196 3445 413 3524 symptomata
426 3434 679 3501 commodissime
694 3432 844 3498 definitur
857 3432 1032 3519 aequalitas.
1076 3430 1179 3515 Atqui
1194 3453 1270 3495 con·

116 3540 267 3625 gruentiae
289 3538 477 3619 innituntur,
500 3539 543 3605 ab
565 3541 603 3603 et
623 3536 830 3615 deducuntur,
850 3558 907 3623 per
925 3556 996 3601 eam
1017 3532 1271 3599 demonstrantur

160 3890 175 3945 1
187 3889 259 3945 here
269 3888 347 3944 often
359 3886 431 3943 been
442 3886 536 3955 selred,
549 3884 649 3941 ‘What
661 3884 686 3939 is
697 3884 747 3941 the
762 3883 891 3951 meaning
905 3882 937 3936 of
949 3880 1081 3950 squaring
1092 3877 1142 3934 the
1153 3875 1237 3932 circle
1247 3876 1266 3932 t’

116 3970 736 4043 ‘Howcanasquarebeequaltoacirclel’

165 4060 178 4115 1
191 4058 300 4130 replied
314 4058 379 4114 that
391 4056 440 4113 the
454 4056 547 4125 object
557 4072 613 4111 nas
624 4058 655 4110 tc
666 4054 725 4109 find
736 4068 872 4123 aequare,
884 4067 1002 4121 suppose
1013 4050 1044 4105 ol
1054 4066 1119 4119 wax,
1131 4047 1219 4103 which
1230 4048 1268 4119 by

117 4142 240 4215 bmding,
251 4142 427 4213 amspomg
437 4140 492 4196 and
504 4139 690 4211 compressing
700 4136 792 4208 might
803 4137 837 4191 ut
848 4136 896 4191 the
907 4134 996 4191 circle.

164 4228 229 4285 'l'his
241 4227 366 4285 ntislled
376 4227 425 4283 the
437 4226 616 4297 questionem,
628 4224 749 4293 mowiug
759 4221 824 4277 that
833 4220 871 4291 by
882 4220 1004 4291 equality
1014 4218 1080 4288 they
1091 4221 1185 4274 meant
1195 4217 1268 4272 coin-

119 4314 230 4371 cidanea

165 4402 202 4471 (a)
238 4398 420 4457 Ooincideuoe
438 4398 463 4453 is
481 4397 530 4455 tha
546 4396 612 4453 hest
628 4394 771 4453 defluition
787 4393 818 4449 of
834 4390 962 4463 equality,
974 4390 1091 4447 Mecum
1108 4388 1229 4460 equatity
1242 4387 1267 4441 is

120 4486 216 4553 proved
226 4486 263 4557 by
274 4485 456 4542 coincidence.
