<?xml version="1.0" encoding="UTF-8"?>
<!DOCTYPE html PUBLIC "-//W3C//DTD XHTML 1.0 Transitional//EN"
    "http://www.w3.org/TR/xhtml1/DTD/xhtml1-transitional.dtd">
<html xmlns="http://www.w3.org/1999/xhtml" xml:lang="en" lang="en">
 <head>
  <title>
</title>
<meta http-equiv="Content-Type" content="text/html;charset=utf-8" />
  <meta name='ocr-system' content='tesseract 3.04.00' />
  <meta name='ocr-capabilities' content='ocr_page ocr_carea ocr_par ocr_line ocrx_word'/>
</head>
<body>
  <div class='ocr_page' id='page_1' title='image "./mathematicalwor00whewgoog_0263.png"; bbox 0 0 3167 5192; ppageno 0'>
   <div class='ocr_carea' id='block_1_1' title="bbox 99 377 1261 462">
    <p class='ocr_par' dir='ltr' id='par_1_1' title="bbox 99 377 1261 462">
     <span class='ocr_line' id='line_1_1' title="bbox 99 377 1261 462; baseline 0.001 -20"><span class='ocrx_word' id='word_1_1' title='bbox 99 394 194 443; x_wconf 77' lang='lat' dir='ltr'><strong>secr.</strong></span> <span class='ocrx_word' id='word_1_2' title='bbox 212 378 286 462; x_wconf 73' lang='lat' dir='ltr'><strong>xa]</strong></span> <span class='ocrx_word' id='word_1_3' title='bbox 426 394 612 446; x_wconf 77' lang='lat' dir='ltr'><strong>tscrrouss</strong></span> <span class='ocrx_word' id='word_1_4' title='bbox 636 394 908 461; x_wconf 64' lang='lat' dir='ltr'><strong>urrunarroa.</strong></span> <span class='ocrx_word' id='word_1_5' title='bbox 1197 377 1261 443; x_wconf 79' lang='lat'><strong>239</strong></span> 
     </span>
    </p>
   </div>
   <div class='ocr_carea' id='block_1_2' title="bbox 93 561 1262 3635">
    <p class='ocr_par' dir='ltr' id='par_1_2' title="bbox 93 561 1261 1663">
     <span class='ocr_line' id='line_1_2' title="bbox 96 561 1256 650; baseline 0 -23"><span class='ocrx_word' id='word_1_6' title='bbox 96 572 273 650; x_wconf 87' lang='lat' dir='ltr'><strong>nequeunt,</strong></span> <span class='ocrx_word' id='word_1_7' title='bbox 299 574 333 630; x_wconf 90' lang='lat' dir='ltr'><strong>et</strong></span> <span class='ocrx_word' id='word_1_8' title='bbox 358 562 420 631; x_wconf 90' lang='lat' dir='ltr'><strong>sibi</strong></span> <span class='ocrx_word' id='word_1_9' title='bbox 450 561 598 628; x_wconf 88' lang='lat' dir='ltr'><strong>videntur</strong></span> <span class='ocrx_word' id='word_1_10' title='bbox 623 586 733 629; x_wconf 90' lang='lat' dir='ltr'><strong>omnes</strong></span> <span class='ocrx_word' id='word_1_11' title='bbox 759 562 879 650; x_wconf 71' lang='lat' dir='ltr'><strong>aequari</strong></span> <span class='ocrx_word' id='word_1_12' title='bbox 907 563 1013 648; x_wconf 80' lang='lat' dir='ltr'><strong>(Luna</strong></span> <span class='ocrx_word' id='word_1_13' title='bbox 1038 585 1160 650; x_wconf 87' lang='lat' dir='ltr'>nempe,</span> <span class='ocrx_word' id='word_1_14' title='bbox 1189 562 1256 644; x_wconf 83' lang='lat' dir='ltr'><strong>Sol,</strong></span> 
     </span>
     <span class='ocr_line' id='line_1_3' title="bbox 94 666 1257 753; baseline 0.001 -24"><span class='ocrx_word' id='word_1_15' title='bbox 94 666 200 731; x_wconf 75' lang='lat' dir='ltr'><strong>stellas</strong></span> <span class='ocrx_word' id='word_1_16' title='bbox 214 666 300 747; x_wconf 81' lang='lat' dir='ltr'><strong>fixae,</strong></span> <span class='ocrx_word' id='word_1_17' title='bbox 317 666 463 753; x_wconf 73' lang='lat' dir='ltr'><strong>quamvis</strong></span> <span class='ocrx_word' id='word_1_18' title='bbox 477 671 587 732; x_wconf 74' lang='lat' dir='ltr'><strong>revera</strong></span> <span class='ocrx_word' id='word_1_19' title='bbox 604 674 652 731; x_wconf 87' lang='lat' dir='ltr'><strong>tot</strong></span> <span class='ocrx_word' id='word_1_20' title='bbox 674 666 848 731; x_wconf 90' lang='lat' dir='ltr'><strong>milliarum</strong></span> <span class='ocrx_word' id='word_1_21' title='bbox 870 666 1069 753; x_wconf 80' lang='lat' dir='ltr'><strong>myriadibus</strong></span> <span class='ocrx_word' id='word_1_22' title='bbox 1091 666 1163 732; x_wconf 83' lang='lat' dir='ltr'><strong>aliae</strong></span> <span class='ocrx_word' id='word_1_23' title='bbox 1184 666 1257 731; x_wconf 91' lang='lat' dir='ltr'><strong>aliis</strong></span> 
     </span>
     <span class='ocr_line' id='line_1_4' title="bbox 95 768 1260 857; baseline 0.003 -25"><span class='ocrx_word' id='word_1_24' title='bbox 95 769 307 857; x_wconf 76' lang='lat' dir='ltr'>longinquius</span> <span class='ocrx_word' id='word_1_25' title='bbox 325 792 345 833; x_wconf 93' lang='lat' dir='ltr'><strong>a</strong></span> <span class='ocrx_word' id='word_1_26' title='bbox 363 769 456 835; x_wconf 91' lang='lat' dir='ltr'><strong>nobis</strong></span> <span class='ocrx_word' id='word_1_27' title='bbox 476 779 614 849; x_wconf 83' lang='lat' dir='ltr'><strong>semotae,</strong></span> <span class='ocrx_word' id='word_1_28' title='bbox 639 768 789 835; x_wconf 86' lang='lat' dir='ltr'><strong>videntur</strong></span> <span class='ocrx_word' id='word_1_29' title='bbox 807 769 1017 835; x_wconf 90' lang='lat' dir='ltr'><strong>nihilominus</strong></span> <span class='ocrx_word' id='word_1_30' title='bbox 1035 792 1144 835; x_wconf 89' lang='lat' dir='ltr'><strong>omnes</strong></span> <span class='ocrx_word' id='word_1_31' title='bbox 1163 770 1260 835; x_wconf 87' lang='lat' dir='ltr'><strong>inter·</strong></span> 
     </span>
     <span class='ocr_line' id='line_1_5' title="bbox 93 870 1261 960; baseline 0.002 -25"><span class='ocrx_word' id='word_1_32' title='bbox 93 871 185 936; x_wconf 82' lang='lat' dir='ltr'><strong>vallo</strong></span> <span class='ocrx_word' id='word_1_33' title='bbox 200 871 270 959; x_wconf 89' lang='lat' dir='ltr'><strong>pari</strong></span> <span class='ocrx_word' id='word_1_34' title='bbox 285 870 412 951; x_wconf 85' lang='lat' dir='ltr'><strong>distare,</strong></span> <span class='ocrx_word' id='word_1_35' title='bbox 429 894 465 935; x_wconf 92' lang='lat' dir='ltr'><strong>ac</strong></span> <span class='ocrx_word' id='word_1_36' title='bbox 479 870 568 936; x_wconf 81' lang='lat' dir='ltr'><strong>velut</strong></span> <span class='ocrx_word' id='word_1_37' title='bbox 582 872 677 935; x_wconf 93' lang='lat' dir='ltr'><strong>unius</strong></span> <span class='ocrx_word' id='word_1_38' title='bbox 693 872 858 960; x_wconf 89' lang='lat' dir='ltr'><strong>cujusdam</strong></span> <span class='ocrx_word' id='word_1_39' title='bbox 873 873 908 937; x_wconf 91' lang='lat' dir='ltr'><strong>in</strong></span> <span class='ocrx_word' id='word_1_40' title='bbox 928 872 1020 937; x_wconf 91' lang='lat' dir='ltr'><strong>oculo</strong></span> <span class='ocrx_word' id='word_1_41' title='bbox 1042 882 1184 937; x_wconf 84' lang='lat' dir='ltr'><strong>centrum</strong></span> <span class='ocrx_word' id='word_1_42' title='bbox 1202 872 1261 937; x_wconf 92' lang='lat' dir='ltr'><strong>ha-</strong></span> 
     </span>
     <span class='ocr_line' id='line_1_6' title="bbox 95 975 1260 1063; baseline 0.002 -24"><span class='ocrx_word' id='word_1_43' title='bbox 95 975 206 1040; x_wconf 89' lang='lat' dir='ltr'><strong>bentis</strong></span> <span class='ocrx_word' id='word_1_44' title='bbox 222 975 355 1062; x_wconf 72' lang='lat' dir='ltr'><strong>sphaerae</strong></span> <span class='ocrx_word' id='word_1_45' title='bbox 368 975 538 1061; x_wconf 89' lang='lat' dir='ltr'><strong>perimetro</strong></span> <span class='ocrx_word' id='word_1_46' title='bbox 558 975 687 1058; x_wconf 85' lang='lat' dir='ltr'><strong>versari)</strong></span> <span class='ocrx_word' id='word_1_47' title='bbox 712 976 790 1062; x_wconf 91' lang='lat' dir='ltr'><strong>quin</strong></span> <span class='ocrx_word' id='word_1_48' title='bbox 809 986 841 1039; x_wconf 93' lang='lat' dir='ltr'><strong>et</strong></span> <span class='ocrx_word' id='word_1_49' title='bbox 860 998 967 1041; x_wconf 89' lang='lat' dir='ltr'><strong>earum</strong></span> <span class='ocrx_word' id='word_1_50' title='bbox 987 998 1059 1063; x_wconf 84' lang='lat' dir='ltr'><strong>quse</strong></span> <span class='ocrx_word' id='word_1_51' title='bbox 1077 975 1117 1040; x_wconf 86' lang='lat' dir='ltr'><strong>ad</strong></span> <span class='ocrx_word' id='word_1_52' title='bbox 1138 975 1260 1041; x_wconf 88' lang='lat' dir='ltr'><strong>dictum</strong></span> 
     </span>
     <span class='ocr_line' id='line_1_7' title="bbox 93 1076 1260 1164; baseline 0.002 -23"><span class='ocrx_word' id='word_1_53' title='bbox 93 1077 306 1143; x_wconf 86' lang='lat' dir='ltr'><strong>intervallum</strong></span> <span class='ocrx_word' id='word_1_54' title='bbox 321 1077 451 1164; x_wconf 90' lang='lat' dir='ltr'><strong>propius</strong></span> <span class='ocrx_word' id='word_1_55' title='bbox 466 1076 629 1157; x_wconf 88' lang='lat' dir='ltr'><strong>accedunt,</strong></span> <span class='ocrx_word' id='word_1_56' title='bbox 646 1076 885 1163; x_wconf 86' lang='lat' dir='ltr'><strong>longitudinum</strong></span> <span class='ocrx_word' id='word_1_57' title='bbox 899 1078 1085 1144; x_wconf 81' lang='lat' dir='ltr'><strong>differentiae</strong></span> <span class='ocrx_word' id='word_1_58' title='bbox 1098 1078 1157 1143; x_wconf 81' lang='lat' dir='ltr'><strong>vix</strong></span> <span class='ocrx_word' id='word_1_59' title='bbox 1175 1079 1260 1143; x_wconf 89' lang='lat' dir='ltr'><strong>aesti-</strong></span> 
     </span>
     <span class='ocr_line' id='line_1_8' title="bbox 95 1179 1259 1269; baseline 0.002 -24"><span class='ocrx_word' id='word_1_60' title='bbox 95 1192 228 1246; x_wconf 90' lang='lat' dir='ltr'><strong>mantur</strong></span> <span class='ocrx_word' id='word_1_61' title='bbox 252 1202 273 1245; x_wconf 88' lang='lat' dir='ltr'><strong>a</strong></span> <span class='ocrx_word' id='word_1_62' title='bbox 295 1202 399 1245; x_wconf 87' lang='lat' dir='ltr'><strong>sensu.</strong></span> <span class='ocrx_word' id='word_1_63' title='bbox 444 1179 542 1246; x_wconf 85' lang='lat' dir='ltr'><strong>Unde</strong></span> <span class='ocrx_word' id='word_1_64' title='bbox 566 1180 662 1245; x_wconf 89' lang='lat' dir='ltr'><strong>etiam</strong></span> <span class='ocrx_word' id='word_1_65' title='bbox 686 1180 802 1260; x_wconf 84' lang='lat' dir='ltr'><strong>evcnit,</strong></span> <span class='ocrx_word' id='word_1_66' title='bbox 827 1180 913 1267; x_wconf 92' lang='lat' dir='ltr'><strong>qnod</strong></span> <span class='ocrx_word' id='word_1_67' title='bbox 940 1184 1079 1269; x_wconf 90' lang='lat' dir='ltr'><strong>(propter</strong></span> <span class='ocrx_word' id='word_1_68' title='bbox 1099 1182 1259 1247; x_wconf 88' lang='lat' dir='ltr'><strong>radiorum</strong></span> 
     </span>
     <span class='ocr_line' id='line_1_9' title="bbox 94 1281 1260 1377; baseline 0.002 -30"><span class='ocrx_word' id='word_1_69' title='bbox 94 1306 215 1370; x_wconf 83' lang='lat' dir='ltr'>nempe</span> <span class='ocrx_word' id='word_1_70' title='bbox 238 1281 409 1347; x_wconf 83' lang='lat' dir='ltr'><strong>visualium</strong></span> <span class='ocrx_word' id='word_1_71' title='bbox 434 1281 562 1369; x_wconf 91' lang='lat' dir='ltr'><strong>longius</strong></span> <span class='ocrx_word' id='word_1_72' title='bbox 586 1284 838 1370; x_wconf 81' lang='lat' dir='ltr'><strong>procurrentium</strong></span> <span class='ocrx_word' id='word_1_73' title='bbox 863 1307 955 1351; x_wconf 82' lang='lat' dir='ltr'><strong>veras</strong></span> <span class='ocrx_word' id='word_1_74' title='bbox 979 1284 1173 1377; x_wconf 84' lang='lat' dir='ltr'><strong>differentias</strong></span> <span class='ocrx_word' id='word_1_75' title='bbox 1194 1308 1260 1351; x_wconf 92' lang='lat' dir='ltr'><strong>non</strong></span> 
     </span>
     <span class='ocr_line' id='line_1_10' title="bbox 94 1384 1261 1473; baseline 0.002 -22"><span class='ocrx_word' id='word_1_76' title='bbox 94 1384 350 1467; x_wconf 85' lang='lat' dir='ltr'><strong>animadversas)</strong></span> <span class='ocrx_word' id='word_1_77' title='bbox 369 1384 492 1471; x_wconf 86' lang='lat' dir='ltr'><strong>objecta</strong></span> <span class='ocrx_word' id='word_1_78' title='bbox 505 1384 663 1473; x_wconf 88' lang='lat' dir='ltr'><strong>planities,</strong></span> <span class='ocrx_word' id='word_1_79' title='bbox 681 1387 865 1473; x_wconf 89' lang='lat' dir='ltr'><strong>campestris</strong></span> <span class='ocrx_word' id='word_1_80' title='bbox 879 1387 933 1453; x_wconf 83' lang='lat' dir='ltr'><strong>rel</strong></span> <span class='ocrx_word' id='word_1_81' title='bbox 947 1410 1100 1473; x_wconf 84' lang='lat' dir='ltr'><strong>aequorea,</strong></span> <span class='ocrx_word' id='word_1_82' title='bbox 1115 1386 1261 1453; x_wconf 87' lang='lat' dir='ltr'><strong>videatur</strong></span> 
     </span>
     <span class='ocr_line' id='line_1_11' title="bbox 95 1486 1261 1576; baseline 0.003 -24"><span class='ocrx_word' id='word_1_83' title='bbox 95 1510 276 1572; x_wconf 80' lang='lat' dir='ltr'><strong>assurgere,</strong></span> <span class='ocrx_word' id='word_1_84' title='bbox 292 1487 346 1553; x_wconf 80' lang='lat' dir='ltr'><strong>vel</strong></span> <span class='ocrx_word' id='word_1_85' title='bbox 360 1486 393 1551; x_wconf 91' lang='lat' dir='ltr'><strong>in</strong></span> <span class='ocrx_word' id='word_1_86' title='bbox 408 1486 541 1572; x_wconf 85' lang='lat' dir='ltr'><strong>gibbam</strong></span> <span class='ocrx_word' id='word_1_87' title='bbox 557 1488 755 1574; x_wconf 88' lang='lat' dir='ltr'><strong>superficiem</strong></span> <span class='ocrx_word' id='word_1_88' title='bbox 770 1489 988 1555; x_wconf 77' lang='lat' dir='ltr'><strong>intumescere.</strong></span> <span class='ocrx_word' id='word_1_89' title='bbox 1016 1489 1082 1558; x_wconf 81' lang='lat' dir='ltr'><strong>Sed</strong></span> <span class='ocrx_word' id='word_1_90' title='bbox 1095 1490 1135 1555; x_wconf 92' lang='lat' dir='ltr'><strong>de</strong></span> <span class='ocrx_word' id='word_1_91' title='bbox 1149 1490 1261 1576; x_wconf 88' lang='lat' dir='ltr'><strong>hujus-</strong></span> 
     </span>
     <span class='ocr_line' id='line_1_12' title="bbox 95 1588 598 1663; baseline 0 -8"><span class='ocrx_word' id='word_1_92' title='bbox 95 1590 187 1655; x_wconf 86' lang='lat' dir='ltr'><strong>modi</strong></span> <span class='ocrx_word' id='word_1_93' title='bbox 202 1589 319 1663; x_wconf 76' lang='lat' dir='ltr'><strong>notitit</strong></span> <span class='ocrx_word' id='word_1_94' title='bbox 334 1588 477 1655; x_wconf 80' lang='lat' dir='ltr'><strong>sensibili</strong></span> <span class='ocrx_word' id='word_1_95' title='bbox 492 1589 598 1655; x_wconf 86' lang='lat' dir='ltr'><strong>nimis.</strong></span> 
     </span>
    </p>

    <p class='ocr_par' dir='ltr' id='par_1_3' title="bbox 97 1690 1262 3409">
     <span class='ocr_line' id='line_1_13' title="bbox 163 1690 1261 1779; baseline 0.003 -21"><span class='ocrx_word' id='word_1_96' title='bbox 163 1703 195 1758; x_wconf 78' lang='lat'><strong>2.</strong></span> <span class='ocrx_word' id='word_1_97' title='bbox 233 1690 444 1777; x_wconf 78' lang='lat' dir='ltr'><strong>Cognoscitur</strong></span> <span class='ocrx_word' id='word_1_98' title='bbox 458 1691 596 1757; x_wconf 88' lang='lat' dir='ltr'><strong>secundo</strong></span> <span class='ocrx_word' id='word_1_99' title='bbox 611 1692 773 1779; x_wconf 74' lang='lat' dir='ltr'><strong>quantitas</strong></span> <span class='ocrx_word' id='word_1_100' title='bbox 787 1717 829 1759; x_wconf 86' lang='lat' dir='ltr'><strong>ex</strong></span> <span class='ocrx_word' id='word_1_101' title='bbox 844 1693 1012 1761; x_wconf 87' lang='lat' dir='ltr'><strong>collatione</strong></span> <span class='ocrx_word' id='word_1_102' title='bbox 1026 1718 1099 1761; x_wconf 90' lang='lat' dir='ltr'><strong>cum</strong></span> <span class='ocrx_word' id='word_1_103' title='bbox 1113 1701 1261 1761; x_wconf 78' lang='lat' dir='ltr'><strong>mensura</strong></span> 
     </span>
     <span class='ocr_line' id='line_1_14' title="bbox 97 1796 1261 1887; baseline 0.002 -24"><span class='ocrx_word' id='word_1_104' title='bbox 97 1797 252 1885; x_wconf 72' lang='lat' dir='ltr'><strong>quapiam</strong></span> <span class='ocrx_word' id='word_1_105' title='bbox 272 1818 330 1883; x_wconf 89' lang='lat' dir='ltr'><strong>per</strong></span> <span class='ocrx_word' id='word_1_106' title='bbox 350 1818 479 1861; x_wconf 85' lang='lat' dir='ltr'><strong>sensum</strong></span> <span class='ocrx_word' id='word_1_107' title='bbox 499 1796 644 1883; x_wconf 81' lang='lat' dir='ltr'><strong>exposito</strong></span> <span class='ocrx_word' id='word_1_108' title='bbox 664 1798 758 1862; x_wconf 90' lang='lat' dir='ltr'><strong>modo</strong></span> <span class='ocrx_word' id='word_1_109' title='bbox 778 1798 971 1885; x_wconf 88' lang='lat' dir='ltr'><strong>dijudicata;</strong></span> <span class='ocrx_word' id='word_1_110' title='bbox 998 1799 1125 1887; x_wconf 91' lang='lat' dir='ltr'><strong>quando</strong></span> <span class='ocrx_word' id='word_1_111' title='bbox 1146 1822 1261 1887; x_wconf 87' lang='lat' dir='ltr'><strong>nempe</strong></span> 
     </span>
     <span class='ocr_line' id='line_1_15' title="bbox 98 1898 1260 1991; baseline 0.003 -26"><span class='ocrx_word' id='word_1_112' title='bbox 98 1901 199 1965; x_wconf 88' lang='lat' dir='ltr'><strong>scitur</strong></span> <span class='ocrx_word' id='word_1_113' title='bbox 213 1922 310 1985; x_wconf 89' lang='lat' dir='ltr'><strong>quam</strong></span> <span class='ocrx_word' id='word_1_114' title='bbox 326 1899 359 1962; x_wconf 90' lang='lat' dir='ltr'><strong>in</strong></span> <span class='ocrx_word' id='word_1_115' title='bbox 375 1898 551 1985; x_wconf 89' lang='lat' dir='ltr'><strong>quantitate</strong></span> <span class='ocrx_word' id='word_1_116' title='bbox 566 1898 751 1965; x_wconf 80' lang='lat' dir='ltr'><strong>relationem</strong></span> <span class='ocrx_word' id='word_1_117' title='bbox 766 1901 863 1967; x_wconf 90' lang='lat' dir='ltr'><strong>habet</strong></span> <span class='ocrx_word' id='word_1_118' title='bbox 877 1902 919 1967; x_wconf 88' lang='lat' dir='ltr'><strong>ad</strong></span> <span class='ocrx_word' id='word_1_119' title='bbox 933 1904 1038 1985; x_wconf 88' lang='lat' dir='ltr'><strong>istam,</strong></span> <span class='ocrx_word' id='word_1_120' title='bbox 1051 1903 1176 1991; x_wconf 88' lang='lat' dir='ltr'><strong>quoties</strong></span> <span class='ocrx_word' id='word_1_121' title='bbox 1190 1926 1260 1969; x_wconf 89' lang='lat' dir='ltr'><strong>eam</strong></span> 
     </span>
     <span class='ocr_line' id='line_1_16' title="bbox 98 2002 1262 2091; baseline 0.003 -22"><span class='ocrx_word' id='word_1_122' title='bbox 98 2004 251 2082; x_wconf 86' lang='lat' dir='ltr'><strong>continet,</strong></span> <span class='ocrx_word' id='word_1_123' title='bbox 267 2002 372 2068; x_wconf 86' lang='lat' dir='ltr'><strong>autin</strong></span> <span class='ocrx_word' id='word_1_124' title='bbox 386 2008 423 2067; x_wconf 77' lang='lat' dir='ltr'><strong>ea</strong></span> <span class='ocrx_word' id='word_1_125' title='bbox 438 2002 626 2081; x_wconf 88' lang='lat' dir='ltr'><strong>continetur,</strong></span> <span class='ocrx_word' id='word_1_126' title='bbox 642 2014 760 2089; x_wconf 88' lang='lat' dir='ltr'><strong>quanto</strong></span> <span class='ocrx_word' id='word_1_127' title='bbox 776 2010 904 2091; x_wconf 86' lang='lat' dir='ltr'><strong>superat</strong></span> <span class='ocrx_word' id='word_1_128' title='bbox 923 2029 1003 2087; x_wconf 92' lang='lat' dir='ltr'><strong>eam,</strong></span> <span class='ocrx_word' id='word_1_129' title='bbox 1024 2007 1077 2073; x_wconf 85' lang='lat' dir='ltr'><strong>vel</strong></span> <span class='ocrx_word' id='word_1_130' title='bbox 1097 2007 1262 2073; x_wconf 88' lang='lat' dir='ltr'><strong>exceditur</strong></span> 
     </span>
     <span class='ocr_line' id='line_1_17' title="bbox 99 2103 1262 2196; baseline 0.004 -25"><span class='ocrx_word' id='word_1_131' title='bbox 99 2107 139 2171; x_wconf 89' lang='lat' dir='ltr'><strong>ab</strong></span> <span class='ocrx_word' id='word_1_132' title='bbox 154 2111 205 2171; x_wconf 74' lang='lat' dir='ltr'><strong>ea.</strong></span> <span class='ocrx_word' id='word_1_133' title='bbox 238 2103 310 2169; x_wconf 91' lang='lat' dir='ltr'><strong>Hoc</strong></span> <span class='ocrx_word' id='word_1_134' title='bbox 325 2103 418 2169; x_wconf 90' lang='lat' dir='ltr'><strong>modo</strong></span> <span class='ocrx_word' id='word_1_135' title='bbox 433 2114 509 2169; x_wconf 86' lang='lat' dir='ltr'><strong>nota</strong></span> <span class='ocrx_word' id='word_1_136' title='bbox 523 2114 641 2191; x_wconf 91' lang='lat' dir='ltr'><strong>quanta</strong></span> <span class='ocrx_word' id='word_1_137' title='bbox 655 2126 811 2171; x_wconf 81' lang='lat' dir='ltr'><strong>mensurae</strong></span> <span class='ocrx_word' id='word_1_138' title='bbox 824 2118 958 2194; x_wconf 87' lang='lat' dir='ltr'><strong>possunt</strong></span> <span class='ocrx_word' id='word_1_139' title='bbox 971 2131 1040 2174; x_wconf 89' lang='lat' dir='ltr'><strong>esse</strong></span> <span class='ocrx_word' id='word_1_140' title='bbox 1054 2108 1188 2196; x_wconf 90' lang='lat' dir='ltr'><strong>dicique,</strong></span> <span class='ocrx_word' id='word_1_141' title='bbox 1204 2110 1262 2176; x_wconf 91' lang='lat' dir='ltr'><strong>sed</strong></span> 
     </span>
     <span class='ocr_line' id='line_1_18' title="bbox 98 2206 1260 2299; baseline 0.003 -24"><span class='ocrx_word' id='word_1_142' title='bbox 98 2208 247 2275; x_wconf 76' lang='lat' dir='ltr'><strong>mediatae</strong></span> <span class='ocrx_word' id='word_1_143' title='bbox 262 2206 315 2271; x_wconf 84' lang='lat' dir='ltr'><strong>vel</strong></span> <span class='ocrx_word' id='word_1_144' title='bbox 331 2206 534 2272; x_wconf 87' lang='lat' dir='ltr'><strong>secundariae.</strong></span> <span class='ocrx_word' id='word_1_145' title='bbox 565 2206 817 2292; x_wconf 88' lang='lat' dir='ltr'><strong>Magnitudines,</strong></span> <span class='ocrx_word' id='word_1_146' title='bbox 834 2209 974 2295; x_wconf 87' lang='lat' dir='ltr'><strong>inquam,</strong></span> <span class='ocrx_word' id='word_1_147' title='bbox 991 2212 1174 2299; x_wconf 88' lang='lat' dir='ltr'><strong>neutiquam</strong></span> <span class='ocrx_word' id='word_1_148' title='bbox 1189 2236 1260 2279; x_wconf 90' lang='lat' dir='ltr'><strong>sen-</strong></span> 
     </span>
     <span class='ocr_line' id='line_1_19' title="bbox 100 2308 1261 2397; baseline 0.003 -20"><span class='ocrx_word' id='word_1_149' title='bbox 100 2313 187 2377; x_wconf 89' lang='lat' dir='ltr'><strong>sibus</strong></span> <span class='ocrx_word' id='word_1_150' title='bbox 203 2310 347 2397; x_wconf 84' lang='lat' dir='ltr'><strong>objectae,</strong></span> <span class='ocrx_word' id='word_1_151' title='bbox 359 2332 419 2375; x_wconf 89' lang='lat' dir='ltr'><strong>nec</strong></span> <span class='ocrx_word' id='word_1_152' title='bbox 433 2310 474 2373; x_wconf 90' lang='lat' dir='ltr'><strong>ab</strong></span> <span class='ocrx_word' id='word_1_153' title='bbox 489 2308 529 2373; x_wconf 88' lang='lat' dir='ltr'><strong>iis</strong></span> <span class='ocrx_word' id='word_1_154' title='bbox 544 2308 704 2374; x_wconf 90' lang='lat' dir='ltr'><strong>ullatenus</strong></span> <span class='ocrx_word' id='word_1_155' title='bbox 720 2311 922 2378; x_wconf 82' lang='lat' dir='ltr'><strong>aestimabiles</strong></span> <span class='ocrx_word' id='word_1_156' title='bbox 938 2336 1092 2379; x_wconf 79' lang='lat' dir='ltr'><strong>mensura</strong></span> <span class='ocrx_word' id='word_1_157' title='bbox 1105 2316 1261 2381; x_wconf 86' lang='lat' dir='ltr'><strong>rationem</strong></span> 
     </span>
     <span class='ocr_line' id='line_1_20' title="bbox 101 2412 1261 2505; baseline 0.002 -24"><span class='ocrx_word' id='word_1_158' title='bbox 101 2416 182 2481; x_wconf 89' lang='lat' dir='ltr'><strong>bene</strong></span> <span class='ocrx_word' id='word_1_159' title='bbox 206 2423 395 2493; x_wconf 86' lang='lat' dir='ltr'><strong>sustentent,</strong></span> <span class='ocrx_word' id='word_1_160' title='bbox 414 2413 442 2478; x_wconf 92' lang='lat' dir='ltr'><strong>si</strong></span> <span class='ocrx_word' id='word_1_161' title='bbox 464 2436 521 2499; x_wconf 89' lang='lat' dir='ltr'><strong>per</strong></span> <span class='ocrx_word' id='word_1_162' title='bbox 543 2412 772 2480; x_wconf 88' lang='lat' dir='ltr'><strong>dimensionem</strong></span> <span class='ocrx_word' id='word_1_163' title='bbox 795 2416 987 2501; x_wconf 85' lang='lat' dir='ltr'><strong>organicam,</strong></span> <span class='ocrx_word' id='word_1_164' title='bbox 1003 2418 1057 2482; x_wconf 85' lang='lat' dir='ltr'><strong>vel</strong></span> <span class='ocrx_word' id='word_1_165' title='bbox 1077 2441 1134 2505; x_wconf 91' lang='lat' dir='ltr'><strong>per</strong></span> <span class='ocrx_word' id='word_1_166' title='bbox 1155 2419 1261 2504; x_wconf 88' lang='lat' dir='ltr'><strong>legiti-</strong></span> 
     </span>
     <span class='ocr_line' id='line_1_21' title="bbox 101 2516 1261 2607; baseline 0.003 -24"><span class='ocrx_word' id='word_1_167' title='bbox 101 2540 189 2585; x_wconf 87' lang='lat' dir='ltr'><strong>mum</strong></span> <span class='ocrx_word' id='word_1_168' title='bbox 216 2517 437 2604; x_wconf 89' lang='lat' dir='ltr'><strong>qualecunque</strong></span> <span class='ocrx_word' id='word_1_169' title='bbox 462 2516 662 2581; x_wconf 87' lang='lat' dir='ltr'><strong>ratiocinium</strong></span> <span class='ocrx_word' id='word_1_170' title='bbox 688 2527 813 2603; x_wconf 90' lang='lat' dir='ltr'><strong>reperta</strong></span> <span class='ocrx_word' id='word_1_171' title='bbox 838 2518 933 2584; x_wconf 87' lang='lat' dir='ltr'><strong>fuerit</strong></span> <span class='ocrx_word' id='word_1_172' title='bbox 954 2520 1097 2607; x_wconf 89' lang='lat' dir='ltr'><strong>ipsarum</strong></span> <span class='ocrx_word' id='word_1_173' title='bbox 1118 2520 1159 2585; x_wconf 87' lang='lat' dir='ltr'><strong>ad</strong></span> <span class='ocrx_word' id='word_1_174' title='bbox 1181 2521 1261 2586; x_wconf 87' lang='lat' dir='ltr'><strong>alias</strong></span> 
     </span>
     <span class='ocr_line' id='line_1_22' title="bbox 102 2618 1261 2708; baseline 0.001 -21"><span class='ocrx_word' id='word_1_175' title='bbox 102 2645 197 2689; x_wconf 89' lang='lat' dir='ltr'><strong>sensu</strong></span> <span class='ocrx_word' id='word_1_176' title='bbox 207 2622 279 2707; x_wconf 89' lang='lat' dir='ltr'><strong>jam</strong></span> <span class='ocrx_word' id='word_1_177' title='bbox 294 2620 465 2687; x_wconf 72' lang='lat' dir='ltr'><strong>estimatus</strong></span> <span class='ocrx_word' id='word_1_178' title='bbox 480 2618 650 2706; x_wconf 89' lang='lat' dir='ltr'><strong>proportio.</strong></span> <span class='ocrx_word' id='word_1_179' title='bbox 697 2618 942 2687; x_wconf 84' lang='lat' dir='ltr'><strong>Semidiameter</strong></span> <span class='ocrx_word' id='word_1_180' title='bbox 960 2646 987 2687; x_wconf 89' lang='lat' dir='ltr'><strong>e.</strong></span> <span class='ocrx_word' id='word_1_181' title='bbox 999 2646 1031 2708; x_wconf 87' lang='lat' dir='ltr'><strong>g.</strong></span> <span class='ocrx_word' id='word_1_182' title='bbox 1050 2623 1184 2703; x_wconf 90' lang='lat' dir='ltr'><strong>telluris,</strong></span> <span class='ocrx_word' id='word_1_183' title='bbox 1200 2625 1261 2689; x_wconf 86' lang='lat' dir='ltr'><strong>etsi</strong></span> 
     </span>
     <span class='ocr_line' id='line_1_23' title="bbox 101 2722 1261 2815; baseline 0.001 -24"><span class='ocrx_word' id='word_1_184' title='bbox 101 2726 222 2793; x_wconf 89' lang='lat' dir='ltr'><strong>nemini</strong></span> <span class='ocrx_word' id='word_1_185' title='bbox 251 2724 333 2804; x_wconf 67' lang='lat' dir='ltr'><strong>usa,</strong></span> <span class='ocrx_word' id='word_1_186' title='bbox 365 2744 538 2809; x_wconf 86' lang='lat' dir='ltr'><strong>sensusque</strong></span> <span class='ocrx_word' id='word_1_187' title='bbox 563 2722 663 2787; x_wconf 87' lang='lat' dir='ltr'><strong>nostri</strong></span> <span class='ocrx_word' id='word_1_188' title='bbox 689 2723 914 2790; x_wconf 88' lang='lat' dir='ltr'><strong>transcendens</strong></span> <span class='ocrx_word' id='word_1_189' title='bbox 939 2726 1120 2806; x_wconf 82' lang='lat' dir='ltr'><strong>oestimium,</strong></span> <span class='ocrx_word' id='word_1_190' title='bbox 1146 2729 1261 2815; x_wconf 91' lang='lat' dir='ltr'><strong>poterit</strong></span> 
     </span>
     <span class='ocr_line' id='line_1_24' title="bbox 102 2824 1261 2916; baseline 0.002 -22"><span class='ocrx_word' id='word_1_191' title='bbox 102 2838 208 2894; x_wconf 82' lang='lat' dir='ltr'><strong>tamen</strong></span> <span class='ocrx_word' id='word_1_192' title='bbox 224 2848 293 2893; x_wconf 88' lang='lat' dir='ltr'><strong>esse</strong></span> <span class='ocrx_word' id='word_1_193' title='bbox 307 2847 455 2891; x_wconf 89' lang='lat' dir='ltr'><strong>mensura</strong></span> <span class='ocrx_word' id='word_1_194' title='bbox 470 2824 727 2910; x_wconf 88' lang='lat' dir='ltr'><strong>magnitudinum</strong></span> <span class='ocrx_word' id='word_1_195' title='bbox 743 2848 779 2890; x_wconf 91' lang='lat' dir='ltr'><strong>ac</strong></span> <span class='ocrx_word' id='word_1_196' title='bbox 794 2825 1027 2907; x_wconf 86' lang='lat' dir='ltr'><strong>distantiarum,</strong></span> <span class='ocrx_word' id='word_1_197' title='bbox 1043 2851 1123 2916; x_wconf 88' lang='lat' dir='ltr'><strong>quas</strong></span> <span class='ocrx_word' id='word_1_198' title='bbox 1140 2828 1261 2896; x_wconf 87' lang='lat' dir='ltr'><strong>habent</strong></span> 
     </span>
     <span class='ocr_line' id='line_1_25' title="bbox 104 2925 1261 3020; baseline 0.004 -25"><span class='ocrx_word' id='word_1_199' title='bbox 104 2930 243 2996; x_wconf 86' lang='lat' dir='ltr'><strong>coelestia</strong></span> <span class='ocrx_word' id='word_1_200' title='bbox 265 2950 405 3015; x_wconf 91' lang='lat' dir='ltr'><strong>corpora,</strong></span> <span class='ocrx_word' id='word_1_201' title='bbox 423 2925 516 2993; x_wconf 91' lang='lat' dir='ltr'><strong>modo</strong></span> <span class='ocrx_word' id='word_1_202' title='bbox 537 2949 594 3013; x_wconf 88' lang='lat' dir='ltr'><strong>per</strong></span> <span class='ocrx_word' id='word_1_203' title='bbox 615 2926 745 2993; x_wconf 89' lang='lat' dir='ltr'><strong>idoneas</strong></span> <span class='ocrx_word' id='word_1_204' title='bbox 767 2927 969 3016; x_wconf 85' lang='lat' dir='ltr'><strong>hypotheses,</strong></span> <span class='ocrx_word' id='word_1_205' title='bbox 986 2942 1018 2996; x_wconf 89' lang='lat' dir='ltr'><strong>et</strong></span> <span class='ocrx_word' id='word_1_206' title='bbox 1038 2933 1172 3020; x_wconf 90' lang='lat' dir='ltr'><strong>probum</strong></span> <span class='ocrx_word' id='word_1_207' title='bbox 1195 2934 1261 3001; x_wconf 89' lang='lat' dir='ltr'><strong>dis-</strong></span> 
     </span>
     <span class='ocr_line' id='line_1_26' title="bbox 103 3030 1261 3124; baseline 0.003 -25"><span class='ocrx_word' id='word_1_208' title='bbox 103 3056 227 3099; x_wconf 85' lang='lat' dir='ltr'><strong>cursum</strong></span> <span class='ocrx_word' id='word_1_209' title='bbox 244 3030 427 3111; x_wconf 84' lang='lat' dir='ltr'><strong>innotuerit,</strong></span> <span class='ocrx_word' id='word_1_210' title='bbox 444 3040 522 3117; x_wconf 92' lang='lat' dir='ltr'><strong>quot</strong></span> <span class='ocrx_word' id='word_1_211' title='bbox 535 3031 607 3117; x_wconf 91' lang='lat' dir='ltr'><strong>ipsa</strong></span> <span class='ocrx_word' id='word_1_212' title='bbox 626 3030 756 3112; x_wconf 88' lang='lat' dir='ltr'><strong>stadios,</strong></span> <span class='ocrx_word' id='word_1_213' title='bbox 772 3055 894 3119; x_wconf 88' lang='lat' dir='ltr'><strong>passus,</strong></span> <span class='ocrx_word' id='word_1_214' title='bbox 911 3046 966 3098; x_wconf 88' lang='lat' dir='ltr'><strong>ant</strong></span> <span class='ocrx_word' id='word_1_215' title='bbox 986 3036 1083 3122; x_wconf 90' lang='lat' dir='ltr'><strong>pedes</strong></span> <span class='ocrx_word' id='word_1_216' title='bbox 1104 3038 1261 3124; x_wconf 88' lang='lat' dir='ltr'><strong>complec-</strong></span> 
     </span>
     <span class='ocr_line' id='line_1_27' title="bbox 104 3131 1260 3225; baseline 0.004 -24"><span class='ocrx_word' id='word_1_217' title='bbox 104 3139 177 3201; x_wconf 88' lang='lat' dir='ltr'><strong>titur</strong></span> <span class='ocrx_word' id='word_1_218' title='bbox 203 3158 242 3201; x_wconf 88' lang='lat' dir='ltr'><strong>ac</strong></span> <span class='ocrx_word' id='word_1_219' title='bbox 265 3142 422 3220; x_wconf 69' lang='lat' dir='ltr'><strong>exequat.</strong></span> <span class='ocrx_word' id='word_1_220' title='bbox 468 3131 529 3199; x_wconf 90' lang='lat' dir='ltr'><strong>Vel</strong></span> <span class='ocrx_word' id='word_1_221' title='bbox 552 3133 638 3220; x_wconf 92' lang='lat' dir='ltr'><strong>quod</strong></span> <span class='ocrx_word' id='word_1_222' title='bbox 660 3134 705 3199; x_wconf 90' lang='lat' dir='ltr'><strong>ita</strong></span> <span class='ocrx_word' id='word_1_223' title='bbox 727 3157 759 3199; x_wconf 88' lang='lat' dir='ltr'><strong>se</strong></span> <span class='ocrx_word' id='word_1_224' title='bbox 782 3134 879 3200; x_wconf 88' lang='lat' dir='ltr'><strong>habet</strong></span> <span class='ocrx_word' id='word_1_225' title='bbox 900 3136 941 3201; x_wconf 87' lang='lat' dir='ltr'><strong>ad</strong></span> <span class='ocrx_word' id='word_1_226' title='bbox 964 3138 1104 3225; x_wconf 88' lang='lat' dir='ltr'><strong>aliquam</strong></span> <span class='ocrx_word' id='word_1_227' title='bbox 1126 3164 1168 3205; x_wconf 85' lang='lat' dir='ltr'><strong>ex</strong></span> <span class='ocrx_word' id='word_1_228' title='bbox 1189 3140 1260 3205; x_wconf 91' lang='lat' dir='ltr'><strong>istis</strong></span> 
     </span>
     <span class='ocr_line' id='line_1_28' title="bbox 104 3236 1260 3327; baseline 0.006 -24"><span class='ocrx_word' id='word_1_229' title='bbox 104 3238 252 3326; x_wconf 79' lang='lat' dir='ltr'><strong>proenotis</strong></span> <span class='ocrx_word' id='word_1_230' title='bbox 276 3236 434 3303; x_wconf 88' lang='lat' dir='ltr'><strong>mensuris</strong></span> <span class='ocrx_word' id='word_1_231' title='bbox 459 3236 642 3323; x_wconf 83' lang='lat' dir='ltr'><strong>primitivis,</strong></span> <span class='ocrx_word' id='word_1_232' title='bbox 664 3246 702 3303; x_wconf 93' lang='lat' dir='ltr'><strong>ut</strong></span> <span class='ocrx_word' id='word_1_233' title='bbox 727 3237 802 3305; x_wconf 84' lang='lat' dir='ltr'><strong>talis</strong></span> <span class='ocrx_word' id='word_1_234' title='bbox 827 3240 973 3327; x_wconf 83' lang='lat' dir='ltr'><strong>exposita</strong></span> <span class='ocrx_word' id='word_1_235' title='bbox 996 3252 1083 3308; x_wconf 88' lang='lat' dir='ltr'><strong>recta</strong></span> <span class='ocrx_word' id='word_1_236' title='bbox 1108 3243 1193 3310; x_wconf 91' lang='lat' dir='ltr'><strong>linea</strong></span> <span class='ocrx_word' id='word_1_237' title='bbox 1218 3244 1260 3309; x_wconf 91' lang='lat' dir='ltr'><strong>ad</strong></span> 
     </span>
     <span class='ocr_line' id='line_1_29' title="bbox 105 3339 667 3409; baseline -0.005 -1"><span class='ocrx_word' id='word_1_238' title='bbox 105 3342 196 3409; x_wconf 86' lang='lat' dir='ltr'><strong>aliam</strong></span> <span class='ocrx_word' id='word_1_239' title='bbox 212 3350 331 3407; x_wconf 88' lang='lat' dir='ltr'><strong>rectam</strong></span> <span class='ocrx_word' id='word_1_240' title='bbox 346 3340 464 3405; x_wconf 89' lang='lat' dir='ltr'><strong>lineam</strong></span> <span class='ocrx_word' id='word_1_241' title='bbox 480 3339 667 3406; x_wconf 86' lang='lat' dir='ltr'><strong>exhibitam.</strong></span> 
     </span>
    </p>

    <p class='ocr_par' dir='ltr' id='par_1_4' title="bbox 107 3443 1260 3635">
     <span class='ocr_line' id='line_1_30' title="bbox 166 3443 1259 3531; baseline 0.004 -20"><span class='ocrx_word' id='word_1_242' title='bbox 166 3456 196 3512; x_wconf 88' lang='grc'><strong>3.</strong></span> <span class='ocrx_word' id='word_1_243' title='bbox 242 3444 362 3511; x_wconf 86' lang='lat' dir='ltr'><strong>Verum</strong></span> <span class='ocrx_word' id='word_1_244' title='bbox 383 3444 488 3511; x_wconf 88' lang='lat' dir='ltr'><strong>adhuc</strong></span> <span class='ocrx_word' id='word_1_245' title='bbox 508 3443 610 3524; x_wconf 87' lang='lat' dir='ltr'><strong>tertio,</strong></span> <span class='ocrx_word' id='word_1_246' title='bbox 631 3444 782 3531; x_wconf 86' lang='lat' dir='ltr'><strong>peculiari</strong></span> <span class='ocrx_word' id='word_1_247' title='bbox 805 3446 925 3512; x_wconf 87' lang='lat' dir='ltr'><strong>ratione</strong></span> <span class='ocrx_word' id='word_1_248' title='bbox 946 3456 1057 3512; x_wconf 90' lang='lat' dir='ltr'><strong>notum</strong></span> <span class='ocrx_word' id='word_1_249' title='bbox 1080 3448 1194 3514; x_wconf 81' lang='lat' dir='ltr'><strong>dioitm</strong></span> <span class='ocrx_word' id='word_1_250' title='bbox 1214 3450 1259 3529; x_wconf 92' lang='lat' dir='ltr'><strong>id,</strong></span> 
     </span>
     <span class='ocr_line' id='line_1_31' title="bbox 107 3548 1260 3635; baseline 0.002 -20"><span class='ocrx_word' id='word_1_251' title='bbox 107 3548 186 3635; x_wconf 91' lang='lat' dir='ltr'><strong>quod</strong></span> <span class='ocrx_word' id='word_1_252' title='bbox 208 3548 350 3613; x_wconf 88' lang='lat' dir='ltr'><strong>numeris</strong></span> <span class='ocrx_word' id='word_1_253' title='bbox 375 3548 575 3635; x_wconf 88' lang='lat' dir='ltr'><strong>exprimitur,</strong></span> <span class='ocrx_word' id='word_1_254' title='bbox 596 3548 665 3635; x_wconf 87' lang='lat' dir='ltr'><strong>ejus</strong></span> <span class='ocrx_word' id='word_1_255' title='bbox 688 3548 874 3615; x_wconf 88' lang='lat' dir='ltr'><strong>relationem</strong></span> <span class='ocrx_word' id='word_1_256' title='bbox 894 3549 1120 3615; x_wconf 88' lang='lat' dir='ltr'><strong>denotantibus</strong></span> <span class='ocrx_word' id='word_1_257' title='bbox 1142 3551 1183 3616; x_wconf 88' lang='lat' dir='ltr'><strong>ad</strong></span> <span class='ocrx_word' id='word_1_258' title='bbox 1202 3576 1260 3619; x_wconf 81' lang='lat' dir='ltr'><strong>ex·</strong></span> 
     </span>
    </p>
   </div>
   <div class='ocr_carea' id='block_1_3' title="bbox 109 3801 1262 4561">
    <p class='ocr_par' dir='ltr' id='par_1_5' title="bbox 109 3801 1260 3958">
     <span class='ocr_line' id='line_1_32' title="bbox 157 3801 1260 3875; baseline -0.001 -16"><span class='ocrx_word' id='word_1_259' title='bbox 157 3803 269 3874; x_wconf 76' lang='lat' dir='ltr'><strong>chond</strong></span> <span class='ocrx_word' id='word_1_260' title='bbox 291 3808 342 3858; x_wconf 75' lang='lat'><strong>200</strong></span> <span class='ocrx_word' id='word_1_261' title='bbox 361 3802 419 3858; x_wconf 81' lang='lat' dir='ltr'><strong>feet</strong></span> <span class='ocrx_word' id='word_1_262' title='bbox 438 3803 487 3858; x_wconf 88' lang='lat' dir='ltr'><strong>the</strong></span> <span class='ocrx_word' id='word_1_263' title='bbox 506 3803 653 3860; x_wconf 86' lang='lat' dir='ltr'><strong>differcuce</strong></span> <span class='ocrx_word' id='word_1_264' title='bbox 674 3806 705 3859; x_wconf 81' lang='lat' dir='ltr'><strong>of</strong></span> <span class='ocrx_word' id='word_1_265' title='bbox 722 3804 847 3860; x_wconf 74' lang='lat' dir='ltr'><strong>distanoe</strong></span> <span class='ocrx_word' id='word_1_266' title='bbox 865 3804 890 3859; x_wconf 87' lang='lat' dir='ltr'><strong>is</strong></span> <span class='ocrx_word' id='word_1_267' title='bbox 908 3807 958 3859; x_wconf 89' lang='lat' dir='ltr'><strong>not</strong></span> <span class='ocrx_word' id='word_1_268' title='bbox 975 3801 1203 3871; x_wconf 85' lang='lat' dir='ltr'><strong>distinguishable</strong></span> <span class='ocrx_word' id='word_1_269' title='bbox 1217 3802 1260 3875; x_wconf 75' lang='lat' dir='ltr'><strong>hy</strong></span> 
     </span>
     <span class='ocr_line' id='line_1_33' title="bbox 109 3888 878 3958; baseline -0.003 -14"><span class='ocrx_word' id='word_1_270' title='bbox 109 3904 198 3955; x_wconf 82' lang='lat' dir='ltr'><strong>smse;</strong></span> <span class='ocrx_word' id='word_1_271' title='bbox 215 3906 247 3944; x_wconf 85' lang='lat' dir='ltr'><strong>as</strong></span> <span class='ocrx_word' id='word_1_272' title='bbox 262 3890 293 3943; x_wconf 90' lang='lat' dir='ltr'><strong>in</strong></span> <span class='ocrx_word' id='word_1_273' title='bbox 309 3888 357 3943; x_wconf 90' lang='lat' dir='ltr'><strong>the</strong></span> <span class='ocrx_word' id='word_1_274' title='bbox 374 3888 464 3957; x_wconf 78' lang='lat' dir='ltr'><strong>Moeri,</strong></span> <span class='ocrx_word' id='word_1_275' title='bbox 477 3890 526 3944; x_wconf 87' lang='lat' dir='ltr'><strong>the</strong></span> <span class='ocrx_word' id='word_1_276' title='bbox 543 3890 607 3958; x_wconf 85' lang='lat' dir='ltr'><strong>Suu,</strong></span> <span class='ocrx_word' id='word_1_277' title='bbox 620 3890 669 3945; x_wconf 90' lang='lat' dir='ltr'><strong>the</strong></span> <span class='ocrx_word' id='word_1_278' title='bbox 686 3890 774 3945; x_wconf 78' lang='lat' dir='ltr'><strong>Fixed</strong></span> <span class='ocrx_word' id='word_1_279' title='bbox 792 3890 878 3944; x_wconf 78' lang='lat' dir='ltr'><strong>Stare.</strong></span> 
     </span>
    </p>

    <p class='ocr_par' dir='ltr' id='par_1_6' title="bbox 157 3972 778 4043">
     <span class='ocr_line' id='line_1_34' title="bbox 157 3972 778 4043; baseline 0.003 -16"><span class='ocrx_word' id='word_1_280' title='bbox 157 3974 253 4029; x_wconf 87' lang='lat' dir='ltr'><strong>Hence</strong></span> <span class='ocrx_word' id='word_1_281' title='bbox 270 3976 318 4027; x_wconf 84' lang='lat' dir='ltr'><strong>too</strong></span> <span class='ocrx_word' id='word_1_282' title='bbox 336 3988 353 4026; x_wconf 90' lang='lat' dir='ltr'><strong>a</strong></span> <span class='ocrx_word' id='word_1_283' title='bbox 370 3972 441 4027; x_wconf 87' lang='lat' dir='ltr'><strong>wido</strong></span> <span class='ocrx_word' id='word_1_284' title='bbox 458 3972 531 4042; x_wconf 79' lang='lat' dir='ltr'><strong>plain</strong></span> <span class='ocrx_word' id='word_1_285' title='bbox 549 3988 638 4029; x_wconf 86' lang='lat' dir='ltr'><strong>seems</strong></span> <span class='ocrx_word' id='word_1_286' title='bbox 655 3973 778 4043; x_wconf 82' lang='lat' dir='ltr'><strong>gibboua</strong></span> 
     </span>
    </p>

    <p class='ocr_par' dir='ltr' id='par_1_7' title="bbox 113 4058 1261 4283">
     <span class='ocr_line' id='line_1_35' title="bbox 159 4058 1261 4130; baseline 0.005 -17"><span class='ocrx_word' id='word_1_287' title='bbox 159 4060 197 4114; x_wconf 87' lang='lat'><strong>11.</strong></span> <span class='ocrx_word' id='word_1_288' title='bbox 232 4059 365 4127; x_wconf 84' lang='lat' dir='ltr'><strong>Quantity</strong></span> <span class='ocrx_word' id='word_1_289' title='bbox 377 4059 401 4112; x_wconf 94' lang='lat' dir='ltr'><strong>is</strong></span> <span class='ocrx_word' id='word_1_290' title='bbox 415 4058 513 4113; x_wconf 83' lang='lat' dir='ltr'><strong>known</strong></span> <span class='ocrx_word' id='word_1_291' title='bbox 525 4060 562 4129; x_wconf 79' lang='lat' dir='ltr'><strong>by</strong></span> <span class='ocrx_word' id='word_1_292' title='bbox 573 4061 744 4130; x_wconf 84' lang='lat' dir='ltr'><strong>ccmparison</strong></span> <span class='ocrx_word' id='word_1_293' title='bbox 755 4059 823 4115; x_wconf 86' lang='lat' dir='ltr'><strong>with</strong></span> <span class='ocrx_word' id='word_1_294' title='bbox 838 4076 857 4114; x_wconf 86' lang='lat' dir='ltr'><strong>a</strong></span> <span class='ocrx_word' id='word_1_295' title='bbox 870 4074 997 4113; x_wconf 83' lang='lat' dir='ltr'><strong>measure</strong></span> <span class='ocrx_word' id='word_1_296' title='bbox 1012 4058 1110 4115; x_wconf 90' lang='lat' dir='ltr'><strong>lmown</strong></span> <span class='ocrx_word' id='word_1_297' title='bbox 1126 4077 1157 4116; x_wconf 93' lang='lat' dir='ltr'><strong>as</strong></span> <span class='ocrx_word' id='word_1_298' title='bbox 1171 4061 1261 4119; x_wconf 86' lang='lat' dir='ltr'><strong>abore</strong></span> 
     </span>
     <span class='ocr_line' id='line_1_36' title="bbox 113 4144 1260 4216; baseline 0.005 -19"><span class='ocrx_word' id='word_1_299' title='bbox 113 4144 205 4199; x_wconf 82' lang='lat' dir='ltr'><strong>stated</strong></span> <span class='ocrx_word' id='word_1_300' title='bbox 241 4144 338 4199; x_wconf 88' lang='lat' dir='ltr'><strong>Hence</strong></span> <span class='ocrx_word' id='word_1_301' title='bbox 357 4144 506 4213; x_wconf 84' lang='lat' dir='ltr'><strong>quantities</strong></span> <span class='ocrx_word' id='word_1_302' title='bbox 525 4160 555 4199; x_wconf 88' lang='lat' dir='ltr'><strong>so</strong></span> <span class='ocrx_word' id='word_1_303' title='bbox 572 4144 670 4199; x_wconf 85' lang='lat' dir='ltr'><strong>known</strong></span> <span class='ocrx_word' id='word_1_304' title='bbox 693 4161 755 4214; x_wconf 82' lang='lat' dir='ltr'><strong>may</strong></span> <span class='ocrx_word' id='word_1_305' title='bbox 774 4144 811 4199; x_wconf 89' lang='lat' dir='ltr'><strong>bs</strong></span> <span class='ocrx_word' id='word_1_306' title='bbox 834 4144 954 4199; x_wconf 74' lang='lat' dir='ltr'><strong>mcdmtc</strong></span> <span class='ocrx_word' id='word_1_307' title='bbox 971 4160 1003 4198; x_wconf 91' lang='lat' dir='ltr'><strong>or</strong></span> <span class='ocrx_word' id='word_1_308' title='bbox 1022 4146 1170 4216; x_wconf 76' lang='lat' dir='ltr'><strong>secoudary</strong></span> <span class='ocrx_word' id='word_1_309' title='bbox 1187 4164 1260 4203; x_wconf 76' lang='lat' dir='ltr'><strong>nica-</strong></span> 
     </span>
     <span class='ocr_line' id='line_1_37' title="bbox 113 4244 192 4283; baseline 0.025 -2"><span class='ocrx_word' id='word_1_310' title='bbox 113 4244 192 4283; x_wconf 81' lang='lat' dir='ltr'><strong>suros.</strong></span> 
     </span>
    </p>

    <p class='ocr_par' dir='ltr' id='par_1_8' title="bbox 116 4314 1262 4457">
     <span class='ocr_line' id='line_1_38' title="bbox 161 4314 1262 4373; baseline 0.005 -5"><span class='ocrx_word' id='word_1_311' title='bbox 161 4314 231 4369; x_wconf 77' lang='lat' dir='ltr'><strong>Thus</strong></span> <span class='ocrx_word' id='word_1_312' title='bbox 249 4314 298 4371; x_wconf 88' lang='lat' dir='ltr'><strong>the</strong></span> <span class='ocrx_word' id='word_1_313' title='bbox 315 4314 523 4371; x_wconf 77' lang='lat' dir='ltr'><strong>senridiarneter</strong></span> <span class='ocrx_word' id='word_1_314' title='bbox 540 4316 571 4371; x_wconf 85' lang='lat' dir='ltr'><strong>cf</strong></span> <span class='ocrx_word' id='word_1_315' title='bbox 586 4316 635 4372; x_wconf 86' lang='lat' dir='ltr'><strong>the</strong></span> <span class='ocrx_word' id='word_1_316' title='bbox 653 4317 732 4371; x_wconf 87' lang='lat' dir='ltr'><strong>earth</strong></span> <span class='ocrx_word' id='word_1_317' title='bbox 751 4316 775 4371; x_wconf 86' lang='lat' dir='ltr'><strong>is</strong></span> <span class='ocrx_word' id='word_1_318' title='bbox 791 4316 840 4372; x_wconf 89' lang='lat' dir='ltr'><strong>the</strong></span> <span class='ocrx_word' id='word_1_319' title='bbox 854 4332 981 4372; x_wconf 83' lang='lat' dir='ltr'><strong>measure</strong></span> <span class='ocrx_word' id='word_1_320' title='bbox 992 4316 1023 4370; x_wconf 84' lang='lat' dir='ltr'><strong>ol</strong></span> <span class='ocrx_word' id='word_1_321' title='bbox 1034 4316 1084 4372; x_wconf 87' lang='lat' dir='ltr'><strong>the</strong></span> <span class='ocrx_word' id='word_1_322' title='bbox 1096 4317 1220 4373; x_wconf 83' lang='lat' dir='ltr'><strong>distance</strong></span> <span class='ocrx_word' id='word_1_323' title='bbox 1231 4320 1262 4373; x_wconf 80' lang='lat' dir='ltr'><strong>of</strong></span> 
     </span>
     <span class='ocr_line' id='line_1_39' title="bbox 116 4397 368 4457; baseline 0.028 -8"><span class='ocrx_word' id='word_1_324' title='bbox 116 4397 225 4455; x_wconf 80' lang='lat' dir='ltr'><strong>celestini</strong></span> <span class='ocrx_word' id='word_1_325' title='bbox 237 4401 340 4457; x_wconf 82' lang='lat' dir='ltr'><strong>bodies</strong></span> <span class='ocrx_word' id='word_1_326' title='bbox 359 4426 368 4445; x_wconf 90' lang='lat'><strong>·</strong></span> 
     </span>
    </p>

    <p class='ocr_par' dir='ltr' id='par_1_9' title="bbox 165 4484 1259 4561">
     <span class='ocr_line' id='line_1_40' title="bbox 165 4484 1259 4561; baseline 0.004 -24"><span class='ocrx_word' id='word_1_327' title='bbox 165 4484 217 4540; x_wconf 84' lang='grc' dir='ltr'><strong>ΙΙΙ.</strong></span> <span class='ocrx_word' id='word_1_328' title='bbox 251 4487 332 4548; x_wconf 69' lang='lat' dir='ltr'><strong>&#39;litat</strong></span> <span class='ocrx_word' id='word_1_329' title='bbox 350 4487 373 4539; x_wconf 84' lang='lat' dir='ltr'><strong>is</strong></span> <span class='ocrx_word' id='word_1_330' title='bbox 400 4486 498 4541; x_wconf 83' lang='lat' dir='ltr'><strong>known</strong></span> <span class='ocrx_word' id='word_1_331' title='bbox 524 4488 552 4541; x_wconf 84' lang='lat' dir='ltr'><strong>in</strong></span> <span class='ocrx_word' id='word_1_332' title='bbox 578 4503 595 4541; x_wconf 90' lang='lat' dir='ltr'><strong>a</strong></span> <span class='ocrx_word' id='word_1_333' title='bbox 621 4487 742 4556; x_wconf 75' lang='lat' dir='ltr'><strong>peculias</strong></span> <span class='ocrx_word' id='word_1_334' title='bbox 772 4504 852 4543; x_wconf 88' lang='lat' dir='ltr'><strong>sense</strong></span> <span class='ocrx_word' id='word_1_335' title='bbox 875 4487 963 4544; x_wconf 86' lang='lat' dir='ltr'><strong>which</strong></span> <span class='ocrx_word' id='word_1_336' title='bbox 996 4490 1020 4545; x_wconf 88' lang='lat' dir='ltr'><strong>is</strong></span> <span class='ocrx_word' id='word_1_337' title='bbox 1048 4490 1201 4561; x_wconf 83' lang='lat' dir='ltr'><strong>erpressed</strong></span> <span class='ocrx_word' id='word_1_338' title='bbox 1223 4490 1259 4558; x_wconf 73' lang='lat' dir='ltr'><strong>by</strong></span> 
     </span>
    </p>
   </div>
   <div class='ocr_carea' id='block_1_4' title="bbox 0 0 1601 5192">
    <p class='ocr_par' dir='ltr' id='par_1_10' title="bbox 0 0 1601 5192">
     <span class='ocr_line' id='line_1_41' title="bbox 0 0 1601 5192; baseline 0 0"><span class='ocrx_word' id='word_1_339' title='bbox 0 0 1601 5192; x_wconf 95' lang='lat' dir='ltr'><strong> </strong></span> 
     </span>
    </p>
   </div>
  </div>
 </body>
</html>
