3167 5192
305 378 369 447 176
640 394 827 449 nucnouns
848 394 1125 447 haruanense
1289 380 1400 467 [nucu.
1416 399 1466 448 xi

305 563 453 631 efficacit.
497 562 718 631 Nihilominus
733 564 819 629 enirn
837 563 1063 652 Apolloniauae
1081 564 1248 631 sententiaa
1267 564 1378 632 auimo
1396 588 1467 653 pro·

303 668 376 755 pius
401 666 525 749 accedo,
552 676 584 733 et
609 667 824 755 aequalitatem
848 692 892 734 ex
918 667 1066 757 possibili
1089 667 1298 757 congruentia
1328 690 1466 735 minmo-

303 771 434 838 dissime
447 780 525 859 puto
540 771 674 838 definiri.

309 934 311 939 .
369 874 583 955 Quamobrem
598 875 644 941 ita
657 874 804 957 sentiam,
820 875 982 963 (quoniam
997 875 1032 942 id
1045 875 1212 964 προῦργου
1224 875 1365 957 videtur,
1377 886 1412 943 et
1423 876 1461 943 ad

302 1002 353 1045 res
372 988 497 1045 nostras
516 977 639 1066 aliquid
657 978 763 1063 faciat)
786 978 961 1065 adjungam
980 1001 1046 1045 non
1064 978 1171 1045 nullas
1189 978 1341 1059 rationes,
1361 1002 1461 1069 neque

303 1083 458 1169 gravabor
487 1081 570 1147 hauc
598 1103 665 1146 rem
695 1080 866 1167 aliquando
895 1080 1035 1147 curatius
1064 1081 1258 1148 examinare.
1303 1080 1346 1147 Id
1377 1082 1461 1170 quod

303 1185 461 1273 gradatim
476 1182 707 1273 progrediendo
722 1193 877 1271 satagam.
922 1182 968 1250 Et
983 1184 1086 1272 primo
1102 1184 1232 1271 quidem
1250 1208 1326 1254 cum
1342 1186 1461 1251 subdu·
1550 1233 1554 1246 .

194 1359 196 1361 ,
302 1289 397 1355 bitari
423 1289 525 1377 possit
548 1312 591 1355 an
613 1288 713 1355 ullam
735 1286 887 1375 expediat
905 1287 1098 1374 {equalitatis
1120 1286 1341 1355 definitionem
1361 1289 1461 1377 aedg-

302 1418 388 1470 narc,
404 1394 598 1481 minimeque
612 1390 826 1459 necessarium
844 1390 878 1457 id
896 1390 1080 1457 existimare
1098 1392 1245 1459 videatur
1258 1392 1460 1475 Aristoteles,

303 1497 320 1565 ὁ
342 1496 438 1579 πάνυ,
453 1508 581 1585 propter
597 1493 788 1583 equalitatis
808 1516 851 1560 ex
870 1516 905 1560 se
922 1494 1001 1559 satis
1020 1495 1220 1583 perspicuam
1238 1495 1416 1577 notionem,
1429 1509 1461 1563 et

302 1602 518 1689 significatum
537 1598 658 1667 nemini
677 1620 742 1665 non
761 1597 890 1664 abunde
907 1608 1127 1687 perspectum3
1152 1596 1217 1684 (Τὰ
1235 1597 1338 1680 πάθη,
1354 1600 1460 1688 inquit

302 1704 541 1793 Philosophus¹,
557 1702 603 1787 μὴ
620 1701 804 1785 λαμβάνειν
817 1699 852 1767 τί
865 1702 1023 1785 σημαίνει,
1038 1700 1079 1767 ἂν
1096 1700 1117 1787 ᾖ
1133 1701 1245 1785 δῆλον·
1261 1700 1376 1791 ὥσπερ
1388 1702 1462 1770 οὐδὲ

301 1806 344 1875 τὰ
358 1806 449 1875 κοινὰ
463 1806 500 1874 οὔ
514 1804 677 1889 λαμβάνει
696 1804 731 1870 τί
747 1803 907 1887 equalitas,
923 1801 961 1869 τὸ
981 1804 1039 1869 ἴσα
1058 1801 1126 1870 ἀπὸ
1143 1804 1224 1870 ἴσων
1241 1804 1388 1893 ἀφελεῖν,
1408 1802 1461 1873 ὅτι

301 1908 473 1996 γνώριμον·
494 1907 554 1973 hoc
568 1917 626 1989 cst,
642 1906 831 1993 Affectc'oaes
845 1931 908 1973 noa
926 1907 1058 1972 assumit
1080 1905 1127 1993 (id
1145 1917 1205 1988 cst,
1226 1929 1292 1974 non
1309 1908 1462 1996 explicite

301 2015 393 2081 docet
413 2023 469 2080 aut
489 2012 633 2100 exponit)
658 2012 739 2099 qaid
757 2011 942 2098 aiqoifioeat,
962 2023 998 2076 ιιι
1018 2034 1114 2099 mque
1134 2014 1310 2079 commam'c
1332 2012 1379 2098 (id
1399 2024 1459 2093 est,

301 2115 516 2185 communium
542 2114 771 2181 sententiarum
794 2115 847 2180 vel
869 2113 1067 2179 axiomatum
1091 2114 1233 2201 termini)
1255 2114 1338 2203 qaid
1359 2116 1461 2203 epm·-

291 2221 389 2308 ficatt
402 2220 533 2284 assumit
550 2219 617 2303 (aut
631 2216 783 2305 explicat)
796 2240 805 2297 3
827 2229 863 2282 ιιι
876 2216 955 2304 qaid
966 2216 1119 2303 stpuffieet
1132 2217 1271 2305 oepuolt'o
1285 2218 1460 2305 maa

300 2324 475 2404 subducere,
492 2322 639 2411 qnoniam
653 2322 691 2388 c'd
707 2320 907 2409 saanffaatam
925 2333 978 2402 est,
996 2330 1028 2386 et
1041 2319 1140 2406 vulgo
1155 2320 1233 2385 satis
1248 2320 1459 2408 exploratum.

303 2429 397 2511 Cum,
413 2428 554 2516 iuquam,
570 2425 617 2493 sic
631 2424 752 2513 ambigi
766 2424 869 2512 possit
883 2447 925 2490 an
944 2424 1058 2491 debeat
1075 2425 1242 2513 [equalitas
1256 2425 1388 2492 omnino
1401 2426 1457 2493 de·

301 2532 396 2615 finiri,
427 2554 486 2621 ego
518 2528 726 2596 nihilominus
761 2526 807 2593 rei
841 2525 1078 2593 Mathematicus
1111 2527 1286 2595 conducere
1315 2550 1396 2609 reor,
1419 2541 1456 2595 ut

302 2637 470 2704 definiatur
484 2644 516 2703 et
529 2632 705 2723 explicetur
720 2629 869 2696 distincte
882 2630 962 2717 quid
980 2654 1037 2718 per
1055 2653 1126 2697 eam
1145 2632 1256 2698 veniat
1273 2631 1458 2720 intelligen.

301 2740 388 2807 dum.
418 2738 504 2806 Nam
518 2760 617 2825 quum
633 2732 799 2823 equalitas
814 2733 856 2799 sit
870 2734 1025 2820 ejusmodi
1039 2744 1229 2822 symptoma,
1244 2736 1331 2823 quod
1345 2736 1458 2803 imme·

301 2842 386 2907 dicte
401 2864 529 2907 sensum
543 2862 608 2905 non
622 2836 764 2917 incurrit,
779 2859 840 2903 nec
853 2836 1059 2925 experientiae
1078 2837 1231 2924 subjacet,
1247 2848 1282 2905 at
1295 2862 1339 2905 ex
1353 2863 1456 2907 rerum

300 2943 449 3009 institute
470 2942 703 3031 comparatione
724 2940 858 3006 resultat
882 2940 1016 3027 (absque
1042 2941 1275 3028 comparatione
1301 2942 1419 3011 saltem
1437 2968 1457 3009 a
1555 3021 1556 3024 Ἴ

300 3046 394 3113 nobis
408 3068 473 3111 non
488 3044 743 3133 deprehenditur)
761 3054 881 3109 etcum
895 3066 945 3109 res
961 3042 1172 3111 diversimode
1185 3044 1311 3130 possint
1324 3046 1412 3114 iuter
1423 3070 1457 3114 aa
1555 3079 1556 3104 2

300 3148 484 3238 comparari,
495 3148 567 3215 ideo
581 3147 699 3235 requiri
713 3147 849 3221 videtur,
861 3156 898 3212 ut
912 3168 954 3213 ex
968 3151 1033 3233 qut
1047 3146 1197 3233 qualique
1211 3151 1455 3237 comparatione,

300 3253 428 3341 qnando
442 3262 475 3319 et
489 3252 647 3340 quomodo
664 3251 816 3318 resultare
837 3250 1053 3338 concipiamus
1074 3250 1298 3339 equalitatem,
1312 3275 1371 3340 per
1392 3277 1457 3320 cer·

299 3368 368 3424 tum
388 3344 518 3446 aliquod
536 3367 769 3443 argumentum,
784 3355 1002 3422 indubitatum
1019 3354 1191 3442 κριτήριον,
1206 3354 1372 3422 adnexum
1391 3358 1456 3444 sig·

298 3484 376 3529 num
391 3459 522 3528 evidens
536 3468 569 3526 et
582 3459 775 3547 reciprocum
791 3458 974 3525 definitione
988 3480 1175 3546 expressum
1189 3458 1455 3541 determinemus;

298 3565 345 3633 sic
364 3574 403 3633 ut
420 3566 489 3654 ejus
508 3562 586 3630 insit
604 3562 698 3630 nobis
717 3561 869 3629 distincta
887 3562 986 3642 notio,
1004 3584 1064 3629 nec
1084 3562 1153 3629 ulla
1173 3562 1276 3651 possit
1295 3586 1457 3653 emergere

298 3670 466 3738 dubitandi
479 3668 533 3736 vel
548 3666 756 3734 dissentiendi
771 3688 876 3733 causa.

364 3774 430 3841 Res
456 3772 585 3861 quidem
610 3767 825 3835 immediatius
852 3776 884 3835 et
909 3766 1104 3857 frequentius
1127 3770 1281 3859 expositas
1306 3772 1454 3838 sensibus

300 3881 387 3965 (nam
412 3876 516 3944 obiter
539 3874 667 3941 illorum
696 3872 779 3938 nihil
808 3893 914 3937 moror
941 3872 1142 3955 sententiam,
1168 3873 1226 3961 qni
1251 3874 1453 3962 equalitatis,

297 3978 526 4061 similitudinis,
550 3987 583 4045 et
608 3973 764 4065 ejusmodi
783 3972 973 4051 relationum
996 3973 1158 4063 ingenitas
1182 3975 1277 4043 nobis
1298 3999 1319 4043 a
1338 3982 1453 4043 natura

783 4144 794 4178 ¹
811 4144 878 4197 Post.
891 4156 911 4197 1.
926 4158 964 4195 ιο.

349 4442 472 4501 Reaaons
483 4442 527 4498 for
538 4442 683 4514 accepting
694 4442 751 4501 this
761 4442 879 4515 opinion.

347 4532 387 4602 (l)
423 4531 449 4589 A
463 4529 606 4589 defluition
618 4530 648 4585 of
658 4530 779 4602 aquality
789 4531 815 4586 is
825 4527 971 4587 dcairablo.
