3167 5192
323 406 388 473 ,178
659 424 844 473 nucrrours
867 403 1139 471 uarnnurrrcin.
1309 406 1419 491 [arar.
1437 422 1485 471 ιι.

327 596 542 662 axiomatumr
574 595 778 675 Q11aeeidem
801 594 937 683 aequalia
959 590 1052 661 sunta
1084 594 1122 662 si
1145 592 1325 680 aequalibus
1350 592 1485 679 aequalia

327 700 554 767 subtrahantur
568 710 624 766 aut
642 710 860 789 apponantur3
884 709 915 763 et
929 698 1154 778 consimilium,
1170 698 1367 763 innotescere
1382 696 1484 775 debet,

327 816 359 870 et
374 804 407 868 in
422 814 571 891 promptu
585 804 695 870 haberi
711 800 902 890 aequalitatis
918 800 1072 867 definitio.

393 906 488 972 Addo
510 917 638 995 propter
657 907 790 993 hujusce
805 903 998 971 definitionis
1013 903 1170 968 defectum
1185 903 1254 968 ficri
1274 924 1381 990 posse,
1396 902 1485 991 quin·

329 1012 392 1075 imo
407 1011 538 1076 fortasse
558 1010 597 1076 de
617 1010 698 1075 iacto
719 1010 891 1095 contigisse
910 1007 1111 1093 (nonnullum
1135 1007 1168 1072 in
1190 1006 1325 1093 hujusce
1347 1005 1484 1072 scientia

328 1113 462 1181 dedecus
478 1123 509 1179 et
524 1114 759 1197 detrimentum)
777 1123 814 1179 ut
833 1114 868 1177 in
884 1112 1025 1177 maxime
1046 1110 1219 1198 tranquilla
1239 1120 1337 1197 atque
1354 1110 1486 1197 pacifict

328 1216 519 1283 Geometriae
533 1216 696 1304 provincia
710 1216 927 1281 contentiones
942 1223 974 1279 et
988 1213 1090 1279 turbae
1107 1212 1279 1299 viguerint,
1295 1212 1485 1278 incaluerint

328 1320 393 1401 irae,
410 1319 561 1385 clamores
576 1330 608 1385 ct
623 1319 763 1385 convitia
777 1318 994 1406 strepuerint.'
1022 1317 1196 1384 Undenam
1210 1317 1297 1383 enim
1317 1339 1392 1403 quar
1411 1314 1486 1383 (tla-

329 1425 417 1490 vium
434 1424 515 1490 inter
529 1434 561 1490 et
576 1423 777 1502 Peletarium‚
788 1446 848 1489 nec
858 1445 922 1487 non
935 1421 1018 1487 inter
1029 1421 1107 1487 alios
1120 1419 1312 1488 Geometriae
1326 1420 1486 1487 studiosos

329 1538 423 1616 atque
438 1529 564 1616 peritos,
581 1528 620 1593 de
635 1527 752 1615 angulo
772 1526 1008 1613 contingentia,
1025 1525 1158 1591 infensis
1177 1525 1303 1605 animis,
1325 1533 1360 1590 ct
1379 1525 1487 1590 verbis

329 1632 528 1697 contumeliae
542 1653 606 1695 non
621 1629 814 1717 expertibus,
831 1629 952 1715 agitata
972 1628 1013 1693 lis
1035 1628 1164 1707 exarsit,
1185 1626 1249 1692 nisi
1271 1626 1359 1713 quod
1380 1648 1488 1714 aequa·

329 1733 430 1799 litatis
445 1744 476 1799 et
491 1732 600 1818 anguli
616 1732 816 1799 definitiones
833 1755 897 1797 non
916 1731 976 1797 rite
993 1730 1110 1795 fuerint
1129 1730 1328 1809 constitutae3
1350 1753 1411 1795 nec
1431 1754 1487 1795 vo-
1552 1787 1554 1792 ,

330 1836 512 1901 cabulorum
535 1836 666 1900 istorum
689 1835 883 1921 ambiguitas
905 1834 1031 1922 penitus
1053 1844 1101 1898 est
1123 1832 1267 1913 sublata,
1296 1834 1386 1898 rixas
1407 1834 1487 1899 istas

330 1960 393 2001 una
408 1936 487 2002 forte
502 1937 553 2002 vel
573 1937 671 2002 altera
690 1937 855 2002 commoda
874 1936 1015 2003 definitio
1033 1935 1125 2001 facile
1140 1936 1288 2016 sedasset,
1305 1934 1486 2017 decidisset,

330 2039 519 2105 sustulisset.

396 2138 539 2229 Expedit
561 2140 659 2227 igitur
683 2141 900 2207 definitionem
927 2140 1067 2230 aliquam
1093 2142 1283 2229 equalitatis
1309 2144 1484 2231 praesterm.

331 2244 403 2310 Hoc
428 2256 571 2309 teneatur
595 2236 760 2332 imprimis.
806 2245 914 2326 Porro,
937 2244 1093 2326 Secundo,
1115 2247 1274 2333 quoniam,
1294 2257 1331 2311 ut
1351 2247 1486 2312 antchac

330 2368 414 2435 saepe
441 2346 592 2428 diximus,
619 2358 651 2413 et
676 2348 768 2413 nobis
794 2347 950 2413 habemus
975 2349 1260 2435 persuasissimum,
1285 2371 1484 2437 unaquaeque

330 2450 472 2517 definitio
487 2452 552 2541 peti
568 2452 660 2517 debet
676 2474 717 2516 ex
732 2450 840 2538 aliqus
855 2451 1072 2538 suppositione
1087 2451 1232 2538 possibili
1248 2474 1304 2539 por
1318 2452 1483 2540 experien-

330 2556 408 2622 tiam
422 2556 587 2623 manifeste
602 2564 812 2643 compertam
831 2566 862 2620 et
877 2577 949 2620 cum
965 2554 993 2619 si
1008 2565 1139 2641 agnatae
1154 2554 1230 2621 huic
1243 2556 1375 2643 negotio
1389 2578 1481 2645 quam

332 2668 449 2725 attento
469 2658 695 2747 perlustramus
712 2666 744 2721 et
759 2658 958 2722 excutiamus
973 2657 1146 2737 universas,
1162 2656 1252 2722 nulla
1266 2680 1300 2724 se
1313 2659 1484 2746 praebitura

330 2761 372 2825 sit
395 2762 506 2849 opinor
528 2760 590 2825 hac
615 2759 760 2847 possibili
782 2758 1041 2844 magnitudinum
1063 2758 1270 2845 congruentia
1291 2760 1482 2827 commodior

330 2862 520 2948 aequalitatis
536 2862 714 2928 definitioni
728 2862 899 2927 fundanda
917 2861 1123 2950 hypothesis:
1146 2884 1222 2948 ergo
1236 2861 1321 2927 hanc
1334 2863 1479 2951 amplecti

330 2962 420 3027 decet
434 2975 466 3029 et
481 2986 659 3049 agnoscere.
704 2964 798 3045 Quod
815 2965 903 3031 nulla
917 2966 1111 3033 commodior
1129 2967 1260 3054 objiciat
1278 2990 1322 3042 se,
1342 2970 1480 3057 complu·

329 3064 418 3131 ribus
435 3066 608 3133 attendenti
626 3067 761 3155 liquebit
780 3070 917 3136 indiciis.
963 3066 1049 3135 Nam
1063 3068 1154 3134 nulla
1167 3069 1366 3156 frequentius
1379 3073 1481 3138 obscr-

329 3166 431 3249 vatur,
448 3179 480 3234 et
495 3171 640 3236 sensibus
659 3174 839 3261 exponitur,
860 3171 961 3238 oculis
980 3173 1181 3259 conspicitur,
1201 3172 1352 3239 manibus
1372 3168 1480 3240 atfict-

330 3278 433 3353 tatur3
457 3272 546 3337 nulla
561 3272 676 3341 clarius
695 3274 894 3359 intelligitur,
911 3285 966 3339 aut
983 3274 1166 3361 passibilior
1184 3274 1396 3343 existimatur.
1438 3274 1480 3341 Et

329 3398 428 3463 quum
451 3376 491 3441 de
512 3400 615 3442 rerum
639 3377 820 3465 aequalitate
843 3376 908 3461 (vel
931 3377 1157 3464 inaequalitate)
1182 3377 1318 3444 vertitur
1340 3381 1478 3466 questio,

328 3502 451 3568 semper
465 3481 494 3545 ei
511 3480 722 3567 dijudicandae
737 3479 788 3545 liti
809 3480 850 3545 ad
870 3482 1109 3566 congruentiam
1130 3482 1305 3547 accurritur
1323 3492 1358 3549 ct
1376 3482 1479 3571 appel·

328 3582 422 3649 latur.
468 3580 508 3649 Id
523 3582 608 3671 quod
624 3584 751 3670 signum
767 3582 810 3648 sit
824 3583 902 3648 satis
917 3582 1047 3648 evidens
1067 3582 1151 3649 hanc
1168 3584 1362 3670 equalitatis
1381 3586 1480 3653 notio-

327 3706 400 3751 nem
431 3686 650 3752 communibus
683 3686 847 3751 hominum
879 3686 1084 3773 conceptibus
1113 3687 1256 3773 apprime
1287 3691 1477 3767 consentire3

327 3789 474 3877 quodque
490 3791 535 3856 nil
552 3789 640 3855 aliud
655 3788 841 3875 intelligunt
859 3789 1014 3870 homines,
1030 3812 1129 3876 quum
1148 3790 1228 3855 duas
1246 3792 1478 3877 magnitudines

326 3894 444 3981 aequari
463 3894 584 3975 dicunt,
601 3916 695 3980 quarn
719 3915 772 3958 eas
796 3893 925 3959 sibimet
946 3893 1120 3981 applicatas
1141 3892 1225 3960 inter
1245 3916 1280 3961 se
1302 3916 1478 3981 congruere,

324 3996 378 4061 vel
392 3996 534 4083 ejusdcm
550 3996 661 4063 saltem
677 3996 772 4083 spatii
788 3996 996 4083 capacitatem
1010 3997 1195 4085 adimplere.

377 4254 461 4309 ſtrom
472 4253 521 4311 tho
533 4254 642 4323 neglect
661 4256 692 4311 ol
710 4254 766 4311 this
784 4256 854 4312 have
870 4258 962 4313 ariscn
982 4274 1069 4327 aum
1079 4256 1289 4325 controversias,
1308 4273 1340 4313 aa
1357 4256 1476 4311 between

323 4340 435 4396 Olavius
452 4340 508 4395 and
526 4340 679 4397 Peletarius
695 4342 781 4399 about
798 4344 848 4399 the
865 4344 946 4414 arrglc
962 4346 994 4399 ol
1008 4345 1193 4415 contingeres

325 4426 541 4571 calling?
564 4426 589 4481 is
613 4444 648 4481 no
669 4446 746 4485 mors
768 4430 932 4485 convenient
955 4430 1097 4485 definition
1120 4431 1152 4486 ol
1173 4430 1303 4501 llquality
1324 4428 1389 4485 than
1408 4427 1474 4481 tium
