3167 5192
308 367 352 434 22
695 381 821 433 orario
844 383 1080 433 PRAEFATORIA.

305 566 340 622 et
373 551 573 632 concinnari;
610 553 743 620 affectus
771 553 918 641 componi
944 563 977 619 et
1006 553 1204 643 compurgari
1215 579 1224 636 ;
1262 554 1470 642 phantasiam

304 655 410 724 sedari
431 678 469 722 ac
490 655 645 736 serenari;
669 655 866 722 intellectum
880 655 922 722 ad
942 655 1068 722 divinas
1083 657 1365 745 contemplationes
1384 659 1471 743 erigi

305 771 402 847 atque
420 759 552 824 excitari
561 784 571 838 ;
586 782 645 825 nec
662 759 749 824 solus
768 759 811 838 id,
828 781 886 824 nec
901 760 1022 847 primus
1037 759 1159 840 dixero,
1175 761 1233 826 sed
1252 762 1469 826 maximorum

305 863 340 928 in
356 861 564 950 Philosophia
577 861 743 928 nominum
757 863 949 928 sententiam
963 885 1066 928 meam
1079 863 1269 930 authoritate
1283 863 1467 946 defendero,

305 964 467 1050 suffragiis
482 965 719 1031 confirmavero.

371 1067 450 1134 Dies
469 1091 530 1148 me,
546 1091 621 1148 vox,
637 1077 671 1134 et
690 1067 823 1155 spiritus
838 1067 1015 1149 deficerent,
1032 1069 1084 1136 vel
1101 1091 1226 1136 summa
1240 1093 1343 1136 rerum
1359 1069 1469 1157 capita

302 1172 422 1254 cursim
442 1170 724 1258 perstringentem:
747 1193 823 1236 nam
844 1170 934 1262 illius
953 1195 1024 1258 quae
1048 1173 1154 1253 coelos,
1172 1197 1243 1260 quae
1262 1183 1370 1246 terras,
1393 1195 1468 1260 quse

303 1275 405 1342 mana
432 1283 625 1362 pervagatur
653 1284 687 1338 et
710 1273 906 1361 permetitur,
934 1273 1092 1354 Scientiae,
1119 1274 1210 1340 nulla
1233 1274 1320 1362 juste
1345 1273 1467 1340 limites

303 1379 474 1458 describat,
503 1377 595 1444 nulla
630 1377 724 1464 plene
755 1377 981 1464 complectatur
1014 1377 1178 1458 utilitates,
1208 1377 1299 1442 nulla
1326 1377 1466 1464 perfecte

302 1481 414 1548 laudes
434 1480 604 1546 exhauriat
620 1480 731 1546 oratio.
774 1477 821 1544 Et
840 1479 981 1567 alioquin
1003 1479 1037 1544 in
1056 1503 1090 1546 re
1109 1478 1275 1546 decantata
1297 1479 1338 1544 ab
1361 1479 1467 1544 omni-

303 1585 374 1664 bus,
390 1595 423 1650 et
441 1585 534 1650 vobis
552 1584 687 1670 (opinor)
711 1582 790 1648 satis
810 1582 922 1648 intime
944 1589 1115 1670 perspecte,
1138 1581 1281 1670 improbe
1303 1581 1466 1669 desipiens

301 1689 374 1762 sim,
405 1688 434 1754 si
465 1697 521 1752 aut
547 1709 651 1752 meam
677 1686 916 1752 immoderatius
946 1687 1061 1750 abutar
1083 1707 1220 1772 operam,
1242 1696 1297 1752 aut
1323 1696 1466 1751 vestram

303 1789 516 1879 importunius
536 1789 697 1875 exagitem
712 1787 909 1876 patientiam.
954 1787 1144 1874 Quanquam
1168 1786 1255 1852 haud
1274 1787 1316 1852 ab
1337 1809 1380 1867 re,
1404 1809 1466 1853 noc

303 1904 418 1983 prater
436 1892 577 1958 instituti
596 1891 660 1958 mei
680 1890 835 1956 rationem
849 1891 960 1956 secisse
975 1890 1093 1970 videor,
1110 1891 1196 1978 qnod
1210 1901 1349 1956 vestram
1367 1891 1464 1958 modo

302 1995 490 2085 patientiam
510 2006 636 2060 strenue
658 1993 862 2072 exercuerim,
886 1985 958 2058 cuni
980 1992 1051 2080 ipat
1072 1993 1226 2078 patientia
1248 1993 1337 2060 nulla
1357 1994 1400 2060 sit
1422 1995 1464 2060 ad
1572 2055 1573 2076 ,

303 2095 466 2163 Mathesin
481 2107 537 2161 aut
556 2095 660 2183 aptior
679 2104 736 2161 aut
754 2094 865 2159 utilior
878 2094 1087 2177 introductio;
1111 2119 1170 2162 nec
1191 2096 1273 2162 alius
1291 2097 1464 2183 quisquam

302 2198 346 2265 sit
374 2197 417 2264 ad
444 2196 504 2262 has
530 2196 716 2283 disciplinas
742 2196 861 2280 optime
891 2207 1099 2284 comparatus,
1129 2221 1224 2284 quam
1247 2198 1338 2285 eujus
1359 2219 1463 2280 aures,

305 2299 470 2386 (orationis
487 2323 546 2366 uec
561 2298 709 2386 insipidae
723 2297 854 2364 fastidio
871 2298 1014 2382 devicta,
1036 2323 1095 2366 nec
1110 2301 1229 2388 jejuuae
1248 2299 1342 2366 taedio
1357 2301 1464 2366 delas·

301 2404 393 2486 sate)
424 2425 481 2492 per
510 2404 670 2490 integrum
699 2402 742 2466 ad
775 2401 883 2467 minus
920 2401 1080 2468 bihorium
1110 2403 1279 2470 toleranter
1310 2403 1464 2491 vapulare

301 2506 498 2574 didicerunt:
517 2505 668 2573 orationis
683 2505 796 2570 merito
812 2504 881 2570 dixi
886 2505 1015 2592 Jiy'oaoe,
1032 2529 1131 2592 eoque
1145 2507 1249 2593 magis
1263 2506 1463 2594 tempestivae

304 2611 388 2698 (quis
403 2610 488 2679 enim
509 2609 551 2676 ab
565 2631 622 2674 esu
636 2607 772 2694 piscium
786 2606 937 2693 eloquens
957 2606 1009 2686 sit,
1026 2617 1081 2674 aut
1102 2608 1252 2674 immunis
1272 2608 1374 2696 culpes
1395 2631 1462 2676 ser-

299 2737 394 2780 mone
407 2715 476 2801 jam
491 2711 633 2778 luxuriet
642 2712 669 2795 l)
687 2733 784 2798 quam
800 2711 827 2775 si
842 2711 934 2776 vobis
954 2711 1053 2778 sciero
1068 2712 1270 2778 vehementer
1284 2712 1460 2801 displicere,

301 2816 393 2881 facile
417 2839 468 2882 me
491 2815 694 2894 consolabor;
717 2812 862 2900 quinimo
887 2836 1077 2902 magnopere
1100 2815 1342 2901 congratulabor
1368 2816 1460 2898 mihi,

300 2915 447 2982 validum
474 2915 550 2980 inde
574 2914 766 2980 deducturum
796 2926 1027 3001 argumentum,
1059 2927 1179 2984 certum
1207 2917 1375 3002 augurium
1404 2917 1462 2984 de·

301 3026 495 3104 sumpturus,
511 3016 597 3102 quod
611 3017 768 3105 optimum
782 3040 834 3084 me
852 3017 945 3084 hodie
964 3018 1164 3106 prestiterim
1186 3018 1460 3102 Mathematicum,

301 3120 363 3186 hoc
377 3127 436 3200 est,
451 3118 626 3207 pessimum
640 3119 816 3187 Oratorem.
862 3119 952 3188 Dixi.
