3167 5192
360 394 445 461 194·
691 404 879 457 numianus
900 402 1175 453 usnnuusmca
1331 382 1437 467 [usar.
1451 396 1507 445 ru.

360 578 539 658 Elementa,
555 596 597 642 ex
611 598 673 642 usu
686 575 813 663 putavit
826 572 1084 659 magnitudinum
1099 570 1281 656 analogiam
1297 567 1431 635 seorsim
1443 566 1509 631 deli-

359 682 428 747 nire
456 681 504 766 (ἐν
532 683 578 767 τῷ
607 677 695 767 αὐτῷ
722 675 813 766 λόγῳ
835 676 955 761 μεγέθη
978 675 1110 758 λέγεται
1134 672 1225 757 εἶναι)
1252 694 1509 756 numerorumque

357 782 682 872 proportionalitatem
711 780 804 846 alitor
830 782 866 845 in
896 780 1065 845 Elementa
1091 778 1227 866 septimo
1252 774 1410 854 definire;
1438 772 1509 837 unde

362 887 582 953 necessitatem
604 884 793 972 imposuisse
815 882 877 949 sibi
899 882 1035 962 videtur,
1058 879 1215 969 siquando
1235 879 1277 945 dc
1299 877 1432 965 quantis
1450 875 1510 939 aliis

357 992 548 1056 instituisset
562 989 675 1068 dicere,
691 988 832 1075 ipsorum
846 1009 972 1075 qnoque
985 983 1317 1073 proportionalitatem
1333 980 1509 1067 singillatim

359 1094 500 1174 definire,
526 1092 579 1159 vel
608 1092 703 1156 istam
733 1090 846 1157 saltem
872 1090 912 1155 de
937 1088 1197 1176 magnitudinum
1225 1084 1510 1175 proportionalitate

360 1195 508 1261 traditam
532 1196 572 1259 iis
596 1191 840 1259 accommodare.
885 1191 991 1274 Quare
1015 1192 1043 1257 si
1066 1200 1230 1279 peccatum
1253 1200 1305 1257 est
1333 1187 1432 1275 (quod
1452 1208 1509 1273 per·

359 1298 495 1364 tendunt
517 1297 700 1381 adversarii)
729 1319 845 1361 nomen
870 1296 966 1377 idem,
988 1308 1145 1383 quatenus
1170 1295 1310 1361 diversis
1334 1314 1449 1379 genere
1467 1286 1509 1352 rel

359 1400 463 1487 specie
478 1401 571 1466 rebus
586 1399 780 1480 attribuitur,
797 1399 889 1465 ahter
903 1422 941 1465 ac
955 1398 1047 1465 aliter
1061 1398 1202 1479 definire,
1218 1399 1289 1485 ejus
1305 1394 1439 1463 admissi
1453 1414 1508 1457 reos

359 1503 542 1589 allegemus,
559 1504 748 1592 quibusoam
764 1495 867 1569 errare
880 1526 947 1570 non
963 1504 1136 1569 admodum
1152 1502 1271 1591 pudeat
1292 1524 1367 1581 nos,
1382 1508 1508 1565 auctores

358 1630 512 1695 perquam
527 1607 650 1674 nobiles
665 1618 697 1673 et
711 1608 857 1674 eximios.

425 1712 571 1777 Tandem
590 1711 638 1796 (ut
653 1711 748 1798 hujus
760 1712 946 1797 objectionis
957 1712 1097 1777 examini
1108 1711 1289 1777 coronidem
1306 1704 1505 1796 imponamus)

360 1815 533 1904 plurimum
548 1814 636 1879 hand
651 1814 784 1879 diffiteor
799 1814 935 1880 adducta
949 1814 1068 1881 valeret
1081 1816 1171 1896 ratio,
1187 1815 1216 1881 si
1230 1816 1336 1904 possit
1355 1814 1418 1879 alia
1433 1832 1506 1897 que

360 1918 447 2003 piam
462 1917 543 1982 bene
559 1916 724 1981 commoda
738 1916 915 2002 generalior
929 1918 1119 2004 equalitatis
1135 1918 1223 1984 notio
1239 1916 1409 2005 assignari.
1452 1909 1506 1978 Sed

359 2018 449 2084 nulla
464 2018 617 2083 succurrit
632 2018 704 2097 alia,
717 2018 830 2084 saltem
844 2019 906 2084 hac
920 2020 1032 2105 potior,
1048 2021 1219 2109 hypothesi
1233 2021 1340 2086 cuivis
1354 2019 1396 2085 ad
1408 2036 1504 2083 seusus

360 2120 623 2200 observationem,
639 2119 692 2185 vel
708 2118 749 2184 ad
765 2120 882 2186 mentis
902 2132 1031 2209 captum
1049 2122 1230 2189 evidentius
1246 2122 1423 2211 explorate
1440 2117 1503 2183 suh-

359 2226 447 2292 nixa.
480 2222 632 2289 Tentavit
646 2222 775 2310 quidem
793 2225 842 2310 (nt
856 2225 1079 2292 adnotavimus
1091 2227 1127 2291 in
1141 2226 1295 2293 Lectione
1307 2220 1499 2315 precedente)

359 2329 439 2394 duas
460 2338 651 2393 memoratus
672 2326 820 2413 egregius
841 2326 901 2408 vir,
917 2351 976 2394 nec
997 2328 1086 2410 alias,
1106 2330 1226 2417 opinor,
1247 2330 1396 2396 meliores
1413 2322 1500 2413 potuit

359 2430 565 2511 comminisci,
582 2450 653 2516 quae
668 2438 784 2509 tamen,
801 2439 838 2494 ut
852 2430 1057 2511 ostendimus,
1072 2431 1107 2495 in
1122 2443 1261 2497 nostram
1280 2433 1365 2498 hanc
1380 2426 1498 2519 penitius

358 2556 500 2601 exeussae
510 2532 664 2612 recidunt,
677 2531 826 2619 quodque
836 2555 901 2597 non
911 2532 1004 2599 aliter
1014 2532 1066 2599 vel
1076 2533 1205 2615 eaedem,
1217 2535 1270 2601 vel
1285 2546 1385 2601 tantae
1399 2529 1497 2597 eedem

358 2636 577 2726 concipiantur
596 2659 664 2703 csse
685 2636 882 2703 diversarum
901 2660 1007 2703 rernm
1026 2639 1230 2724 quantitates,
1250 2661 1349 2727 quam
1368 2660 1421 2726 per
1436 2655 1497 2698 eon·

357 2742 537 2828 grncntiam
552 2740 732 2828 aliqualem,
749 2762 806 2805 sen
820 2740 979 2828 propriam
994 2763 1051 2807 scu
1066 2741 1273 2828 analogicum.

424 2844 458 2909 N
459 2867 511 2909 am
530 2854 567 2909 ut
586 2845 646 2909 hoo
666 2868 766 2911 unum
787 2844 946 2931 adjiciam,
966 2843 1114 2909 nonnihil
1134 2843 1335 2911 elucidandis
1353 2854 1384 2911 et
1401 2838 1494 2906 confir·

358 2946 484 3012 mandis
499 2957 575 3012 tunc
590 2947 703 3028 diotis3
726 2948 915 3035 quantitatis
930 2946 1081 3013 identitas
1095 2949 1241 3037 specifica
1254 2950 1387 3015 minime
1400 2942 1494 3013 sufficit

359 3048 533 3135 aequalitati
548 3050 776 3116 constituendae
789 3051 877 3134 (tunc
887 3050 973 3116 enim
983 3072 1093 3116 omnes
1108 3050 1227 3131 circuli,
1239 3064 1363 3119 cunctae
1374 3050 1492 3139 sphera,

358 3150 508 3238 quaelibet
522 3150 632 3237 figure
648 3151 768 3218 similes
783 3161 985 3239 aequarentur
998 3152 1061 3217 sibi
1074 3154 1197 3238 mutuo)
1213 3154 1270 3220 sed
1285 3154 1328 3220 ad
1348 3156 1406 3220 hoc
1422 3149 1492 3214 iden·

357 3255 433 3319 titas
448 3254 594 3341 quasdam
611 3256 773 3322 numerica
792 3256 989 3342 postulatam
1012 3278 1077 3321 non
1097 3256 1154 3322 illa
1174 3257 1303 3344 quidem
1324 3254 1454 3331 actualis,
1467 3260 1492 3313 st

358 3356 470 3421 saltem
485 3356 655 3445 possibilis,
672 3358 775 3445 qualis
790 3358 909 3446 optime
925 3359 995 3442 (nec
1009 3357 1101 3425 aliter
1115 3360 1239 3446 opinor)
1259 3382 1316 3448 per
1337 3360 1420 3426 illam
1434 3372 1490 3441 qua

357 3484 399 3526 ex
415 3462 621 3547 congruentia
635 3461 777 3547 emergit,
794 3472 984 3548 quantomm
1004 3460 1246 3528 coincidentiam
1263 3474 1296 3529 et
1315 3462 1489 3531 coalitiouem

356 3564 534 3631 exhibetur.
580 3564 661 3630 Haec
675 3564 774 3651 igitur
788 3564 886 3645 notio,
902 3587 975 3629 cum
989 3564 1265 3651 magnitudinibus
1283 3568 1356 3654 (hoc
1368 3576 1420 3643 est
1433 3580 1489 3649 pro

357 3668 424 3755 prie
439 3678 471 3734 et
485 3669 633 3757 primario
649 3669 789 3756 quantis)
811 3668 929 3733 eximie
943 3669 1076 3755 quadret
1085 3694 1094 3748 ;
1116 3679 1150 3735 et
1168 3669 1241 3736 aliis
1259 3672 1387 3759 quantis
1403 3667 1489 3749 aliquo
1539 3699 1540 3726 i

355 3770 469 3851 modo;
488 3794 624 3857 cumque
638 3770 702 3835 alia
716 3778 835 3857 quanta
848 3792 904 3859 per
917 3770 1149 3857 magnitudinis
1163 3773 1374 3861 equalitatem
1388 3762 1488 3837 definiri

211 3960 231 3971 ..
355 3872 480 3960 possint
492 3884 527 3939 et
540 3874 695 3954 debeant3
717 3882 749 3938 et
763 3872 890 3959 quando
912 3896 977 3939 non
998 3874 1061 3939 alia
1081 3875 1183 3962 possit
1203 3879 1377 3964 excogitari
1396 3888 1488 3940 oonre

356 3974 512 4055 nientior;
539 3976 601 4057 his,
624 3976 766 4063 inquam,
789 3975 939 4064 expensis
961 3976 1030 4043 haec
1050 4000 1115 4043 uon
1137 3981 1295 4065 gravatim
1317 3966 1487 4046 annianus

356 4076 481 4143 videtm
500 4089 531 4145 et
551 4079 764 4168 approbanda,
781 4080 992 4168 nequicquam
1011 4080 1158 4148 obstante
1177 4070 1487 4171 proposit0·00ntrario
1538 4079 1539 4112 ³

356 4179 510 4247 discursu.

408 4416 521 4487 Finnlly,
539 4434 575 4472 no
594 4417 689 4473 better
707 4419 852 4476 definition
870 4420 902 4475 of
916 4421 1039 4491 aquality
1056 4437 1107 4476 can
1126 4420 1162 4478 be
1180 4422 1273 4479 found.

407 4502 524 4557 Wallis’s
542 4502 679 4574 proposed
695 4502 852 4561 definitione
869 4522 953 4575 agree
970 4506 1038 4562 with
1057 4524 1130 4561 oum.
