3167 5192
150 376 394 462 uncr.xv111.]
497 390 686 444 uacrrouus
707 389 981 444 mrnsnsrrcu
1258 380 1322 447 299

149 562 320 630 dicatioue
341 560 491 630 vocabuli
510 560 633 628 latioris
654 562 696 629 de
716 562 908 649 angustiore,
932 561 1136 651 generalioris
1159 562 1199 633 de
1217 566 1323 653 magis

148 665 300 755 speciali,
327 665 357 731 si
381 688 448 732 non
470 664 670 753 exprimitur,
696 666 792 733 tacite
816 666 930 733 saltem
953 666 1144 755 intelligitur
1166 669 1322 737 restrictio

147 769 316 857 quaedam.
361 767 412 836 Ut
424 790 498 835 cum
512 766 638 848 dicitur,
653 768 756 835 Homo
772 781 817 835 eat
835 768 967 851 animal,
990 770 1181 859 intelligitur
1200 774 1324 840 enimi

149 874 317 961 quoddam
319 900 337 957 ,·
358 872 508 962 quodque
521 870 696 939 subticetur
709 869 745 937 in
758 872 973 960 propositione
987 872 1116 958 direott,
1132 876 1273 944 redditur
1287 888 1320 945 et

148 998 309 1064 expresse
328 973 555 1063 pronunciatur
575 972 612 1039 in
633 978 795 1054 converse,
811 972 980 1053 Quoddam
1001 975 1120 1043 animal
1142 985 1191 1044 est
1211 977 1317 1048 homo.

149 1078 253 1161 Quod
273 1090 381 1147 antem
403 1100 527 1165 semper
548 1076 811 1163 subintelligitur,
826 1075 862 1142 id
883 1100 1112 1166 nonnunquam
1134 1080 1203 1148 sine
1224 1082 1319 1171 culpe

149 1183 290 1271 proferri
303 1191 417 1271 potest,
428 1202 526 1269 quare
539 1202 605 1246 non
619 1178 714 1247 video
728 1202 784 1246 cur
799 1179 972 1266 improbari
986 1179 1124 1249 debeant
1137 1182 1318 1251 istiusmodi

149 1284 376 1366 definitionem
400 1284 496 1351 homo
509 1282 691 1376 estauimal
704 1281 866 1369 quoddam
880 1282 1000 1351 ratione
1014 1284 1202 1372 praeditum
1219 1287 1317 1353 uian-

148 1389 270 1477 gulum
284 1398 334 1455 est
347 1389 451 1476 figure
463 1386 611 1475 quaedam
624 1385 721 1474 plana
734 1386 838 1453 tribus
855 1386 949 1453 rectis
968 1387 1062 1455 lineis
1076 1391 1315 1477 comprehensa;

148 1492 237 1559 ratio
259 1500 309 1558 est
332 1490 444 1557 relatio
468 1488 615 1577 quaedam
638 1488 905 1575 homogeueorum
928 1500 1119 1577 quantorum
1140 1493 1315 1561 secundum

149 1595 378 1683 quantitatem.
501 1660 507 1677 ,

219 1698 316 1781 Quod
336 1720 412 1765 vero
435 1695 652 1763 definitionem
673 1694 757 1761 banc
777 1694 904 1783 vulgari
926 1695 1020 1764 modo
1042 1706 1203 1785 acceptam
1226 1722 1315 1787 aeque
1444 1736 1448 1747 ·

145 1800 322 1869 convenire
340 1808 435 1889 putat
453 1799 673 1865 Arithmeticae
694 1799 819 1880 rationi,
836 1800 934 1887 aqut
952 1809 1059 1867 temen
1081 1800 1238 1888 distingui
1259 1803 1314 1869 de-

148 1906 245 1986 buit;
268 1903 361 1971 adid
375 1905 445 1991 jam
460 1912 534 1970 aute
551 1905 783 1990 upolmrrtaoic
802 1924 988 1991 responsum
1006 1913 1065 1987 est,
1081 1925 1154 1972 cum
1174 1906 1253 1994 quid
1272 1908 1315 1974 sit

149 2008 241 2075 κατὰ
258 2004 464 2088 πηλικότητα
482 2004 590 2072 referri
608 2004 714 2071 eonati
733 2027 843 2072 sumus
863 2006 1031 2095 explicare.
1076 2007 1173 2077 Nunc
1188 2018 1312 2077 tautum

150 2111 314 2199 adjiciam,
329 2109 545 2177 elementatori
560 2109 622 2176 hac
635 2108 671 2175 in
684 2108 870 2176 defiuitione
884 2109 1037 2177 tradendi
1055 2132 1119 2179 non
1141 2112 1230 2179 aliud
1251 2113 1314 2181 for·

150 2237 214 2281 sau
233 2213 431 2302 propositum
453 2212 561 2294 fnisse,
588 2233 685 2299 quam
707 2221 744 2278 ut
766 2212 909 2279 methodi
932 2212 1082 2300 plenioris
1105 2223 1162 2282 aut
1184 2226 1313 2284 ornabis

149 2317 384 2405 qualiscunque
396 2321 502 2397 canet,
517 2313 699 2403 praeludens
718 2314 839 2381 scilicet
858 2315 1104 2385 accuratioribus
1123 2316 1195 2385 istis
1215 2319 1312 2408 Ejus-

150 2420 238 2501 dem,
263 2418 407 2508 Majoris,
433 2427 466 2484 et
490 2417 627 2483 Minoris
650 2418 783 2485 rationis
808 2418 1048 2486 definitionibus
1077 2442 1154 2487 mox
1179 2422 1312 2508 subjun-

151 2522 278 2611 gendis,
291 2521 471 2609 generalem
490 2520 651 2607 quandam
671 2527 703 2585 et
724 2517 890 2607 ὁλοσχερῆ
913 2523 969 2587 τοῦ
991 2519 1092 2603 λόγου
1113 2521 1226 2587 idaeam
1248 2522 1313 2591 dis-

150 2625 292 2693 eentium
306 2624 481 2690 insinuaret
495 2621 610 2688 animis
624 2644 681 2709 per
698 2620 956 2708 Metapbysicam
975 2621 1059 2688 hane
1076 2622 1310 2707 definitionem,

152 2726 411 2815 Metapbysicam
424 2725 505 2806 dico,
520 2746 579 2791 nec
599 2722 687 2790 enim
707 2722 834 2811 proprie
856 2722 1084 2791 Mathematica
1105 2736 1162 2807 est,
1178 2749 1250 2793 cum
1270 2729 1311 2794 ab

150 2836 191 2897 et
202 2830 288 2895 nibil
301 2829 472 2917 quicquam
485 2826 672 2914 dependeat,
684 2836 741 2893 aut
754 2826 929 2893 deducatur
942 2827 978 2893 in
991 2826 1236 2912 Mathematicis,
1251 2852 1311 2898 nec

153 2945 189 3001 ut
215 2932 367 3002 existimo
395 2931 509 2999 deduci
537 2930 648 3018 possit.
693 2929 882 3018 Cujusmodi
907 2954 1033 3020 quoque
1058 2934 1178 3001 censeri
1206 2945 1310 3023 potest

153 3037 285 3127 posthac
298 3035 416 3103 tradita
428 3034 581 3110 definitio,
592 3033 646 3101 vel
660 3032 830 3122 descriptio
841 3036 946 3121 potius
961 3036 1134 3125 analogiae3
1149 3038 1310 3129 Analogia

151 3152 200 3209 est
215 3141 376 3207 rationum
395 3138 584 3219 similitudo;
610 3160 682 3225 quae
700 3137 783 3205 nulli
803 3137 1030 3209 Mathematioo
1050 3142 1208 3211 deserviat
1225 3145 1307 3227 usui,

151 3270 209 3315 uec
223 3246 288 3313 alio
302 3243 413 3333 opinor
426 3242 491 3310 fine
504 3242 699 3331 proponitur,
714 3264 811 3329 quam
826 3252 862 3309 ut
876 3265 932 3330 per
953 3268 1023 3311 eum
1044 3246 1201 3333 generalis
1223 3268 1309 3333 quse-

149 3348 227 3415 dam
247 3346 403 3433 analogiae
424 3344 522 3425 notio,
543 3365 649 3409 crassa
669 3342 744 3411 licet
764 3353 797 3409 et
818 3344 958 3427 confusa,
981 3346 1148 3433 tyronibus
1169 3346 1307 3415 indatur.

148 3450 400 3519 Definitionibus
421 3460 527 3515 antem
550 3447 719 3535 exquisitis
735 3447 982 3530 Mathematicis,
1001 3473 1078 3516 mox
1097 3450 1139 3515 eb
1157 3450 1214 3515 illo
1232 3452 1308 3517 sub·

142 3553 278 3643 junctis,
293 3562 361 3619 tota
376 3551 535 3618 rationum
552 3550 703 3633 doctrina,
718 3559 785 3618 tota
802 3572 853 3617 res
871 3549 1099 3617 Mathematica
1116 3551 1289 3620 subnititur
1297 3578 1306 3635 ;

146 3658 190 3726 ad
219 3656 294 3722 illas
320 3654 419 3741 igitur
447 3653 649 3741 potissimum
677 3651 797 3719 attendi
827 3651 930 3735 debet,
961 3674 1017 3739 per
1047 3652 1119 3721 illas
1148 3652 1305 3721 rationum

146 3759 294 3829 doctrina
311 3758 479 3848 perfectius
498 3756 664 3837 clucescit3
686 3754 755 3822 haec
775 3765 809 3823 et
830 3756 1010 3823 consimiles
1033 3757 1152 3844 absque
1174 3757 1307 3823 notabili

147 3864 333 3933 Matbeseos
343 3860 531 3929 detrimento
546 3881 674 3948 prorsus
689 3858 795 3924 omitti
809 3869 956 3947 possent:
979 3858 1062 3925 sicut
1076 3858 1110 3924 in
1125 3858 1230 3926 Elem.
1240 3878 1304 3928 vn.

146 3970 270 4036 tactum
293 3966 451 4046 videmus,
472 3964 530 4033 ubi
551 3984 753 4030 numerorum
775 3962 924 4051 analogia
946 3962 1094 4031 definitur
1115 3971 1148 4031 et
1168 3972 1304 4052 pertrw

146 4081 244 4147 tatur,
258 4070 350 4138 nullt
369 4079 476 4136 tamen
497 4066 630 4134 rationis
651 4088 783 4133 numero
801 4066 1008 4155 competentis
1029 4066 1175 4137 exhibitu
1192 4066 1305 4135 defiui-

200 4395 298 4451 hrclid
315 4398 409 4451 meant
426 4395 488 4467 only
502 4399 533 4451 to
545 4395 608 4466 give
621 4412 640 4451 a
654 4398 834 4467 preparatory
850 4393 999 4463 definitior,

199 4482 301 4540 Which
317 4481 409 4552 might
424 4480 461 4539 be
477 4481 602 4538 omitted.
907 4504 910 4513 ,
