3167 5192
106 433 207 483 sacr.
224 418 303 503 vra]
454 436 641 487 arenosas
663 437 937 489 unsaramma.
1212 426 1275 492 105

105 598 209 684 gismi
229 598 451 667 Mathematici
470 612 576 690 partes
596 604 816 691 expendamus
839 606 1021 693 integrales,
1038 609 1099 675 hoc
1118 620 1167 675 est
1184 620 1221 676 ut
1235 610 1275 679 de

106 702 286 788 praemissis
300 713 334 768 et
346 703 602 771 conclusionibus
615 705 778 775 discursus
792 709 945 796 cujusque
960 707 1179 777 Mathematici
1193 736 1272 799 qua-

105 803 155 871 les
170 805 240 871 sint
254 815 288 871 et
302 808 501 895 quotuplices
517 808 695 897 dispiciam.

173 909 366 978 Praemissas
383 912 470 999 quod
488 913 603 981 attinet
620 914 725 981 omnis
742 914 903 983 discmsm
922 914 1096 998 scientifici,
1112 926 1187 983 sunt
1205 918 1271 986 illae

106 1011 161 1077 rel
175 1014 284 1101 prima
302 1014 470 1103 principia,
484 1015 536 1082 vel
558 1039 579 1081 a
598 1017 711 1104 primis
731 1018 1068 1107 principiiscontinud
1089 1020 1168 1087 serie
1189 1020 1272 1087 deri·

106 1124 192 1181 vatae
215 1117 455 1198 conclusiones;
476 1142 549 1206 qnae
566 1129 736 1207 postquam
754 1121 801 1187 ita
817 1121 961 1188 deductae
979 1133 1064 1203 sunt,
1085 1123 1162 1210 ipsse
1182 1125 1269 1211 prin-

105 1218 267 1305 cipiorum
290 1220 358 1285 vim
381 1220 510 1302 habent,
534 1224 717 1310 obeuntque
739 1224 836 1306 vices,
862 1236 1007 1313 respectu
1031 1225 1269 1293 conclusionum

106 1344 179 1407 quae
199 1324 247 1387 ab
264 1322 333 1389 illis
351 1324 475 1407 inferri,
488 1326 540 1393 vel
559 1326 686 1393 illarum
707 1350 766 1415 ope
784 1328 982 1417 comprobari
1000 1338 1142 1417 possunt.
1186 1328 1270 1397 Tora

104 1448 183 1491 vero
198 1425 253 1491 vis
267 1427 437 1513 cujuslibet
450 1428 607 1496 ratiocinii
622 1430 789 1518 apodictici
808 1430 937 1496 tandem
958 1430 1127 1497 resolvitur
1146 1432 1181 1497 in
1203 1455 1270 1497 cer·

105 1528 284 1595 titudinem
303 1540 337 1595 et
355 1530 547 1598 evidentiam
568 1533 742 1622 primorum
764 1533 1009 1623 principiorum
1032 1533 1083 1599 his
1098 1534 1268 1601 indivulsis

104 1632 271 1699 radicibus
285 1633 481 1716 adhaerescit,
495 1635 548 1701 bis
561 1637 756 1703 inconcussis
771 1637 946 1704 subnititur
967 1636 1181 1703 fundamentis
1200 1660 1269 1702 orn·

104 1734 156 1799 nis
166 1735 300 1817 veritas,
312 1737 417 1802 omnis
427 1736 570 1819 firmitas,
581 1738 686 1804 omnis
700 1739 862 1805 evidentia
875 1738 1103 1825 omniscunque
1118 1738 1267 1807 scientim.

104 1836 216 1916 Quare
238 1838 281 1905 de
301 1838 367 1905 illis
389 1860 520 1926 agemus
541 1840 716 1928 imprimis3
746 1840 855 1927 paucis
878 1838 1007 1927 quidem
1029 1840 1207 1927 generalius
1229 1842 1268 1908 de

104 1940 338 2029 principiorum
352 1948 475 2022 natura,
484 1954 553 2008 tum
567 1942 608 2009 de
621 1943 808 2009 differentiis
823 1945 941 2024 enum,
956 1944 1028 2029 (hoc
1043 1954 1090 2011 est
1102 1954 1179 2032 quot
1194 1957 1269 2013 sunt

104 2041 190 2108 inter
205 2066 242 2109 se
252 2043 359 2131 speeie
370 2043 518 2129 diversa)
531 2054 690 2133 postremo
705 2044 745 2110 dc
758 2044 893 2131 singulis
909 2046 1072 2134 speciebus
1088 2047 1268 2134 separatim.

170 2146 272 2226 Quod
285 2146 328 2213 ad
340 2147 496 2237 principia
505 2159 627 2237 spectat
640 2148 824 2230 universim,
836 2160 919 2216 recte
936 2172 1002 2215 non
1015 2173 1080 2215 uno
1094 2151 1163 2217 loco
1178 2160 1268 2217 notat

105 2250 309 2331 Aristoteles,
325 2251 411 2338 qnod
425 2252 508 2317 sicut
520 2252 555 2317 in
569 2262 660 2317 motu
673 2252 811 2318 naturali
825 2252 934 2318 nnllus
951 2275 993 2318 ex
1013 2253 1138 2319 infinito
1152 2253 1205 2321 vel
1225 2252 1267 2321 ad

104 2354 272 2421 infinitum
286 2378 449 2443 processus
460 2356 562 2437 datur,
575 2356 631 2423 sod
641 2358 683 2422 ab
694 2356 802 2443 aliquo
813 2356 948 2423 termino
956 2358 1064 2446 incipi,
1080 2358 1113 2423 in
1128 2358 1267 2444 aliquem

105 2457 254 2525 desinere
275 2469 407 2547 oportet,
430 2458 587 2546 siquidem
608 2460 770 2526 infinitum
791 2460 903 2547 nequit
924 2460 1106 2547 pertransiri
1131 2458 1180 2545 (ori
1201 2459 1267 2548 γάρ

106 2560 181 2627 ἐστι
201 2560 242 2627 τὸ
259 2558 575 2648 irremediabilem:
598 2562 654 2628 Ab
669 2561 795 2627 infinito
810 2584 1011 2650 progressum
1027 2570 1170 2629 sumente
1184 2585 1268 2628 uun·

105 2686 206 2751 quam
219 2664 421 2753 pervenietur
434 2664 508 2746 huc,
522 2687 582 2732 nec
595 2665 638 2731 ab
655 2664 717 2731 hoc
731 2664 773 2731 ad
790 2664 952 2729 infinitum
972 2663 1104 2730 tendens
1122 2686 1268 2752 progres-

105 2792 160 2835 sus
181 2788 328 2855 unquam
349 2768 494 2835 finietur:
521 2767 569 2835 ita
588 2769 623 2833 in
644 2767 761 2835 mentis
783 2768 964 2856 operatione
986 2767 1171 2848 discursive,
1194 2788 1267 2854 qnae

106 2882 214 2939 motus
229 2871 330 2936 instar
340 2880 389 2937 est
399 2871 547 2937 continrm
559 2870 747 2952 successiva,
759 2870 854 2937 debet
864 2869 981 2957 aliquis
992 2870 1147 2959 prastitni
1161 2869 1264 2951 limes,

106 3000 127 3043 a
139 2998 206 3065 quo
217 2976 380 3043 discursus
390 2974 545 3056 ordiatur3
557 2974 617 3041 hoc
631 2985 680 3041 est
689 2998 755 3041 non
769 2997 879 3042 omnes
890 2975 1118 3063 propositiones
1130 2974 1171 3040 ab
1183 2974 1264 3056 aliis,

107 3081 303 3150 indesinenti
317 3080 406 3160 serie,
421 3079 628 3167 comprobari,
643 3078 700 3145 sed
714 3078 862 3166 quaedam
880 3102 900 3143 a
917 3077 1151 3145 demonstrante
1170 3079 1263 3159 sumi,

108 3186 301 3272 concedique
314 3184 432 3251 debent
445 3184 487 3249 ab
501 3182 669 3264 audiente;
700 3182 842 3270 alioquin
860 3180 1113 3263 interminabilis,
1129 3192 1161 3249 et
1175 3182 1265 3249 irrita

108 3288 203 3355 fuerit
216 3289 322 3355 omnis
336 3310 409 3376 quse
425 3287 598 3376 suscipitur
614 3286 789 3374 inquisitio,
806 3286 1012 3368 confirmatio,
1027 3287 1080 3353 vel
1095 3286 1265 3353 declaratio

108 3394 263 3461 raritatis.
307 3392 408 3459 Pront
422 3392 507 3461 ades
521 3391 627 3458 extrui
641 3390 738 3457 nulle
757 3401 900 3480 possunt,
916 3392 962 3457 sic
983 3414 1042 3457 nec
1064 3390 1144 3477 erigi
1165 3389 1267 3456 scien-

109 3498 171 3580 tiae,
183 3522 249 3565 non
263 3497 451 3565 substructis
465 3496 656 3583 quibusdam
669 3495 896 3563 fundamentis.
945 3493 1071 3579 (Μηδὲν
1085 3493 1148 3581 ’γὰρ
1164 3493 1267 3559 τιθέν-

111 3628 160 3673 τες
184 3602 354 3690 ἀναιροῦσι
382 3599 420 3666 τὸ
445 3598 654 3683 διαλέγεσθαι
677 3599 734 3665 καὶ
758 3598 815 3666 τὸν
840 3597 923 3670 ὅλως
951 3597 1084 3680 bdqovl:
1115 3612 1157 3679 et,
1180 3596 1265 3683 Περὶ

111 3709 239 3771 πάππων
257 3704 414 3771 ἀδύνατον
433 3700 598 3785 ἀπόδειξιν
615 3699 718 3782 εἶναι’,
734 3702 827 3769 docet
841 3710 873 3768 et
888 3700 1006 3789 pluries
1021 3698 1159 3765 inculcat
1174 3698 1266 3764 Aris·

112 3809 241 3892 toteles.)
288 3806 457 3895 Ejusmodi
478 3828 555 3872 vero
578 3804 807 3894 propositiones
830 3804 902 3870 ideo
928 3802 1075 3869 dicuntur
1100 3801 1264 3891 principia,

114 3911 258 3997 quoniam
277 3911 320 3977 ab
336 3910 377 3975 iis
395 3908 508 3997 (gratis
526 3907 708 3994 assumptis,
723 3907 869 3995 ultroque
888 3904 1044 3973 concessis
1064 3928 1105 3971 ex
1126 3904 1265 3975 docentis

368 4082 379 4115 ¹
396 4082 456 4133 Met.
473 4094 512 4132 n.
525 4078 549 4132 6.
734 4076 737 4081 ’
833 4078 919 4131 ’Mea
933 4092 962 4129 11.
977 4094 1000 4129 a.

162 4358 211 4415 We
227 4360 282 4417 will
299 4376 361 4415 now
377 4358 462 4429 speak
478 4359 510 4413 of
525 4358 574 4414 the
588 4356 736 4429 premieres
752 4354 809 4411 and
826 4352 995 4409 conclusions
1013 4350 1044 4406 ol
1060 4350 1263 4410 matbematicrl

116 4444 290 4603 &iffa
308 4533 386 4588 risa
408 4530 565 4603 Principes.

153 4638 181 4686 a
197 4640 232 4688 rr.
1136 4608 1177 4674 14
