3167 5192
398 309 463 376 184
698 328 883 379 arenosas
905 328 1145 378 snosrsmuca.
1192 363 1197 374 .
1291 305 1396 394 [ruer.
1414 323 1455 372 υ.

396 492 626 581 planorumque
654 493 771 581 quibus
802 493 949 562 Solidum
977 494 1084 560 DVY.
1112 501 1245 574 constat,
1275 515 1294 558 e
1322 513 1455 558 numero

397 596 600 664 taxandam
619 608 808 685 punctorum
829 598 863 663 in
882 621 943 664 axe
966 598 1029 662 VK
1034 624 1042 678 3
1065 620 1124 663 nec
1147 597 1232 662 enim
1248 595 1355 684 plures
1370 595 1455 660 intra

397 699 550 766 terminos
571 700 634 764 VK
643 699 812 788 parallelae,
827 699 891 788 ipsi
913 700 976 765 VK
985 698 1268 786 perpendiculares,
1283 709 1385 778 rectae,
1401 697 1454 762 vel

397 801 491 889 plura
505 801 583 868 talia
597 802 748 890 parallela
761 803 859 889 plana
869 802 943 868 duci
958 813 1099 889 possunt,
1116 825 1212 889 quam
1227 802 1340 867 horum
1354 823 1455 888 punc·

398 911 502 971 torum
520 906 721 972 multitudini
740 906 965 993 aequinumera.
1011 905 1106 985 Quod
1127 904 1322 970 observando
1339 903 1455 970 duai-

397 1032 467 1078 men
489 1008 612 1092 (scdulo
633 1009 904 1097 perpendendum)
928 1031 1053 1074 omnem
1075 1006 1287 1074 devitabimns
1308 1029 1452 1086 errorem,

397 1120 431 1177 et
450 1135 617 1178 curvorum
631 1112 811 1199 dm'usmodi
823 1125 926 1178 rotatu
942 1113 1121 1199 penitorum
1142 1111 1384 1198 Superficierum
1394 1110 1455 1196 fa-

396 1213 525 1294 cillimo,
548 1239 629 1296 reor,
651 1217 790 1281 muniam
812 1239 886 1302 quos
907 1217 959 1281 rei
980 1227 1098 1282 natura
1123 1215 1341 1280 subministrat
1364 1214 1454 1280 modo

392 1316 619 1404 perquiremus.
663 1316 763 1382 Illum
782 1318 1045 1383 commonstrabo.

461 1417 525 1484 Pro
539 1420 724 1506 reperiendi
737 1444 769 1488 v.
779 1445 812 1507 g.
829 1421 1025 1488 dimensione
1042 1422 1153 1488 Curvae
1164 1421 1350 1509 Saperflciei
1360 1419 1454 1485 lineae

404 1521 463 1587 VD
484 1522 568 1588 circa
589 1545 683 1588 axem
706 1524 770 1590 VK
784 1524 991 1604 revolutione,
1014 1524 1208 1611 concipiatur
1235 1524 1307 1611 ipsa
1336 1525 1393 1588 VD
1418 1523 1453 1588 in

397 1623 552 1692 directum
574 1627 716 1708 extendi,
731 1628 778 1693 ita
791 1629 913 1694 scilicet
926 1637 963 1694 ut
978 1628 1007 1694 ei
1022 1640 1206 1715 exaequetur
1220 1637 1305 1693 recta
1327 1628 1385 1693 VD
1390 1652 1399 1706 ;
1421 1635 1454 1691 et

285 1781 292 1794 .
322 1780 328 1793 .
397 1728 439 1794 ad
452 1729 521 1818 ejus
536 1729 644 1796 omnia
657 1740 778 1819 puncta
790 1740 884 1798 rectae
901 1731 1119 1818 concipiantur
1134 1731 1287 1818 applicari
1309 1730 1372 1816 ipsi
1395 1731 1453 1796 VD

284 1897 292 1912 ,
307 1875 346 1913 12,
396 1832 680 1920 perpendiculares,
692 1842 725 1898 et
738 1834 925 1922 peripheriis
940 1835 1154 1915 circularibus,
1170 1835 1316 1921 equibus
1335 1833 1453 1922 Super-

396 1933 485 2000 ficies
500 1957 597 2000 curva
610 1937 775 2017 conflatur,
797 1938 906 2003 ordine
921 1959 1031 2026 pares3
1056 1938 1190 2024 singulae
1205 1937 1351 2024 singulis,
1374 1948 1453 2025 puta

396 2036 472 2102 AX
481 2037 545 2124 ipsi
558 2039 590 2103 A
600 2040 637 2120 Y,
652 2050 684 2106 et
701 2040 764 2106 ΟΧ
771 2041 834 2129 ipsi
852 2041 880 2107 0
885 2042 921 2122 Y,
942 2065 979 2107 ao
994 2042 1040 2106 ita
1053 2042 1211 2108 continuo.
1257 2041 1330 2106 Erit
1344 2065 1386 2108 cx
1400 2042 1452 2108 his

396 2140 561 2229 parallelis
588 2143 682 2210 rectis
707 2145 914 2210 constitutum
940 2143 1071 2232 planum
1099 2146 1195 2210 VDX
1215 2146 1337 2232 aequale
1362 2147 1452 2212 dictos

397 2268 501 2312 curere
513 2247 709 2334 superficiem
723 2247 882 2335 hujusque
891 2257 996 2336 partes
1005 2249 1093 2315 illius
1104 2249 1248 2338 partibus
1257 2251 1451 2337 respectivis.

399 2348 459 2418 Sin
473 2349 543 2414 loco
557 2352 815 2439 pmpderiorum
829 2351 1026 2440 applicentur
1038 2353 1177 2440 ipsarum
1188 2352 1356 2440 respectivi
1370 2354 1452 2420 radii

396 2453 468 2534 ΑΖ,
483 2455 550 2535 ΒΖ,
568 2453 630 2536 ΟΖ,
646 2465 679 2522 et
698 2455 829 2543 reliqui3
853 2457 989 2543 spatium
1005 2479 1048 2522 ex
1067 2457 1118 2522 his
1132 2458 1226 2523 rectis
1245 2458 1451 2524 constitutum

400 2559 484 2645 (quae
509 2579 587 2625 sane
612 2559 840 2648 proportionali
866 2583 938 2626 cum
965 2559 1072 2626 alteris
1098 2561 1177 2626 serie
1202 2561 1387 2649 procedunt)
1417 2584 1451 2627 se

397 2660 529 2728 habebit
550 2662 593 2727 ad
611 2669 738 2730 curvom
760 2663 969 2751 &perficam
988 2677 1023 2729 ut
1045 2663 1161 2731 sincerii
1180 2665 1317 2752 orp‘usuis
1338 2667 1452 2732 radim

395 2761 442 2827 ad
457 2764 523 2848 epira
546 2764 837 2851 circumferentiam.
883 2765 980 2832 Unde
1006 2766 1099 2854 siqua
1119 2765 1240 2832 ratione
1259 2766 1451 2854 deprehendi

396 2865 498 2951 possit
514 2867 645 2933 Summa
658 2869 824 2934 radiorum
834 2893 894 2957 per
911 2870 1017 2935 ornnia
1041 2871 1130 2936 lineae
1149 2871 1316 2957 peneto-icis
1329 2885 1451 2959 puncto

397 2971 622 3034 trameantium
647 2969 719 3055 (hoc
739 2980 789 3036 est
811 2971 838 3034 si
861 2973 960 3060 spatii
979 2973 1070 3038 VDZ
1085 2973 1304 3040 dimensionem
1317 2975 1452 3063 reperire

396 3066 577 3154 contigerit)
590 3091 629 3134 co
642 3070 751 3134 statim
765 3069 941 3137 innotescet
955 3095 1058 3137 corace
1075 3071 1260 3160 Superfieiei
1275 3073 1434 3141 dimensio.

461 3168 502 3234 In
516 3171 710 3258 exemplum,
726 3171 890 3238 facilitatis
904 3194 988 3259 ergo,
1005 3185 1198 3262 proponatur
1211 3177 1318 3242 eonion
1334 3177 1451 3266 Super·-

386 3273 479 3361 ficies
495 3274 606 3356 DVY,
631 3284 768 3342 crotatn
781 3287 945 3362 procreata
958 3287 1051 3343 rectas
1074 3279 1141 3358 VD,
1162 3278 1245 3343 circa
1264 3302 1359 3345 axem
1381 3281 1448 3347 VK.

393 3379 451 3444 Ad
464 3389 582 3444 rectam
599 3380 657 3445 VD
668 3379 867 3467 applicentur
880 3391 972 3447 reotae
983 3381 1054 3460 AZ,
1064 3382 1130 3462 BZ,
1147 3382 1207 3462 ΟΖ,
1218 3383 1285 3447 DZ
1292 3384 1333 3448 ad
1348 3384 1450 3472 ipsam

403 3467 461 3533 VD
479 3466 763 3554 perpendiculares,
787 3478 820 3532 et
842 3467 977 3555 aequales
1000 3467 1134 3553 singulae
1156 3469 1292 3554 singulis
1314 3470 1349 3535 in
1371 3494 1450 3537 cono

393 3570 583 3637 circulorum
598 3570 696 3637 radiis
710 3593 767 3658 per
784 3570 911 3637 easdam
931 3571 1040 3636 literas
1063 3570 1251 3657 designatis3
1274 3573 1330 3640 fiet
1344 3585 1450 3642 autem

394 3673 430 3739 in
449 3672 510 3738 hoc
524 3695 600 3738 casu
618 3673 763 3761 Spatium
779 3673 870 3738 VDZ
878 3672 1082 3758 triangulum,
1099 3674 1175 3759 quia
1188 3683 1281 3740 rectae
1295 3675 1366 3758 ΑΖ,
1382 3678 1449 3757 ΒΖ,

400 3776 460 3843 02
471 3775 635 3864 aqualiter
659 3797 728 3840 ase
747 3775 900 3840 distantes
925 3775 1089 3862 aqualiter
1107 3777 1295 3858 increscunt,
1312 3778 1346 3844 id
1365 3779 1450 3866 quod

394 3879 548 3966 trianguli
571 3877 739 3966 applicatis
764 3877 893 3944 omnino
913 3877 1075 3966 proprium
1098 3888 1156 3946 est.
1213 3879 1322 3966 Hujus
1344 3892 1448 3949 autem

393 3983 557 4070 trianguli,
572 4005 614 4048 ex
636 3981 720 4048 datis
741 3981 909 4047 altitudine
932 3983 990 4048 VD
1010 3993 1042 4048 et
1059 3983 1135 4050 base
1153 3985 1223 4064 DZ,
1243 3985 1398 4052 dimensio
1415 3987 1450 4052 in

393 4098 543 4175 promptu
557 4096 615 4153 est.
660 4085 754 4165 Quod
773 4085 802 4150 si
820 4071 877 4152 fiat
891 4098 926 4150 nt
940 4086 1056 4152 circuli
1075 4089 1209 4154 radias:
1232 4089 1278 4154 ad
1290 4089 1449 4178 cti-cumfa-

392 4193 527 4256 rentiom
547 4191 658 4278 ἐφείω,
678 4191 727 4255 ita
744 4189 939 4276 trionpulnm
960 4191 1051 4256 VDZ
1067 4192 1112 4256 ad
1131 4205 1286 4278 quartum,
1309 4193 1369 4260 erit
1390 4194 1450 4261 hoc

390 4301 542 4379 quartum
556 4293 678 4378 aequale
705 4293 892 4380 Superfloiei
911 4293 1022 4359 conica
1040 4297 1216 4382 propositus.

457 4392 580 4464 Eodem
599 4397 694 4483 plane
714 4398 809 4466 modo
823 4419 976 4485 perquam
991 4397 1084 4464 facile
1101 4399 1248 4488 Spdoercr,
1273 4401 1450 4490 Spkoerica·
