3167 5192
102 362 190 411 anor.
207 344 288 430 xra]
435 362 622 413 nnmtouus
645 360 921 411 naissitanos.
1191 342 1255 410 185

161 544 310 632 Denique
326 543 457 625 Quarto,
469 543 556 631 quod
569 543 729 632 expediat,
746 544 858 610 saltem
874 544 977 625 liceat,
991 544 1121 631 majoris
1135 546 1257 633 perspi-

99 648 219 715 cuitatis
234 658 334 737 atque
348 649 524 715 securitatis
538 652 644 729 cause,
660 658 697 713 ut
710 648 904 735 reliquorum
919 658 1108 735 quantorum
1122 649 1252 737 equali-

99 764 173 819 tates
187 752 322 819 seorsim
338 752 538 819 definiantur.

158 857 283 938 Quibus
299 855 482 922 distinctius
496 854 661 942 expositis,
677 864 709 920 et
724 853 914 923 sufficienter
927 854 1014 943 apud
1028 878 1135 943 aequos
1148 879 1252 923 rerum

100 961 225 1026 arbitros
240 958 436 1047 approbatis,
453 958 531 1023 satia
546 957 657 1045 opinor
670 957 790 1023 factum
805 958 865 1023 erit
879 957 985 1023 allatae
1000 959 1180 1044 objectioni.

157 1062 250 1143 Quod
269 1063 413 1152 primum
428 1072 583 1150 punctum
602 1062 726 1142 attinet,
744 1062 779 1127 in
798 1084 836 1127 eo
855 1062 945 1127 nulla
963 1072 1107 1127 versatur
1125 1071 1250 1128 coutro-

100 1167 211 1248 versia;
236 1189 315 1233 narn
338 1166 423 1233 solas
444 1165 680 1251 magnitudines
698 1164 912 1251 congruentiae
929 1166 1103 1252 pracsertim
1120 1188 1252 1254 capaces
1316 1186 1319 1191 ·

100 1292 160 1336 asse
177 1292 242 1336 nou
263 1268 440 1335 diffitentur
460 1268 643 1346 adversarii,
666 1267 744 1353 quin
765 1267 944 1333 obtendunt
964 1268 1081 1355 potius,
1104 1278 1137 1333 et
1158 1268 1193 1333 iu
1213 1290 1251 1335 eo

101 1372 245 1439 collocant
267 1372 338 1437 vim
361 1370 540 1457 argumenti
558 1370 626 1451 sui;
650 1370 790 1458 satisque
808 1368 911 1458 liquet
926 1394 969 1437 ex
986 1392 1031 1451 se,
1051 1394 1125 1437 cum
1143 1369 1249 1437 locum

101 1476 231 1563 implere,
252 1475 397 1563 spatium
419 1494 580 1561 occupare,
603 1473 785 1559 contingere
804 1496 837 1540 se
856 1484 978 1555 mutuo,
998 1474 1127 1540 sibimet
1147 1474 1251 1562 appli-

102 1580 166 1661 cari,
181 1602 214 1646 se
228 1577 466 1667 quodammodo
482 1586 652 1666 penetrare,
668 1575 945 1663 magnitudinibus
964 1577 1127 1665 proprium
1146 1588 1179 1644 et
1195 1600 1252 1665 pe·

102 1682 208 1747 ouliare
227 1683 271 1749 sit
290 1682 492 1748 attributum.
536 1679 625 1767 Ergo
644 1680 720 1746 solis
742 1680 809 1747 illis
830 1680 900 1748 haec
921 1680 1074 1761 definitio,
1093 1681 1252 1768 siquidem

103 1782 243 1865 definitio,
259 1784 389 1873 proprie
404 1784 554 1871 competit
569 1794 601 1849 et
615 1783 759 1870 quadrat.

158 1886 277 1955 Verum
297 1885 449 1966 secundo,
464 1909 530 1952 uon
548 1886 657 1973 inique
674 1886 746 1952 dico
763 1887 1022 1973 magnitudinum
1037 1886 1252 1975 aequalitatem

104 2012 151 2076 per
164 2014 195 2057 se
208 1992 311 2057 solam
327 1990 453 2078 proprie
469 1988 603 2055 definiri.
648 1987 733 2055 Nam
748 2012 822 2055 cum
836 1990 903 2055 illis
917 1990 1066 2079 primario
1081 2001 1114 2057 et
1127 1990 1252 2078 proprie

105 2095 281 2161 conveniant
301 2093 474 2182 quantitas,
495 2102 528 2158 et
546 2092 756 2179 quantitatem
776 2104 1004 2180 consequentes
1022 2092 1076 2159 vel
1095 2092 1253 2159 concomi-

106 2206 196 2264 tantea
214 2198 400 2265 affectiones
420 2196 586 2280 (extensio,
605 2194 794 2276 terminatio,
809 2195 1006 2284 compositio,
1023 2196 1148 2276 divisio,
1162 2218 1253 2262 men·
1353 2212 1361 2223 ·

106 2300 219 2382 curatio,
234 2300 443 2389 reliquaque)
461 2296 574 2386 quidni
588 2297 738 2386 primario
758 2298 927 2391 conveniat
945 2299 1012 2365 illis
1031 2299 1206 2386 aequalitaa,
1221 2310 1254 2367 et

107 2402 223 2485 proinde
251 2426 294 2469 ex
325 2411 472 2489 respectu
496 2400 538 2466 ad
563 2400 650 2487 ipsas
677 2399 805 2489 proprie
830 2401 1023 2467 definiatur?
1065 2402 1167 2467 Docet
1194 2424 1253 2467 nos

109 2500 325 2592 Philosophns¹
341 2505 466 2592 generis
481 2502 695 2571 definitionem
711 2504 879 2592 praecipuae
893 2504 1010 2592 speciei
1028 2507 1093 2570 τῶν
1108 2502 1190 2590 πρὸς
1210 2503 1253 2584 ἔν,

109 2606 230 2690 primum
245 2621 278 2676 et
291 2607 420 2698 proprie
434 2607 611 2687 convenire,
623 2605 755 2694 reliquis
771 2605 966 2686 secundario,
982 2615 1209 2693 consequenter
1221 2614 1255 2672 et

109 2728 156 2793 per
168 2712 428 2791 similitudinem
451 2708 497 2775 Τὸ
514 2710 550 2777 τί
566 2710 656 2776 ἐστιν
672 2707 815 2798 ὑπάρχει
829 2713 942 2789 πᾶσιν,
959 2706 1036 2774 ἀλλ’
1052 2706 1115 2798 οὐχ
1129 2706 1253 2791 ὁμοίως,

111 2806 189 2877 bat
201 2816 245 2902 τῷ
257 2814 321 2897 μὲν
335 2810 480 2901 πρώτως,
497 2810 585 2900 τῷδ’
606 2812 778 2895 ἑπομένως·
804 2812 912 2899 (Ratio
929 2816 980 2880 rei
996 2814 1135 2879 convenit
1153 2814 1253 2879 ornai-

112 2912 165 2993 baa,
179 2929 208 2980 at
225 2941 287 2984 nou
308 2916 597 3004 contemperatam
614 2917 686 2981 baie
698 2917 816 3004 primo,
836 2917 904 2982 illa
921 2917 1138 3001 comacatioar)
1160 2915 1215 2982 καὶ
1235 2914 1253 2981 ὁ

113 3012 212 3091 ἅπλῶς
227 3017 364 3108 ὁρισμὸς
382 3022 446 3085 τῶν
464 3018 578 3086 ἄλλων
593 3017 707 3102 ὁμοίως
721 3018 803 3099 ἐστὶ,
819 3018 909 3101 πλὴν
923 3018 960 3085 οὗ
978 3016 1123 3106 πρώτως.
1170 3018 1255 3087 Sim-

113 3118 220 3204 pliciter
243 3132 376 3210 aocepta
402 3123 545 3189 definitio
568 3125 615 3211 τῷ
638 3121 758 3211 πρώτῳ
780 3122 914 3212 δεκτικῷ
936 3125 1062 3213 proprie
1086 3124 1254 3205 couvenit3

115 3242 176 3307 ergo
198 3235 342 3315 respectu
368 3225 436 3313 ejus
466 3224 608 3292 definitio
637 3226 731 3292 condi
758 3226 861 3293 debet.
906 3226 1026 3293 Annon
1056 3237 1162 3295 autem
1191 3228 1256 3293 alia

115 3337 216 3408 quanta
233 3328 358 3417 quaevis
379 3352 420 3395 ex
443 3339 587 3416 respectu
609 3328 650 3393 ad
671 3329 908 3417 magnitudines
929 3340 1020 3396 tanta
1040 3342 1160 3417 quanta
1181 3341 1257 3396 aunt

116 3426 216 3495 nedum
229 3432 428 3499 estimantur
442 3440 473 3497 et
488 3430 725 3516 dignoscuntur,
742 3430 909 3497 sedetiam
928 3430 1075 3497 dicuntur
1092 3442 1187 3519 atque
1201 3431 1257 3497 de·

117 3531 326 3600 nominantur?
369 3532 446 3620 Ipsa
458 3532 615 3600 vocabula
630 3532 758 3620 majoris
773 3542 807 3597 et
822 3532 963 3607 minoris,
978 3531 1077 3598 totius
1096 3542 1129 3598 et
1145 3532 1254 3620 partis,

118 3626 186 3697 finiti
204 3645 234 3701 et
255 3634 386 3716 infiniti,
407 3635 558 3717 continui,
581 3635 717 3716 discreti,
740 3635 875 3715 extensi,
898 3634 1060 3716 contracti,
1080 3636 1255 3721 symmetri,

120 3740 294 3821 asymmetri,
318 3739 502 3827 reliquaque
525 3737 612 3819 talia,
637 3762 709 3826 quae
729 3739 825 3805 toties
843 3738 916 3803 aliis
935 3738 1134 3804 ascribuntur
1155 3760 1256 3825 quau·

121 3834 162 3913 tis,
187 3864 258 3908 num
293 3842 421 3908 aliunde
450 3864 545 3928 quam
577 3866 596 3907 a
624 3841 901 3928 magnitudinibus
931 3841 1085 3928 originem
1115 3842 1255 3923 trahunt,
1280 3887 1285 3893 -

589 3997 598 4028 ¹
616 3996 673 4045 Met.
686 4008 735 4045 vir.
749 4016 771 4055 4·

509 4163 542 4171 .—

166 4268 206 4345 (t)
238 4276 326 4331 Other
336 4274 418 4329 kinds
430 4274 461 4328 of
469 4273 596 4343 quantity
607 4289 655 4328 are
666 4272 759 4329 better
771 4272 883 4328 defined
894 4275 1054 4344 separataly.

167 4353 207 4425 (t)
239 4358 416 4431 ltxpounded.
452 4357 632 4413 Ootnctdence
643 4357 985 4428 belongatcmagnitudea
996 4360 1066 4430 only.

167 4438 207 4511 (t)
239 4443 415 4515 Erpcunded.
451 4443 541 4498 Other
552 4443 704 4515 thingsaro
716 4443 909 4515 measuredby
921 4444 1103 4514 magnitudea

163 4542 232 4593 aa.
1129 4532 1172 4596 24
1255 4590 1258 4594 ,
