3167 5192
93 398 186 451 tuor.
203 386 281 473 xm]
440 401 626 455 mcnours
647 402 921 454 muueumosu
1184 388 1248 455 319

91 572 193 656 major
208 582 260 641 est
276 574 341 642 tau
360 575 558 661 majoritater
581 576 627 641 ita
647 596 699 642 res
719 574 874 642 absolutas
895 574 1102 642 relationibus
1122 577 1249 643 inarmrt

90 695 129 739 ac
140 674 328 759 innitentur,
343 678 511 746 relationes
525 680 736 746 attribuentur
748 678 974 761 relationibus3
990 690 1141 747 concreta
1155 702 1248 747 voces

91 774 131 843 de
143 781 333 868 paronymis
346 781 423 863 suis,
437 790 471 850 ct
487 781 630 871 ejusdem
648 782 778 850 familia
798 784 930 851 vocibus
950 783 1116 851 abstractis
1135 783 1250 872 pradi-

91 880 256 951 cabuntur.

153 982 260 1053 Porro
280 990 346 1075 qua
365 992 461 1057 must
477 1009 604 1076 quoque
620 987 703 1077 jure,
722 988 862 1057 rationes
880 990 963 1057 inter
985 1012 1020 1057 sa
1041 991 1250 1079 comparando

91 1086 151 1152 sibi
164 1088 356 1175 pronunciet
369 1090 486 1179 aliquis
499 1091 636 1180 aquales
649 1093 775 1181 proprie
795 1094 848 1161 rel
865 1094 1049 1182 inaequslos,
1065 1102 1098 1159 et
1116 1093 1198 1160 inter
1216 1116 1252 1163 se

92 1189 249 1259 rationem
273 1192 424 1275 obtinere,
447 1195 549 1282 possit
572 1194 684 1262 eddam
709 1202 805 1264 causa
827 1219 980 1285 aequoque
1005 1196 1087 1284 jura,
1114 1198 1252 1265 rationes

93 1292 225 1361 istarum
248 1296 408 1363 rationum
433 1296 618 1365 conferendo
642 1299 857 1385 equalitatem
883 1299 924 1365 iis
947 1309 979 1367 et
1004 1299 1252 1387 inaequalitatem

93 1398 234 1486 novique
247 1400 372 1486 generis
385 1399 465 1468 adeo
480 1401 635 1470 rationem
649 1402 830 1489 assignare3
853 1402 932 1490 quin
946 1411 979 1469 et
993 1402 1106 1468 harum
1120 1401 1252 1469 ulterius

93 1502 254 1569 rationum
284 1502 364 1569 alias
391 1503 530 1571 rationes
557 1514 705 1585 statuere,
730 1527 769 1571 ac
790 1504 837 1571 ita
860 1528 1023 1593 nunquam
1049 1504 1187 1572 desituro
1211 1504 1253 1571 sd

94 1605 257 1673 infinitum
285 1630 463 1697 progressu.
508 1608 546 1677 Si
573 1608 655 1677 ratio
683 1608 872 1696 quantitatis
902 1632 1004 1695 genus
1034 1609 1086 1690 sit,
1116 1631 1136 1674 a
1164 1632 1254 1695 mag-

95 1710 278 1779 nitudinum
293 1720 543 1799 comparatamm
557 1711 734 1799 quantitate
748 1712 945 1791 distinctum,
961 1722 994 1778 et
1010 1711 1165 1778 rationem
1184 1712 1255 1797 ipsa

96 1816 234 1896 mutitur,
250 1816 320 1882 haec
338 1839 423 1883 noua
441 1816 523 1882 ratio
540 1816 610 1903 pari
624 1816 698 1904 jure
717 1838 837 1882 novum
855 1816 1043 1903 quantitatis
1063 1838 1164 1903 genus
1183 1816 1253 1897 erit,

97 1926 127 1985 et
138 1918 276 1985 rationis
289 1917 387 2005 hujus
400 1919 481 1987 ratio
494 1941 596 2006 genus
610 1919 743 1986 alterum
757 1918 943 1986 distinmum
957 1919 1138 2001 constituet,
1159 1929 1191 1987 et
1208 1920 1255 1988 sio

99 2019 225 2089 infinita
248 2021 464 2109 quantitatum
488 2043 605 2109 genera
622 2020 826 2102 lucrabimur,
853 2021 1006 2089 haetenus
1027 2022 1148 2089 nemini
1176 2032 1255 2111 puto

100 2123 146 2189 rel
159 2124 196 2191 in
213 2123 335 2191 somnis
345 2123 493 2210 cogitata,
503 2122 686 2209 neminique
698 2145 774 2190 sano
785 2122 964 2210 cogitanda.
1004 2124 1125 2191 Verum
1145 2125 1256 2192 merito

100 2226 223 2295 ridetur
246 2235 280 2295 et
304 2227 463 2315 respuitur
486 2251 506 2294 a
524 2225 731 2316 Philosophia
752 2226 936 2316 hujusmodi
954 2227 1091 2295 nimium
1114 2227 1256 2295 liberalis

102 2338 130 2395 et
156 2330 265 2397 facilis
291 2329 413 2398 entium
441 2328 677 2418 multiplicatio,
706 2329 839 2397 minime
867 2332 1044 2397 neccssaria
1071 2331 1256 2419 neutiquam

102 2433 407 2522 comprehensibilis.

166 2537 272 2618 Addo,
286 2537 374 2625 quod
387 2537 478 2604 nulls
494 2536 627 2605 rationis
647 2535 790 2625 cujusvis
809 2536 971 2625 quantitas
990 2536 1174 2603 immediate
1192 2537 1258 2604 dis·

104 2640 197 2721 cerui,
213 2640 266 2709 vel
283 2663 341 2728 par
357 2663 393 2708 so
408 2650 513 2729 potest
532 2640 701 2722 aestimari3
724 2662 791 2707 non
811 2662 939 2709 sonsum
961 2638 1102 2721 incurrit,
1117 2661 1182 2706 non
1203 2663 1259 2728 par

105 2744 233 2811 effectus
252 2766 287 2811 se
306 2743 422 2832 prodit,
436 2766 502 2809 non
521 2743 590 2811 ulla
610 2747 696 2809 certa
716 2742 838 2811 ratione
860 2742 1021 2830 colligitur
1042 2752 1097 2809 aut
1118 2764 1260 2831 compro·

105 2845 214 2928 bstur;
245 2855 283 2913 ut
303 2846 438 2933 posthac
459 2845 623 2914 ostendere
643 2844 839 2913 conabimur.
884 2844 999 2933 Itaque
1020 2845 1120 2933 gratis
1142 2868 1259 2935 suppo·
1382 2876 1383 2881 ¹

107 2947 188 3017 nitur
200 2960 236 3016 et
249 2948 431 3029 affirmatur,
446 2948 619 3036 mdemque
632 2946 784 3015 facilitate
796 2946 886 3035 rejici
899 2956 1004 3035 potest
1017 2970 1055 3015 ac
1068 2948 1230 3036 abnegari.

167 3052 234 3123 Sed
247 3062 356 3121 contra
368 3052 507 3140 primum
520 3060 664 3119 nostrum
678 3051 855 3121 discursum
875 3052 972 3139 objici
989 3075 1082 3141 posse
1100 3053 1193 3121 video
1214 3054 1260 3121 sic

108 3153 252 3221 metando
268 3154 561 3242 percontandoquer
590 3153 703 3221 relatio
719 3152 820 3241 patris
834 3154 875 3223 ad
891 3153 1004 3237 filium,
1021 3178 1127 3223 aunon
1145 3155 1261 3223 similis

110 3255 168 3323 dici
181 3257 272 3339 solet,
287 3268 320 3325 et
341 3280 414 3329 vere
434 3258 562 3339 dicitur,
582 3257 730 3327 relationi
750 3256 903 3347 principis
919 3258 960 3325 sd
979 3260 1154 3342 subditum,
1171 3259 1261 3327 ducis

111 3359 149 3427 sd
165 3362 312 3444 militem,
333 3362 469 3451 pastoris
489 3360 531 3427 sd
551 3361 706 3449 gregem?
748 3360 800 3429 Ao
823 3361 868 3428 ita
892 3361 1039 3430 relationi
1056 3363 1177 3445 relatio,
1203 3385 1262 3452 pa-

111 3466 245 3535 ternitati
259 3465 437 3535 similitudo
451 3464 602 3534 tribuitur
616 3487 654 3531 ac
667 3464 761 3533 inest.

171 3570 305 3659 Repono
317 3568 456 3637 breviter
468 3568 580 3657 primo,
595 3568 708 3635 saltam
726 3565 884 3671 ejusmodi
903 3556 1069 3635 relationes
1090 3568 1263 3657 paternitas

114 3680 143 3739 et
158 3672 331 3741 similitudo
351 3683 426 3741 sunt
443 3670 614 3739 admodum
633 3670 766 3739 diversa
785 3679 916 3751 naturae,
932 3692 1036 3758 noque
1054 3692 1127 3737 oum
1148 3671 1264 3739 dicitur

114 3778 278 3862 paternitas
296 3785 345 3843 eat
364 3774 488 3857 similis,
504 3774 714 3841 committitur
731 3773 889 3861 ejusmodi
908 3775 1028 3841 absona
1045 3774 1263 3863 reduplicatio,

115 3880 335 3967 nominumque
353 3886 567 3945 concretorum
586 3896 659 3943 cum
679 3876 845 3945 abstractis
864 3875 1015 3958 contrusio,
1036 3876 1140 3965 qualis
1159 3876 1264 3945 incur·

115 3980 187 4050 ritur
199 3981 342 4064 dicendo,
354 3977 530 4053 similitudo
544 3988 593 4047 est
606 3978 732 4061 similis,
743 3978 797 4047 vol
811 3978 1010 4068 inaqualios
1024 3992 1072 4049 est
1086 3980 1262 4070 inaqualis.

163 4250 192 4306 lt
199 4267 238 4318 so,
248 4266 292 4305 wa
302 4248 402 4305 should
412 4248 483 4305 hara
493 4249 625 4306 relations
636 4249 667 4305 oi
674 4249 806 4306 relations
818 4250 849 4305 ot
857 4247 995 4317 relations,
1007 4250 1037 4303 to
1048 4247 1164 4318 intinity.

121 4417 127 4429 ι
163 4334 316 4404 Objectiou
351 4333 410 4390 'l'hs
426 4333 543 4390 relation
561 4334 593 4390 ot
606 4334 700 4391 father
714 4336 745 4390 to
764 4348 814 4389 son
830 4332 925 4389 utilas
938 4331 1001 4389 that
1012 4331 1044 4389 oi
1054 4334 1188 4404 prinoeto
1201 4331 1264 4391 sub

116 4422 230 4561 samm
243 4512 267 4565 l.
302 4504 419 4576 'though
430 4521 448 4563 a
458 4505 576 4562 relation
587 4505 612 4561 is
624 4504 687 4573 like,
698 4504 723 4561 it
733 4504 759 4561 is
769 4506 820 4561 not
832 4504 945 4563 νεωστὶ
