3167 5192
97 380 189 431 ruer.
205 363 259 448 n]
436 377 624 429 humores
645 374 920 427 mansuarios.
1195 359 1258 429 157

97 547 215 613 scilicet
227 566 396 634 corporum
410 544 682 612 circumstantium
695 544 905 634 propensione
919 544 962 611 ad
981 550 1114 626 motum,
1135 543 1188 611 vel
1207 544 1258 611 in·

96 650 196 717 hibito
208 670 383 737 parumper
397 649 511 714 effectu
528 650 597 736 (per
610 648 803 735 superiorem
817 648 1017 737 potentiam),
1033 670 1076 714 ex
1094 669 1132 715 eo
1147 670 1260 715 secun·

98 754 172 819 dum
190 751 391 819 adversarios
409 751 601 827 immediate,
615 751 708 817 nulla
727 752 792 817 stis
810 751 845 817 vi
859 750 1015 832 adhibita,
1030 750 1121 817 nulla
1135 750 1259 817 actione

98 855 335 935 interveniente,
357 853 524 921 resultabit
544 877 710 942 corporum
728 856 774 936 A,
794 857 829 921 B
851 853 1041 942 contiguitas
1063 855 1256 935 arctissima3

99 957 353 1047 Symplegadnm
374 957 476 1024 instar
496 966 609 1046 sponte
630 964 690 1023 sut
710 956 908 1037 collidentur,
926 965 959 1025 et
980 956 1130 1025 continuo
1150 956 1259 1023 nullus

99 1064 199 1129 hiatus
211 1062 432 1149 relinquetur3
454 1060 594 1148 adeoque
608 1060 831 1127 difficillimum
845 1058 968 1141 evadet,
981 1070 1019 1127 ut
1033 1082 1145 1148 corpus
1163 1059 1260 1127 oim-

100 1176 171 1253 petn
183 1186 341 1231 converso
355 1186 390 1230 se
404 1163 439 1227 in
452 1163 589 1250 priorem
603 1162 708 1228 locum
722 1163 878 1243 restituat,
894 1160 948 1229 vel
966 1162 1150 1251 corporibus
1168 1162 1212 1243 A,
1227 1163 1261 1228 Β

102 1290 204 1335 mrsus
228 1266 416 1347 intercedat,
437 1267 501 1331 nisi
523 1288 654 1353 corpora
673 1266 737 1331 ista
756 1264 866 1331 valide
886 1265 1004 1333 virtute
1026 1265 1259 1354 disjungantur.

101 1372 144 1439 At
155 1373 213 1439 rix
227 1371 371 1458 intelligi
386 1380 498 1458 potest,
512 1393 570 1436 cur
582 1378 745 1457 tantopere
759 1369 809 1435 vis
823 1369 924 1457 major
938 1369 1115 1458 requiratur
1129 1369 1171 1435 ad
1190 1380 1262 1436 tan·

102 1477 202 1543 tillum
217 1476 432 1545 semovendas
445 1498 496 1542 res
517 1476 581 1542 sibi
602 1474 779 1562 contiguas,
794 1498 890 1563 quam
912 1475 954 1541 ad
975 1475 1175 1564 quantalibet
1196 1476 1261 1542 dis-

102 1581 199 1647 untia
212 1590 378 1668 separatas
399 1578 528 1645 sibimet
548 1577 783 1659 admovendas;
806 1578 1010 1665 quamobrem
1032 1588 1099 1645 tam
1120 1578 1262 1646 ultronee

103 1692 217 1763 meant,
234 1692 306 1747 tam
328 1680 517 1746 dirimantur
538 1680 658 1746 invite:
679 1678 761 1767 quid
781 1678 816 1745 in
838 1686 934 1745 causa
956 1680 998 1746 sit
1019 1680 1104 1768 quod
1125 1680 1262 1768 priorem

105 1796 216 1851 statum
229 1784 324 1851 nullo
338 1784 476 1871 negotio,
490 1782 580 1849 nullo
594 1806 668 1849 cum
682 1793 772 1849 motu
789 1782 973 1870 deperdant,
993 1783 1028 1849 in
1047 1782 1184 1849 eundem
1204 1782 1262 1849 vix

105 1889 173 1955 nisu
193 1890 398 1969 vehemente,
422 1898 512 1953 motu
534 1886 636 1954 multo
660 1894 871 1975 reponantur;
902 1910 974 1953 cum
997 1886 1079 1953 sicut
1100 1910 1120 1952 a
1141 1885 1262 1953 Thebis

107 1992 254 2074 Athenas,
269 2004 307 2059 et
321 1993 363 2058 ab
376 1990 515 2057 Athenis
529 2002 612 2057 retro
632 1988 761 2057 Thebas
782 1990 893 2057 eadem
915 1990 957 2057 sit
978 1991 1041 2073 via,
1057 1991 1103 2057 sic
1124 1990 1166 2057 ad
1187 2012 1263 2058 con·

104 2095 262 2182 jungenda
276 2118 353 2183 quae
366 2094 496 2174 dsunt,
512 2104 545 2160 et
559 2092 715 2180 reciproce
729 2092 941 2180 disjungenda
956 2115 1028 2180 quae
1044 2092 1195 2175 assident,
1211 2092 1262 2161 vis

109 2198 220 2280 eadem,
234 2222 295 2287 par
309 2208 427 2279 motus,
442 2197 584 2284 ejusdem
600 2196 696 2284 spatii
715 2196 915 2284 pertransitio
935 2197 1089 2285 postulari
1107 2197 1262 2264 videatur.

110 2300 252 2381 Quinimo
265 2288 500 2369 subobscurum
513 2312 563 2367 est
577 2300 657 2367 illud
668 2300 874 2388 quamobrem
885 2301 983 2389 juxta
992 2301 1180 2367 contrariam
1191 2323 1263 2369 sen·

111 2405 236 2471 muham
257 2404 373 2473 eodem
394 2404 536 2485 instanti,
557 2426 622 2491 quo
643 2426 756 2491 corpus
777 2404 918 2471 medium
939 2403 1085 2485 elabitur,
1102 2427 1168 2470 non
1189 2426 1264 2471 con·

110 2506 207 2575 testim
221 2511 386 2595 attingant
399 2531 435 2575 se
448 2508 536 2595 ripae,
551 2518 584 2575 et
602 2529 668 2572 non
685 2529 876 2573 successurae
895 2507 1034 2573 materiae
1053 2507 1264 2595 precludatur

110 2611 334 2700 intergressus;
364 2635 438 2679 cum
459 2611 518 2677 vix
539 2610 663 2677 infinite
684 2609 791 2690 velox,
814 2609 930 2677 nedum
952 2610 1061 2677 tardus
1086 2610 1207 2699 (quales
1229 2611 1264 2678 in

112 2722 218 2782 natura
229 2714 372 2805 plusculi
386 2713 513 2797 dantur)
529 2724 563 2780 et
576 2713 773 2780 testudineus
787 2713 929 2779 sufficere
948 2713 1092 2781 videatur
1111 2724 1215 2783 motus
1235 2717 1265 2784 ei

114 2822 287 2907 congressui
309 2816 542 2908 praeveniendo,
560 2825 672 2904 utpote
693 2839 767 2882 cum
787 2816 841 2883 hic
861 2816 983 2883 nnllam
1004 2818 1159 2889 actionem
1181 2819 1265 2887 desi·

113 2923 202 3002 derat,
220 2934 252 2989 et
270 2946 331 3011 per
347 2943 467 2987 meram
485 2919 714 2985 instantissime
732 2919 951 2987 resultantium
970 2932 1121 3009 emergat.
1166 2922 1261 3004 Quod

115 3026 282 3101 aifacilius,
298 3035 355 3091 aut
368 3023 462 3091 citius
476 3022 650 3089 coaluerint
666 3044 797 3110 corpora
816 3022 1027 3105 terminantia,
1049 3048 1146 3113 quam
1166 3026 1264 3093 inter·

116 3129 258 3196 canentis
271 3126 416 3195 materie
429 3148 503 3214 pars
517 3126 669 3212 ingruens
682 3124 910 3213 praecedentem
929 3139 1122 3215 assequatur,
1138 3128 1264 3197 obstru-

117 3243 179 3301 atur
191 3243 315 3322 oportet
327 3230 432 3299 omnis
445 3230 563 3310 fluxus,
578 3238 610 3297 et
623 3240 728 3295 motus
742 3229 872 3296 sistatur
891 3252 928 3296 ac
947 3232 1115 3313 auferatur,
1130 3232 1165 3297 id
1179 3234 1264 3321 quod

116 3358 198 3403 nemo
210 3335 315 3403 nescit
327 3357 425 3422 quam
439 3342 597 3422 perpetua
616 3330 774 3398 discordet
794 3332 1007 3421 experientiae
1050 3335 1170 3401 Annon
1185 3336 1263 3402 sim·

118 3438 223 3526 plicius
241 3452 276 3507 et
295 3438 412 3505 clarius
432 3434 643 3523 expediantur
664 3434 735 3501 haec
754 3435 898 3516 dicendo,
918 3446 1084 3523 propterea
1102 3460 1159 3525 per
1177 3438 1266 3526 edja-

121 3542 249 3609 ceutium
263 3562 430 3628 corporum
444 3536 667 3605 commissuras
686 3536 746 3605 iter
763 3538 925 3625 penumpi
946 3537 1114 3615 difficilius,
1130 3561 1168 3605 eo
1183 3541 1268 3628 quod

122 3642 202 3711 deest
213 3642 428 3724 intervallum,
442 3664 506 3730 quo
521 3663 634 3728 corpus
647 3640 786 3708 influens
800 3641 988 3729 recipiatur;
1011 3641 1068 3707 sed
1088 3642 1170 3709 inter
1187 3664 1268 3709 non·

123 3746 196 3812 nihil
213 3747 342 3813 dissitos
361 3766 526 3832 corporum
545 3743 697 3810 terminos
716 3743 831 3811 idcirco
851 3752 1032 3833 promptum
1051 3744 1161 3812 haberi
1180 3754 1267 3811 tran-

125 3848 220 3932 situm,
243 3850 320 3939 quia
343 3871 474 3936 campus
496 3846 709 3935 exporrigitur
731 3847 865 3929 medius,
885 3848 1089 3937 penetrabilis
1112 3858 1144 3916 et
1166 3872 1268 3937 capax

126 3952 285 4040 ingressuri
308 3953 392 4021 tanti
415 3953 574 4040 corporis;
602 3950 745 4039 adeoque
770 3951 800 4017 si
825 3951 988 4040 depleatur
1014 3952 1178 4020 vasculum
1203 3976 1268 4021 non

127 4056 231 4124 collabi
243 4058 353 4138 latera,
367 4079 427 4124 nec
440 4056 468 4122 si
481 4054 640 4144 repleatur
652 4054 764 4122 divelli
780 4058 892 4143 (quum
910 4055 1106 4145 impossibile
1124 4058 1269 4125 videatur

128 4156 208 4241 illud,
218 4162 319 4229 etheo
331 4159 464 4226 minime
476 4158 701 4243 necessarium)
716 4158 772 4225 sed
782 4158 971 4245 positionem
981 4160 1123 4246 eandem,
1135 4162 1268 4231 eandem

129 4261 389 4355 intercapedinem,
404 4262 537 4331 eandem
552 4262 757 4353 capacitatem
770 4263 926 4333 invariate
940 4265 1077 4336 retineri.

176 4479 242 4552 why
258 4484 282 4538 is
298 4484 346 4539 the
364 4483 521 4554 separation
537 4482 569 4537 ol
583 4480 680 4537 bodies
698 4480 832 4537 difficultl
