3167 5192
120 381 215 430 asor.
234 364 284 448 rs]
458 381 645 432 saumones
667 383 942 433 narraremus„
1238 367 1282 430 43

184 552 281 634 Quod
295 553 323 618 si
337 551 468 641 perinde
483 563 643 640 comperta
656 553 735 620 foret
750 552 968 620 undulationis
983 575 1081 620 sema
1091 553 1204 640 ligura,
1216 559 1281 640 qut

117 679 216 722 sonus
237 657 379 736 efficitur,
394 667 427 722 et
446 656 596 722 audiendi
618 679 730 722 sensus
749 656 934 743 impellitur,
956 655 1031 722 inde
1052 679 1137 722 nova
1153 656 1280 743 procul·

118 759 216 826 dubio
236 782 311 847 pars
330 771 503 846 emergeret
523 757 716 839 Matheseos‚
733 759 919 825 Aenustices
940 760 1069 826 nomine
1082 759 1278 826 celebranda.

118 861 260 950 Hsptice
275 885 411 950 quoque,
427 874 459 928 et
474 861 635 943 Geustioe,
650 873 682 929 et
696 863 907 951 Ospbrantice
921 863 990 952 pari
1002 864 1074 950 jure
1087 875 1280 931 mererentur

117 967 151 1033 in
165 967 255 1034 huno
275 967 417 1034 ordinem
432 968 589 1054 cooptari;
613 969 640 1032 si
655 967 835 1056 cujusmodi
848 969 989 1034 motibus
1003 979 1196 1055 peraguntur
1209 969 1279 1034 istae

118 1071 283 1138 sensiones
297 1072 478 1159 conjectura
493 1071 677 1138 subodorari
691 1081 822 1159 possent
841 1071 1110 1159 philosophantes
1156 1071 1278 1139 Saltem

118 1175 202 1261 quod
218 1174 366 1240 auditum
383 1175 506 1256 attinet,
522 1175 672 1262 quoniam
687 1199 729 1242 ex
744 1176 870 1242 chordae
885 1198 1006 1242 sonorae
1023 1180 1110 1241 certt
1129 1176 1277 1256 sectione,

117 1276 168 1342 vel
182 1299 225 1342 ex
248 1277 384 1344 duarum
403 1277 521 1364 pariter
539 1286 700 1344 temanum
725 1277 926 1364 longitudine
944 1279 1042 1366 juxta
1064 1287 1182 1344 certam
1205 1301 1278 1366 pro·

116 1381 295 1468 portionem
318 1379 492 1460 differente,
517 1379 545 1444 si
570 1380 690 1467 plectro
714 1379 843 1447 feriaorr
867 1392 1011 1468 utraque,
1037 1404 1185 1448 sonorum
1204 1405 1278 1469 pro·

116 1483 283 1552 ductorum
303 1485 458 1572 reperitur
478 1483 652 1550 seeundum
671 1483 789 1571 gradus
808 1486 963 1551 acuminis
977 1497 1010 1551 et
1030 1485 1197 1572 grarimb
1218 1485 1277 1552 ha·

115 1586 225 1654 bitndo
241 1587 454 1654 determinata
467 1586 655 1652 chordarum
669 1587 865 1675 proportioni
879 1589 1012 1656 mirifice
1025 1588 1229 1676 respondens,
1243 1599 1277 1655 et

115 1690 245 1776 proinde
274 1689 416 1756 numeris
449 1689 513 1775 (vel
550 1690 664 1756 saltem
693 1690 788 1756 rectis
825 1691 930 1776 lineis)
961 1691 1172 1780 explicabilis,
1200 1691 1277 1758 hinc

114 1795 253 1862 exemtur
266 1817 342 1883 pars
354 1791 600 1872 Mathematicus,
612 1815 683 1879 quae
697 1791 825 1859 Musica
835 1793 887 1860 vel
897 1793 1101 1875 Harmonice,
1110 1793 1165 1860 rel
1179 1793 1276 1860 etiam
1324 1814 1328 1820 ’

116 1897 273 1966 Ganoniee
297 1897 424 1976 dicitur,
449 1894 671 1962 Arithmeticae
700 1896 805 1981 (sicuti
827 1896 916 1985 loqui
937 1897 1058 1983 amant)
1081 1898 1273 1979 subalterna,

114 2002 226 2068 rectius
240 2000 386 2068 fumassis
401 1999 591 2068 Geometria
606 1999 853 2068 subordinanda
1208 2004 1210 2009 '

176 2105 313 2185 Adharc,
322 2128 394 2172 cum
407 2104 456 2169 vis
467 2103 571 2169 indita
578 2101 738 2190 plerisque
746 2103 968 2190 magnitudine
978 2105 1121 2172 sensibili
1131 2105 1274 2194 praeditis

116 2209 294 2296 torporibus
306 2230 416 2274 versus
427 2217 541 2272 terram
554 2206 672 2273 directe
685 2207 1003 2296 progrediensque
1010 2210 1137 2299 pendm
1147 2209 1272 2288 dicitur,

118 2332 156 2376 ex
179 2317 370 2398 quacumque
394 2309 561 2398 proveniat
586 2309 740 2377 efficiente
765 2316 871 2392 cansa,
894 2314 935 2380 de
953 2312 1038 2379 facto
1062 2313 1217 2379 limitetur
1241 2323 1274 2378 et

117 2412 228 2497 medus
253 2435 331 2480 suos
354 2412 503 2478 sortiatur
527 2434 569 2478 ex
606 2411 863 2501 conspirantibus
887 2413 970 2480 inter
992 2437 1027 2481 se
1050 2414 1168 2503 partim
1189 2414 1273 2480 mole

116 2518 245 2604 proprid,
257 2518 377 2607 partim
389 2517 453 2584 situ
467 2516 605 2604 partium
617 2539 756 2596 suarum,
768 2517 886 2605 partim
897 2516 1051 2584 distantia
1063 2518 1106 2584 ab
1115 2517 1273 2584 immobili

118 2626 217 2684 uentre
231 2628 340 2684 motus
361 2616 422 2697 sui,
442 2615 526 2682 circa
543 2615 629 2703 quod
647 2626 809 2682 rotantur:
831 2626 864 2682 et
880 2617 1040 2683 consimili
1060 2616 1181 2682 ratione
1201 2639 1274 2683 cum

117 2721 251 2806 potentia
264 2719 451 2808 corporibus
469 2718 539 2786 istis
553 2718 737 2808 ponderosis
751 2718 930 2799 resistendi,
946 2718 1003 2786 illa
1016 2717 1204 2799 sustinendi,
1219 2720 1272 2788 vel

119 2821 267 2906 elevandi,
284 2822 340 2890 vel
350 2833 511 2910 utcunque
526 2821 594 2888 loco
610 2821 795 2888 dimovendi
809 2822 1035 2890 determinetur
1048 2831 1082 2888 et
1095 2821 1272 2912 dependeat

120 2923 156 2990 ab
169 2926 280 2996 iisdem
302 2925 425 3006 cassim
447 2925 522 2992 binc
544 2923 722 3013 disciplinae
745 2924 784 2992 de
798 2925 905 3013 quiete
919 2924 972 2991 vel
991 2937 1079 2992 motu
1095 2925 1270 3014 ponderum

120 3026 242 3098 istorum
262 3053 322 3098 seu
341 3028 495 3108 absolute,
518 3049 575 3094 seu
596 3035 774 3115 comparate
799 3026 843 3111 (h.
855 3049 883 3093 e.
905 3036 1062 3114 quatenus
1078 3028 1140 3096 sibi
1159 3039 1271 3096 mutuo

120 3134 377 3218 contranituntur)
395 3130 662 3198 consideraturum
680 3127 814 3215 (Statius
834 3152 880 3196 so.
897 3141 930 3196 et
950 3131 1147 3212 Mechanioe,
1167 3132 1270 3222 iisque

121 3237 260 3325 subjecte
288 3237 342 3305 vel
367 3257 500 3302 annexa
527 3231 769 3320 Centrobaryoe‚
794 3232 993 3323 Isorrhopioe
1017 3245 1050 3302 et
1074 3235 1267 3321 consimiles)

122 3336 348 3410 Mathematicis
371 3339 612 3418 adscribuntur3
638 3347 747 3425 utpote
771 3359 843 3424 quae
866 3336 909 3404 ad
931 3339 1010 3405 istas
1032 3341 1270 3428 magnitudines

122 3439 331 3525 dimetiendas,
362 3443 534 3532 positiones
563 3437 828 3518 determinandas,
861 3439 1029 3508 munuae
1058 3442 1269 3530 exquirendas

123 3541 303 3616 Geometriae
318 3545 497 3614 subsidium
518 3541 696 3632 implorent.
734 3540 807 3620 Quo
821 3539 928 3607 referri
945 3551 1050 3629 potest
1063 3565 1115 3608 ars
1128 3540 1269 3625 adrora-

124 3650 310 3734 roronrrnel,
331 3669 522 3736 organorum
547 3667 660 3733 nempe
684 3666 750 3710 non
771 3643 815 3710 ab
837 3641 1015 3710 exuinseeo
1037 3643 1186 3731 impulsu,
1212 3645 1269 3712 sed

171 3885 232 3940 And
242 3886 267 3941 il
278 3885 328 3942 tbe
343 3886 431 3956 figure
444 3885 475 3940 ef
493 3885 541 3940 tbc
554 3884 638 3940 aerial
657 3883 820 3939 undulatlon
834 3881 873 3952 by
889 3879 978 3936 which
990 3877 1079 3935 sound
1090 3878 1268 3950 isproduoed

127 3964 339 4040 bediseovsred,
361 3987 380 4026 a
402 3968 1023 4041 newmnotnashamaucavulemu-ge,
1043 3965 1205 4023 whichwill
1230 3967 1268 4025 be

128 4051 266 4114 Anamis.

172 4139 205 4195 So
220 4143 299 4199 there
316 4159 378 4214 may
396 4141 432 4198 be
451 4142 570 4198 sdenees
589 4141 621 4199 of
636 4141 828 4210 euentura,
849 4137 905 4196 and
925 4137 1022 4207 smell3
1045 4138 1134 4195 which
1154 4139 1209 4195 will
1229 4139 1267 4198 be

129 4219 229 4296 Horatia
241 4227 353 4284 Gentio
364 4225 420 4282 and
432 4225 612 4296 operantu.

173 4309 325 4369 Hannonis
335 4312 448 4383 already
459 4312 553 4368 exista

173 4395 205 4454 so
214 4397 320 4469 Stultos
330 4397 504 4466 namara,
516 4397 713 4466 marronea,
724 4395 774 4452 dtr.

175 4481 207 4536 So
219 4483 511 4554 autumem-making.
