3167 5192
114 375 218 425 nucu.
235 358 339 442 ηιμ]
472 373 658 425 uncelenus
680 370 954 423 utuustmmom.
1217 357 1280 426 277

114 540 215 607 lines
261 540 323 609 Sin
345 540 549 629 transpositis
571 540 716 607 terminis
745 539 904 608 auferatur
932 540 1018 607 lineo
1046 540 1210 631 tripedalis
1238 564 1281 611 ex

115 642 265 731 bipedali
276 651 421 709 remanet
433 644 538 709 moittte
553 664 629 724 uno,
649 642 704 708 vel
718 642 858 709 defectus
871 642 967 709 unius
981 642 1073 711 lineee
1088 643 1210 733 pedalis
1224 668 1282 733 pro

116 746 320 826 tirannum
348 769 393 813 ex
413 746 466 811 his
490 768 566 812 vero
590 746 727 813 residuis
751 746 963 814 inclarescunt
983 746 1150 815 relationes
1175 748 1282 836 quoad

117 846 344 928 differentium,
356 846 411 913 vel
424 846 645 914 Arithmeticte
661 848 894 937 propositorum
912 858 1104 936 quantorum
1123 850 1280 933 rationes3

117 958 281 1037 quotenus
302 948 516 1016 siinventum
535 950 578 1016 eb
596 950 719 1016 utrivis
737 949 948 1018 subductione
967 950 1129 1018 residuum
1146 950 1281 1019 addetur

118 1053 338 1140 consequenti,
367 1074 494 1119 summe
518 1052 677 1120 resultans
697 1053 874 1140 eeqnsbitur
899 1053 1116 1121 antecedentis
1145 1076 1221 1120 nem
1246 1056 1281 1121 in

118 1156 220 1244 priori
244 1156 478 1244 compmetione
502 1164 665 1236 1÷e=3,
689 1156 725 1229 iu
750 1156 916 1243 posteriori
941 1165 1146 1230 -1÷s=t.
1194 1158 1283 1246 (Huc

118 1282 198 1327 vero
211 1260 340 1327 tendere
359 1259 486 1326 videtur
501 1258 606 1326 omnis
626 1268 816 1346 quantorum
839 1258 1018 1346 σύγκρισις,
1039 1270 1076 1326 ut
1093 1259 1135 1327 ad
1152 1262 1283 1350 aequeli·

117 1372 234 1444 tatem,
261 1384 336 1451 que
363 1384 437 1451 prae.
457 1361 591 1448 reliquis
618 1360 760 1427 maxime
787 1361 935 1449 simplex,
964 1362 1058 1429 unice
1081 1386 1280 1451 permanens,

119 1466 343 1554 facillimeque
362 1463 657 1553 comprehensibilis
672 1473 721 1531 est
738 1462 860 1545 relatio,
879 1464 1063 1551 redigentur
1079 1465 1160 1547 eliee,
1178 1476 1211 1533 et
1229 1476 1282 1532 ut-

117 1592 249 1657 cunque
271 1591 329 1657 per
349 1590 423 1635 eam
445 1566 668 1651 estimeutur).
711 1566 854 1633 Vocatur
876 1578 982 1633 eutem
1000 1567 1086 1655 prior
1107 1567 1218 1634 relstio
1239 1591 1282 1634 ex

117 1672 227 1761 priore
242 1670 424 1737 diffmentit
444 1690 595 1737 excessus
615 1668 722 1751 unius,
747 1668 848 1737 eltere
874 1669 1014 1738 defectus
1039 1670 1145 1753 unius,
1171 1670 1282 1739 itidem

116 1775 245 1842 scilicet
257 1797 301 1841 ex
314 1772 496 1840 differentis
507 1771 690 1862 posteriore.

185 1878 267 1947 Jem
286 1900 363 1945 vero
380 1877 411 1945 si
428 1885 649 1965 comparentur
666 1875 731 1942 duo
748 1884 878 1964 quante,
897 1886 1122 1964 repreasentate
1141 1879 1282 1947 numeris

117 1990 164 2049 20
176 1991 213 2048 et
224 1989 256 2063 4,
271 1978 446 2047 dividendo
460 1977 699 2045 antecedentem
712 1986 754 2046 20
773 2000 831 2066 per
845 1990 1089 2068 consequentem
1103 1990 1133 2063 4,
1148 1982 1187 2049 fit
1201 2002 1282 2070 quo·

116 2087 209 2155 tiens
224 2092 264 2166 ὃς
285 2082 343 2151 sed
358 2081 547 2149 invertendo
561 2081 721 2163 terminos,
741 2080 974 2171 dividendoque
994 2092 1015 2150 4
1034 2107 1091 2173 per
1109 2093 1158 2169 20,
1179 2086 1283 2174 surgit

118 2198 274 2287 quotiens
291 2191 425 2292 }=3⁴,5.
480 2193 581 2261 Hisce
597 2215 673 2261 vero
690 2193 907 2283 quotientibus
926 2194 1124 2264 declarentur
1144 2199 1282 2267 rationes

119 2308 338 2378 Geometricoe
358 2305 591 2395 propositorum
612 2314 812 2392 quantorum,
834 2314 992 2393 quatenus
1014 2306 1042 2371 ei
1062 2310 1208 2395 quotiens
1233 2310 1283 2375 in·

45 2481 50 2493 ,
118 2424 243 2482 ventus
256 2434 314 2501 pet
323 2420 567 2499 consequentem
577 2406 815 2496 multiplicetur,
826 2408 998 2495 productus
1009 2411 1141 2497 emergit
1152 2412 1283 2501 esquelio

120 2515 345 2585 antecedenti:
368 2538 444 2581 nem
458 2514 493 2579 in
507 2512 605 2601 priori
619 2510 854 2600 comparatione
869 2520 887 2577 5
901 2532 923 2577 χ
935 2520 992 2575 4=
1002 2520 1051 2592 20,
1068 2512 1103 2577 in
1119 2513 1283 2601 posteriori

115 2653 203 2698 vero
219 2627 247 2722 ᾖ
261 2651 283 2695 x
296 2637 337 2697 20
347 2660 377 2686 ι·-
387 2636 426 2709 4;
448 2624 607 2715 quomodo
622 2646 673 2691 res
690 2625 805 2691 iterum
822 2621 864 2688 ed
878 2622 1089 2711 equalitatem
1109 2636 1282 2695 revocetur.

122 2742 358 2808 Denominetur
371 2748 478 2806 eutem
497 2738 582 2827 prior
600 2735 712 2803 relatio
729 2759 749 2802 e
766 2736 929 2825 quoticute
949 2734 1079 2803 invento
1096 2739 1176 2805 retio
1190 2740 1284 2829 quin·

122 2844 228 2933 tuph,
250 2843 403 2933 posterior
429 2840 644 2930 ἀντίστροφος
665 2840 746 2908 ratio
767 2839 1006 2930 subquintupls,
1029 2840 1140 2909 itidem
1162 2866 1182 2910 e
1203 2866 1284 2933 quo·

122 2957 227 3025 tiente
247 2952 284 3051 ᾗ.

193 3068 258 3133 Ast
282 3090 378 3135 cause
405 3065 487 3133 mihi
510 3064 581 3153 jem
608 3062 770 3131 reddenda
794 3062 930 3148 videtm,
960 3070 1165 3155 quemobrem
1191 3070 1285 3140 aliter

124 3194 225 3261 quem
246 3170 346 3258 vulgo
366 3170 404 3235 fit
425 3166 669 3235 Arithmeticsm
691 3167 845 3234 rationem
870 3168 1087 3257 explicuerim,
1118 3197 1183 3241 non
1209 3176 1286 3243 sub·

125 3272 274 3342 ducendo
298 3274 452 3341 minorem
477 3271 649 3340 terminum
669 3294 690 3337 e
709 3271 839 3360 mejore,
861 3270 919 3339 sed
939 3272 1155 3344 indifferenter
1176 3300 1286 3347 conse·

125 3386 279 3467 quentem
294 3400 336 3443 ex
350 3374 564 3443 antecedente.

193 3479 334 3547 Geusem
348 3480 410 3547 essi
412 3502 510 3569 gnere
524 3476 634 3546 licebit
647 3476 875 3566 multiplicemt
897 3475 1017 3561 Primo,
1032 3480 1225 3548 commodior
1238 3491 1287 3549 est

124 3584 182 3651 lric
204 3584 319 3652 modus
342 3584 406 3666 isti,
432 3583 484 3650 eui
507 3580 695 3649 declarando
718 3578 905 3662 insistimus,
929 3580 1104 3649 discrimini
1128 3583 1287 3651 rationum

126 3690 243 3755 herum
265 3686 462 3753 diversarum
483 3708 539 3774 per
561 3682 802 3751 subductionem
822 3692 855 3750 et
874 3682 1064 3751 divisionem
1087 3684 1287 3757 declarando.

125 3790 214 3873 Quia
242 3790 417 3857 secundum
444 3787 532 3854 huuc
560 3784 690 3853 modum
719 3784 898 3867 subductio,
928 3792 992 3876 qud
1020 3786 1178 3856 indicetur
1205 3789 1287 3857 retio

126 3893 351 3975 Arithmetice,
367 3915 423 3981 per
437 3889 544 3957 omnia
560 3884 729 3977 respondet
745 3896 777 3955 ct
795 3886 928 3976 quadret
947 3888 1108 3975 divisioni,
1124 3896 1188 3981 qud
1206 3892 1287 3961 retio

179 4138 1094 4209 mnmetfimmettelreuootetoetsr,ofetosie-r.·

181 4225 998 4297 'l'heGeometricclretiooftototie5;ofttowiel.

181 4312 277 4413 ltcke
287 4311 337 4369 the
348 4314 436 4369 terme
451 4312 483 4369 of
496 4328 532 4369 en
549 4310 743 4370 Arithmeticcl
758 4311 831 4368 retio
842 4312 871 4368 in
885 4310 976 4369 either
986 4312 1070 4370 order
1078 4332 1086 4381 ;
1103 4312 1220 4370 booeuso
1231 4312 1287 4370 this

125 4398 334 4555 mollidilore
349 4484 517 4542 convenient
