3167 5192
105 390 207 442 aner.
225 374 298 461 xu]
446 390 633 443 sumturus
655 391 929 446 narnumrrcn.
1204 382 1269 449 249
1388 460 1413 474 v,

104 564 213 650 magis
226 562 297 645 hoc,
312 574 344 631 et
359 564 404 630 sic
419 586 510 652 porro
525 564 683 653 deinceps,
695 566 796 632 donec
806 575 984 633 extremum
995 564 1125 653 aliquod
1135 590 1155 633 a
1164 568 1267 657 primo

102 664 198 730 velut
212 665 338 733 infinito
353 666 449 733 distet
463 668 641 735 intervallo.
1131 662 1137 671 ¹

174 770 310 837 Notavit
324 770 342 837 ὁ
362 770 572 859 mergereris
589 772 743 859 quasdam
757 772 859 839 lineas
873 796 945 839 cum
960 773 1106 861 expositu
1119 773 1268 862 quapiam

102 875 227 940 nedum
248 874 459 961 longitudine,
480 876 537 941 sed
558 875 644 962 quod
666 875 769 963 magis
790 886 839 942 est
856 876 951 943 etiam
976 877 1127 966 potentie,
1147 878 1269 944 incom-

102 977 337 1043 mensurabiles
363 999 449 1058 esse;
479 978 569 1065 atqui
594 978 820 1045 nonnullarum
845 980 941 1046 etiam
966 980 1268 1067 quadratiquadrata

102 1103 183 1147 eum
198 1080 353 1168 exposite
368 1080 646 1168 quadriquadrato,
663 1091 695 1148 et
709 1080 832 1169 quaevis
847 1082 958 1149 harum
981 1094 1154 1172 potestates
1175 1107 1269 1171 supe-

102 1184 207 1249 riores
229 1206 301 1249 cum
324 1182 412 1248 illius
434 1184 644 1271 potestatibus
665 1186 840 1272 respective
862 1187 1053 1253 coordinatis
1075 1188 1269 1253 incommen-

102 1286 264 1351 surabiles
279 1296 363 1353 sunt.
408 1285 506 1352 Unde
520 1287 547 1352 si
563 1288 654 1375 cujus
668 1298 808 1376 potestas
829 1290 918 1356 velut
939 1290 1063 1358 infinite
1084 1293 1126 1358 ab
1147 1293 1269 1359 unitate

102 1390 222 1455 dissito
248 1412 378 1457 numero
403 1390 606 1456 denominata
630 1392 673 1457 sit
697 1393 851 1480 expositae
879 1394 1053 1483 respective
1078 1395 1268 1462 coordinetee

103 1492 259 1579 potestati
273 1492 609 1573 incommensmebilis,
621 1494 680 1559 illa
690 1494 817 1561 videtur
827 1496 981 1582 exposite
994 1508 1137 1584 respectu
1151 1498 1269 1584 gradus

102 1594 497 1662 incommensurabilitatis
512 1597 600 1662 velut
615 1596 756 1665 infinitos
772 1599 887 1665 sortiri.

94 1710 100 1719 '
174 1697 342 1778 Quomodo
360 1722 393 1765 se
413 1723 462 1767 res
479 1700 597 1767 babere
616 1702 741 1769 ridetur
758 1703 794 1768 in
815 1702 925 1769 circuli
946 1702 1198 1769 circumferentit
1219 1727 1268 1771 re·

103 1812 219 1891 speetu
232 1802 324 1869 radii.
367 1803 453 1869 Nam
468 1804 611 1893 inscripti
626 1806 772 1894 quadrati
787 1807 872 1873 latus
887 1816 936 1873 est
957 1806 1157 1893 longitudine
1177 1806 1268 1873 radio

103 1904 436 1985 incommensurabile,
454 1916 485 1972 et
504 1907 635 1995 proinde
649 1908 797 1997 quadrati
816 1908 954 1974 ambitus
974 1918 1023 1973 est
1039 1907 1128 1974 radio
1147 1908 1268 1974 incom-

105 2007 341 2074 mensurabilis.
386 2007 543 2095 Octogoni
572 2033 647 2076 vero
676 2011 821 2099 inscripti
849 2010 1040 2098 quadratum
1068 2021 1118 2076 est
1146 2010 1267 2077 incom-

105 2109 322 2177 mensurabile
346 2112 427 2178 radii
452 2112 615 2200 quadrato,
643 2124 675 2179 et
700 2114 832 2202 proinde
857 2114 1046 2202 quadratum
1069 2115 1267 2201 octogonalis

105 2214 269 2301 perimetri
292 2226 339 2281 est
359 2216 675 2284 incommensurabile
697 2218 850 2305 quadrato
873 2218 974 2299 radii3
1004 2241 1107 2305 neque
1131 2241 1195 2284 non
1221 2218 1267 2285 ita

107 2317 260 2383 continuo
281 2318 471 2405 regularium
494 2320 716 2407 inscriptorum
736 2322 853 2387 circulo
875 2321 1108 2409 polygonorurn
1128 2322 1267 2389 ambitus

105 2430 281 2507 potestates
295 2420 412 2488 babent
427 2422 603 2511 superiores
617 2423 808 2489 coordinatis
823 2424 905 2488 radii
918 2424 1129 2510 potestatibus
1147 2423 1267 2489 incom-

106 2525 347 2606 mensurabiles,
373 2526 458 2593 uude
483 2528 681 2615 polygonum
706 2526 821 2591 horum
845 2526 1005 2605 ultimum,
1031 2526 1092 2591 hoc
1117 2537 1175 2606 est,
1199 2526 1268 2613 ipse

107 2627 256 2709 circulus,
271 2629 398 2697 videtur
411 2630 527 2697 habere
541 2630 745 2717 perimetrum
760 2627 893 2694 infinitis
907 2627 1059 2715 gradibus
1074 2628 1269 2696 incommen-

106 2722 281 2800 sur'abilem
296 2756 368 2800 cum
382 2734 481 2801 radio.

169 2835 267 2917 Quod
282 2836 309 2902 si
323 2859 433 2904 rerum
447 2837 550 2917 fuerit,
566 2847 672 2903 actum
687 2837 747 2903 erit
760 2836 801 2903 de
815 2836 925 2903 circuli
939 2836 1176 2923 tetragonismo,
1192 2860 1265 2904 cum

108 2941 187 3007 ratio
213 2940 471 3007 circumferentiae
493 2942 534 3007 ad
556 2941 681 3007 radium
704 2940 779 3007 inde
802 2940 845 3006 sit
868 2962 910 3005 ex
933 2946 1047 3007 naturt
1071 2941 1116 3007 rei
1140 2942 1267 3029 penitus

109 3042 364 3131 inexplicabilis3
393 3044 534 3132 adeoque
554 3043 719 3132 problema
739 3042 832 3123 illud,
855 3042 929 3108 talis
954 3043 1086 3109 rationis
1113 3043 1267 3128 ἐξήγησιν

109 3142 303 3227 desiderans,
325 3145 432 3212 solutu
454 3145 498 3213 sit
521 3145 727 3234 impossibile,
752 3144 806 3211 vel
830 3167 868 3212 eo
890 3146 997 3234 potius
1019 3146 1090 3233 ipsc
1115 3148 1266 3229 solvatur,

109 3249 193 3335 quod
217 3248 415 3337 impossibile
438 3248 690 3337 deprehenditur.
737 3248 903 3336 Siquidem
924 3250 1048 3316 duobus
1069 3252 1196 3338 punctis
1217 3274 1268 3318 re-

110 3351 243 3418 solvitur
257 3352 430 3441 problema,
446 3351 499 3418 vel
514 3350 706 3419 ostendendo
721 3350 816 3437 quale
831 3352 873 3417 sit
887 3360 919 3417 et
933 3353 1091 3438 quomodo
1105 3352 1163 3419 fiat
1181 3354 1267 3441 quod

109 3455 286 3542 requiritur,
312 3455 365 3523 vel
389 3454 558 3521 indicando
583 3454 670 3543 quod
693 3454 762 3521 fieri
787 3454 908 3543 nequit
955 3453 1020 3521 Sed
1049 3454 1109 3522 hoc
1138 3465 1264 3522 tantum

111 3559 298 3645 mysterium
313 3559 414 3625 tribus
427 3560 534 3626 verbis
548 3559 653 3626 evolvi
667 3559 797 3647 nequit;
820 3558 848 3625 si
862 3568 988 3645 tempus
1002 3568 1035 3624 et
1049 3559 1267 3646 opportunitas

113 3662 269 3745 sivissent,
283 3650 377 3753 plura
391 3662 504 3729 saltem
518 3662 593 3731 huic
608 3661 818 3751 explanandae
832 3661 1059 3749 firmandaeque
1079 3664 1268 3751 conjecture

113 3775 241 3833 conatus
256 3776 358 3833 e'ssem
372 3765 551 3854 producere.

164 3992 260 4051 Hence
276 3992 302 4048 u
318 3992 367 4049 the
384 4008 479 4064 power
496 3993 527 4047 ot
542 4008 560 4048 a
577 3991 706 4062 quantity
716 3990 840 4048 denoted
854 3991 890 4063 by
905 4008 923 4047 a
941 3988 1058 4047 number
1075 3986 1210 4059 intinitaly
1225 4003 1268 4044 re

115 4078 210 4134 mered
225 4080 298 4134 from
314 4078 394 4147 nnity
405 4075 442 4133 be
457 4075 722 4134 incommensurable
733 4076 801 4132 with
816 4076 866 4132 the
879 4075 1094 4147 comesponding
1106 4090 1200 4147 power
1211 4074 1243 4129 ot
1251 4090 1270 4130 a
1374 4156 1377 4159 ἢ

117 4162 190 4231 giren
202 4164 340 4236 quantity,
350 4164 399 4220 the
412 4162 515 4233 degree
526 4163 557 4218 ot
565 4162 863 4234 incommensurability
874 4163 899 4218 is
910 4162 1024 4219 infinita

164 4246 1270 4319 Thuseemstobetbecaseofthecircumiereneeottheeirclewitbrespect

118 4336 145 4389 to
160 4335 208 4392 ibe
225 4338 330 4393 radius.
366 4336 422 4393 For
440 4337 489 4395 the
507 4337 654 4410 periphery
669 4336 701 4393 of
717 4336 766 4394 the
784 4332 925 4392 inscribed
944 4350 1045 4405 square
1062 4334 1087 4390 is
1103 4334 1269 4390 incommen-

119 4421 220 4480 surable
237 4422 305 4482 rritb
326 4422 375 4481 the
395 4422 498 4494 radius,
517 4422 567 4480 the
587 4422 734 4493 periphery
752 4422 784 4478 of
800 4422 850 4478 the
870 4423 986 4490 octagou
1001 4419 1070 4475 with
1089 4419 1153 4475 that
1171 4418 1270 4474 ottho

120 4521 228 4578 squam
244 4508 300 4565 aud
311 4525 343 4567 so
354 4524 391 4565 on
401 4508 588 4581 indefinitely:
606 4508 663 4565 and
674 4508 723 4566 the
737 4506 857 4565 circleis
868 4506 917 4564 ibe
927 4506 982 4564 last
993 4506 1024 4563 of
1031 4504 1100 4563 such
1111 4504 1252 4577 polygonis.

199 4614 279 4664 au.
1138 4592 1181 4656 32
