3167 5192
312 365 355 432 26
648 373 835 426 nsorrouas
857 373 1132 424 usruauamcm.
1320 353 1425 440 [naor.
1439 371 1460 418 1.

311 549 389 616 ram
410 561 579 630 aowoeont,
597 549 770 636 errorrbque
790 543 917 616 uincula
934 545 1133 630 contemp
1158 553 1191 610 et
1212 565 1285 610 cum
1308 542 1379 609 hese
1400 543 1465 608 ani-

217 685 219 688 ·
311 653 544 720 madverterent
556 651 761 740 Pythagorei,
773 652 831 740 qui
842 652 937 718 hasce
948 649 1098 716 scientias
1107 647 1161 713 vel
1174 646 1354 713 invenerint
1365 646 1466 734 primi,

311 756 364 822 vel
389 755 546 843 imprimis
571 756 776 836 excoluerint,
798 754 915 821 idcirco
935 753 1183 835 Μαθηματικῶν
1199 751 1389 833 ἐπιστημῶν
1407 750 1469 816 illis

311 879 428 924 nomen
451 857 642 933 indiderunt,
666 867 795 946 propter
819 858 950 924 modum
978 855 1099 922 scilicet
1123 853 1194 920 illas
1218 851 1414 932 inveniendi,
1439 865 1470 917 et

311 960 495 1048 acquirendi
528 959 706 1048 disciplinae
739 959 833 1026 titulo
864 958 1100 1045 dignissimum.
1151 955 1204 1020 Ita
1232 955 1296 1021 scre
1327 954 1470 1033 Procius,

312 1063 460 1150 equidem
481 1063 650 1144 subtiliter,
673 1073 705 1130 et
726 1063 899 1150 ingeniose.

377 1165 497 1234 Verum
516 1167 692 1254 elegantius
715 1166 820 1233 forsan
842 1166 986 1245 conficta,
1008 1188 1105 1252 quam
1129 1164 1233 1230 verius
1250 1163 1377 1228 adserta
1397 1173 1473 1229 sunt

311 1271 510 1340 haecomnia.
544 1269 613 1336 Nec
627 1271 713 1338 e'nim
730 1271 791 1336 hoc
805 1270 995 1336 vocabulum
1013 1271 1061 1354 (nt
1075 1291 1134 1336 nee
1147 1269 1212 1334 alia
1224 1267 1387 1357 pleraque)
1406 1279 1471 1334 tam

311 1380 426 1462 arguta
450 1375 571 1441 ratione
596 1374 818 1462 conquisitum,
847 1396 944 1460 quam
967 1395 1009 1438 ex
1031 1372 1192 1438 communi
1217 1394 1286 1452 uses,
1312 1372 1473 1460 probabili

311 1478 507 1560 causariae,
524 1479 743 1567 depromptum
757 1477 893 1545 videtur.
937 1477 1052 1564 Itaque
1073 1477 1120 1543 sic
1141 1476 1241 1542 dictas
1261 1477 1368 1563 potius
1389 1478 1473 1542 arbi-

312 1591 377 1648 tror
391 1582 449 1648 has
463 1581 621 1664 scientias,
636 1583 712 1670 quia
730 1605 803 1649 cum
823 1581 929 1649 Graeci
943 1580 1091 1669 primitus
1106 1567 1281 1668 inciperent
1294 1579 1336 1646 ad
1354 1581 1472 1646 artium

310 1685 418 1752 studia
439 1685 581 1752 animum
601 1687 768 1775 appellere,
785 1685 861 1752 solae
875 1685 926 1752 hae
945 1685 981 1750 in
1003 1683 1130 1751 Scholia
1151 1683 1356 1764 traderentur,
1372 1706 1473 1770 quum

311 1817 371 1862 nec
386 1795 463 1861 dum
477 1796 549 1862 aliae
563 1797 703 1864 inventa
717 1805 824 1865 essent
840 1806 934 1876 artes,
949 1817 1029 1884 quas
1044 1795 1218 1861 ediscerent
1233 1795 1333 1883 pueri.
1372 1794 1473 1860 Hisce

313 1899 399 1980 solis,
420 1899 561 1987 inquam,
581 1901 701 1966 artibus
722 1899 942 1981 incubuerunt,
960 1921 1019 1965 nec
1040 1899 1129 1965 aliud
1150 1898 1229 1986 qnid
1251 1898 1317 1964 illis
1331 1899 1473 1966 innotuit

313 2001 487 2084 sciendum,
499 2009 633 2092 excepta
646 2004 858 2091 philosophia,
874 2026 946 2092 qnae
965 2012 1031 2068 n'on
1044 2012 1112 2068 tam
1126 2003 1306 2068 discebatur
1320 2027 1340 2069 a
1352 2006 1471 2090 pneris,

312 2129 409 2194 quam
425 2130 444 2173 a
458 2108 587 2174 senibus
607 2107 702 2174 anxie
717 2107 925 2195 quaerebatur,
945 2109 1015 2192 (nec
1032 2106 1243 2195 enimprimis
1265 2107 1336 2173 istis
1355 2108 1472 2173 seculis

314 2209 465 2288 intereos,
476 2209 531 2296 qui
543 2209 583 2276 ad
592 2209 777 2275 eruditionis
786 2208 1037 2297 qualemcunque
1045 2208 1180 2296 gradrnu
1189 2208 1395 2296 adspirarent,
1406 2209 1472 2276 fere

312 2321 453 2399 repertus
468 2321 517 2378 est
530 2315 699 2400 quisquam
720 2335 870 2399 arrogans
885 2313 972 2392 adeo,
988 2323 1028 2380 ut
1046 2313 1258 2402 sapientiae‘se
1278 2313 1472 2399 Magistrum

314 2414 441 2482 auderet
455 2416 604 2504 profiteri,
620 2416 737 2504 quique
752 2416 785 2482 id
800 2417 903 2505 primo
917 2417 1066 2484 videntur
1080 2418 1150 2484 ausi
1164 2417 1402 2484 circumforanei
1417 2420 1472 2484 isti

315 2518 473 2607 Sophistae
483 2521 588 2607 justas
604 2521 675 2588 ideo
692 2520 815 2589 Socrati
830 2543 941 2609 poenas
955 2520 1132 2605 dederrmt).
1168 2521 1264 2588 Artes
1278 2532 1385 2588 autem
1400 2523 1472 2588 aliae

311 2623 481 2705 scribendi,
491 2625 627 2705 dicendi,
644 2623 818 2690 disserendi
833 2624 1004 2711 posteriore
1017 2624 1168 2712 temporis
1178 2623 1313 2691 decursu
1326 2626 1472 2692 subnata

314 2737 403 2792 sunt:
416 2726 461 2792 Et
470 2727 599 2813 quidem
611 2727 767 2792 scribendi
779 2750 830 2792 ars
844 2727 1105 2813 (Grammatioam
1117 2727 1275 2814 intelligo)
1286 2727 1473 2817 aplerisque

314 2827 467 2915 adipsum
476 2829 681 2895 Aristotelem
692 2828 823 2896 refertur
831 2830 1009 2910 authorem3
1020 2829 1134 2896 saltem
1142 2831 1226 2896 circe
1234 2831 1321 2897 illins
1329 2841 1474 2922 tempora

314 2933 487 3017 sumpsisse
500 2931 626 2998 videtur
641 2932 786 3012 initium;
802 2933 888 3020 quod
901 2934 987 3000 enim
1002 2933 1087 3021 apud
1102 2933 1269 3000 Platonem
1284 2937 1317 3000 in
1334 2936 1472 3006 Philebo

313 3036 538 3120 γραμματικῆς
569 3034 683 3123 τέχνης
710 3047 871 3102 succurrat
892 3035 1013 3102 mentio
1038 3060 1059 3102 a
1083 3036 1213 3103 Theuth
1238 3037 1399 3128 AEgyptio
1421 3065 1473 3107 re-

250 3197 253 3206 ,
313 3145 421 3223 pertas,
436 3135 470 3201 id
483 3135 524 3202 de
538 3135 699 3202 literarum
714 3137 818 3204 solum
832 3140 928 3205 modo
943 3139 1153 3227 descriptione
1167 3164 1204 3207 ac
1217 3165 1279 3208 usu
1296 3144 1380 3229 (utili
1395 3168 1474 3212 sane

315 3237 520 3325 cumprimis,
536 3249 568 3304 et
589 3239 728 3305 mirabili
738 3241 888 3326 artificio)
906 3241 1029 3308 dictum
1050 3243 1179 3330 accipio,
1195 3245 1381 3334 neutiquam
1395 3271 1474 3316 vero

314 3340 354 3406 de
372 3342 538 3429 praeceptis
561 3340 785 3409 Grammaticis
805 3344 840 3408 in
865 3343 942 3410 artis
965 3344 1098 3410 formam
1120 3348 1326 3430 concinnatis,
1348 3350 1388 3417 de
1406 3361 1475 3440 qua

313 3443 397 3510 nihil
416 3443 481 3511 fere
505 3445 684 3534 quicquam,
708 3447 829 3536 opinor,
857 3446 985 3514 Platoni
1007 3449 1158 3516 suboluit.
1204 3450 1316 3518 Artem
1331 3475 1407 3522 vero
1422 3456 1474 3521 di·
1561 3528 1562 3533 γ

314 3547 406 3614 cendi
425 3549 494 3634 (seu
508 3547 711 3634 Rhetoricae)
729 3574 748 3615 a
764 3549 882 3618 Siculis
897 3551 1021 3618 duobus
1037 3551 1164 3634 Corace,
1180 3565 1213 3620 et
1227 3555 1326 3636 Tisia,
1342 3561 1473 3627 tantillo
1561 3540 1562 3563 ³

313 3663 387 3720 ante
402 3651 568 3720 Platonem
583 3663 732 3742 tempore,
748 3656 874 3743 scriptis
891 3666 1028 3744 coeptam
1047 3656 1226 3745 consignari
1241 3683 1284 3726 ex
1297 3661 1473 3730 Aristotele
1561 3638 1562 3663 Χ

313 3756 460 3824 denarrat
475 3757 603 3837 Cicero;
626 3758 682 3846 qui
696 3767 803 3825 tamen
822 3758 884 3846 ipsi
900 3781 965 3825 non
987 3760 1049 3826 nisi
1071 3762 1217 3848 quaedam
1238 3764 1338 3831 exilia
1358 3766 1473 3832 adnm
1561 3776 1562 3807 l

313 3859 421 3926 brassc
442 3861 591 3928 videntur
617 3860 710 3928 istius
731 3862 808 3928 artis
829 3862 1026 3946 rudimenta3
1053 3865 1087 3931 id
1108 3867 1194 3952 quod
1214 3867 1283 3956 ipse
1304 3870 1473 3937 subinnuit

314 3961 502 4030 Aristoteles
514 3965 576 4031 'sub
590 3963 686 4032 finem
703 3965 777 4032 libri
792 3967 832 4033 de
848 3965 1037 4054 Sophisticis
1049 3968 1220 4052 Elenchis;
1239 3971 1279 4037 de
1292 3973 1358 4039 illis
1372 3977 1473 4041 verba

367 4225 425 4282 But
441 4225 470 4280 in
487 4227 566 4282 trnth
583 4227 731 4298 thepwere
748 4247 778 4287 so
796 4231 884 4288 called
900 4233 1020 4290 because
1035 4235 1085 4291 the
1101 4235 1208 4294 Greeks
1224 4236 1295 4294 used
1311 4236 1389 4295 them
1405 4252 1437 4294 as
1453 4255 1471 4293 a

313 4312 426 4384 leading
436 4316 501 4394 pert
511 4313 543 4369 of
551 4313 704 4372 education.

365 4401 511 4457 Grammar
522 4417 577 4456 was
588 4401 670 4458 made
681 4401 718 4474 by
731 4405 886 4471 Aristotle;

367 4486 498 4543 Rhetorlc
509 4485 546 4557 by
559 4487 648 4544 Corax
661 4491 715 4545 and
728 4491 829 4556 Tisiam
