<?xml version="1.0" encoding="UTF-8"?>
<!DOCTYPE html PUBLIC "-//W3C//DTD XHTML 1.0 Transitional//EN"
    "http://www.w3.org/TR/xhtml1/DTD/xhtml1-transitional.dtd">
<html xmlns="http://www.w3.org/1999/xhtml" xml:lang="en" lang="en">
 <head>
  <title>
</title>
<meta http-equiv="Content-Type" content="text/html;charset=utf-8" />
  <meta name='ocr-system' content='tesseract 3.04.00' />
  <meta name='ocr-capabilities' content='ocr_page ocr_carea ocr_par ocr_line ocrx_word'/>
</head>
<body>
  <div class='ocr_page' id='page_1' title='image "./mathematicalwor00whewgoog_0238.png"; bbox 0 0 3167 5192; ppageno 0'>
   <div class='ocr_carea' id='block_1_1' title="bbox 335 369 1483 456">
    <p class='ocr_par' dir='ltr' id='par_1_1' title="bbox 335 369 1483 456">
     <span class='ocr_line' id='line_1_1' title="bbox 335 369 1483 456; baseline -0.007 -11"><span class='ocrx_word' id='word_1_1' title='bbox 335 378 401 445; x_wconf 82' lang='lat'><strong>214</strong></span> <span class='ocrx_word' id='word_1_2' title='bbox 671 390 858 443; x_wconf 78' lang='lat' dir='ltr'><strong>unmrouss</strong></span> <span class='ocrx_word' id='word_1_3' title='bbox 880 388 1152 439; x_wconf 64' lang='lat' dir='ltr'><strong>usruausrrcn,</strong></span> <span class='ocrx_word' id='word_1_4' title='bbox 1294 369 1483 456; x_wconf 66' lang='lat' dir='ltr'><strong>[mmm.</strong></span> 
     </span>
    </p>
   </div>
   <div class='ocr_carea' id='block_1_2' title="bbox 335 557 1491 1477">
    <p class='ocr_par' dir='ltr' id='par_1_2' title="bbox 335 557 1491 1477">
     <span class='ocr_line' id='line_1_2' title="bbox 335 557 1486 648; baseline -0.004 -16"><span class='ocrx_word' id='word_1_5' title='bbox 335 563 432 633; x_wconf 84' lang='lat' dir='ltr'><strong>rum?</strong></span> <span class='ocrx_word' id='word_1_6' title='bbox 474 562 528 628; x_wconf 88' lang='lat' dir='ltr'><strong>Ita</strong></span> <span class='ocrx_word' id='word_1_7' title='bbox 549 562 596 643; x_wconf 86' lang='lat' dir='ltr'><strong>fit,</strong></span> <span class='ocrx_word' id='word_1_8' title='bbox 619 560 722 629; x_wconf 85' lang='lat' dir='ltr'><strong>multa</strong></span> <span class='ocrx_word' id='word_1_9' title='bbox 742 559 936 647; x_wconf 75' lang='lat' dir='ltr'><strong>spondemus</strong></span> <span class='ocrx_word' id='word_1_10' title='bbox 956 559 1060 639; x_wconf 88' lang='lat' dir='ltr'><strong>nobis,</strong></span> <span class='ocrx_word' id='word_1_11' title='bbox 1086 557 1304 646; x_wconf 73' lang='lat' dir='ltr'><strong>promittimus</strong></span> <span class='ocrx_word' id='word_1_12' title='bbox 1326 560 1398 626; x_wconf 85' lang='lat' dir='ltr'><strong>aliis</strong></span> <span class='ocrx_word' id='word_1_13' title='bbox 1417 583 1486 648; x_wconf 78' lang='lat' dir='ltr'><strong>qus</strong></span> 
     </span>
     <span class='ocr_line' id='line_1_3' title="bbox 336 662 1487 755; baseline -0.002 -23"><span class='ocrx_word' id='word_1_14' title='bbox 336 668 395 733; x_wconf 84' lang='lat' dir='ltr'><strong>vix</strong></span> <span class='ocrx_word' id='word_1_15' title='bbox 409 664 572 755; x_wconf 91' lang='lat' dir='ltr'><strong>implendo</strong></span> <span class='ocrx_word' id='word_1_16' title='bbox 587 686 715 731; x_wconf 84' lang='lat' dir='ltr'><strong>sumus:</strong></span> <span class='ocrx_word' id='word_1_17' title='bbox 738 663 835 729; x_wconf 90' lang='lat' dir='ltr'><strong>fidem</strong></span> <span class='ocrx_word' id='word_1_18' title='bbox 853 662 1033 750; x_wconf 76' lang='lat' dir='ltr'><strong>obligamus</strong></span> <span class='ocrx_word' id='word_1_19' title='bbox 1049 662 1175 729; x_wconf 77' lang='lat' dir='ltr'><strong>facilius</strong></span> <span class='ocrx_word' id='word_1_20' title='bbox 1194 686 1292 749; x_wconf 87' lang='lat' dir='ltr'><strong>quam</strong></span> <span class='ocrx_word' id='word_1_21' title='bbox 1312 662 1487 730; x_wconf 70' lang='lat' dir='ltr'><strong>liberamus</strong></span> 
     </span>
     <span class='ocr_line' id='line_1_4' title="bbox 337 766 1488 854; baseline -0.003 -18"><span class='ocrx_word' id='word_1_22' title='bbox 337 770 431 838; x_wconf 85' lang='lat' dir='ltr'><strong>Certe</strong></span> <span class='ocrx_word' id='word_1_23' title='bbox 453 769 618 836; x_wconf 86' lang='lat' dir='ltr'><strong>materiam</strong></span> <span class='ocrx_word' id='word_1_24' title='bbox 640 767 736 834; x_wconf 89' lang='lat' dir='ltr'><strong>istam</strong></span> <span class='ocrx_word' id='word_1_25' title='bbox 757 766 950 854; x_wconf 73' lang='lat' dir='ltr'><strong>cogitatione</strong></span> <span class='ocrx_word' id='word_1_26' title='bbox 970 766 1153 854; x_wconf 86' lang='lat' dir='ltr'><strong>pererranti,</strong></span> <span class='ocrx_word' id='word_1_27' title='bbox 1168 776 1217 832; x_wconf 89' lang='lat' dir='ltr'><strong>tot</strong></span> <span class='ocrx_word' id='word_1_28' title='bbox 1239 789 1274 833; x_wconf 93' lang='lat' dir='ltr'><strong>se</strong></span> <span class='ocrx_word' id='word_1_29' title='bbox 1294 766 1488 833; x_wconf 82' lang='lat' dir='ltr'><strong>difficultates</strong></span> 
     </span>
     <span class='ocr_line' id='line_1_5' title="bbox 336 870 1489 962; baseline -0.002 -21"><span class='ocrx_word' id='word_1_30' title='bbox 336 876 497 962; x_wconf 85' lang='lat' dir='ltr'><strong>objectant</strong></span> <span class='ocrx_word' id='word_1_31' title='bbox 511 872 706 953; x_wconf 84' lang='lat' dir='ltr'><strong>evolvendae,</strong></span> <span class='ocrx_word' id='word_1_32' title='bbox 719 880 768 938; x_wconf 90' lang='lat' dir='ltr'><strong>tot</strong></span> <span class='ocrx_word' id='word_1_33' title='bbox 782 870 972 960; x_wconf 67' lang='lat' dir='ltr'><strong>questiones</strong></span> <span class='ocrx_word' id='word_1_34' title='bbox 986 870 1206 951; x_wconf 83' lang='lat' dir='ltr'><strong>eventilandae‚</strong></span> <span class='ocrx_word' id='word_1_35' title='bbox 1216 880 1265 937; x_wconf 89' lang='lat' dir='ltr'><strong>tot</strong></span> <span class='ocrx_word' id='word_1_36' title='bbox 1278 870 1489 959; x_wconf 77' lang='lat' dir='ltr'><strong>expendendae</strong></span> 
     </span>
     <span class='ocr_line' id='line_1_6' title="bbox 337 974 1491 1062; baseline -0.004 -17"><span class='ocrx_word' id='word_1_37' title='bbox 337 980 471 1046; x_wconf 86' lang='lat' dir='ltr'><strong>diversae</strong></span> <span class='ocrx_word' id='word_1_38' title='bbox 491 976 666 1057; x_wconf 85' lang='lat' dir='ltr'><strong>sententiae,</strong></span> <span class='ocrx_word' id='word_1_39' title='bbox 682 976 741 1042; x_wconf 83' lang='lat' dir='ltr'><strong>vix</strong></span> <span class='ocrx_word' id='word_1_40' title='bbox 760 975 851 1042; x_wconf 90' lang='lat' dir='ltr'><strong>utin</strong></span> <span class='ocrx_word' id='word_1_41' title='bbox 870 974 933 1041; x_wconf 87' lang='lat' dir='ltr'><strong>boc</strong></span> <span class='ocrx_word' id='word_1_42' title='bbox 950 974 1099 1041; x_wconf 87' lang='lat' dir='ltr'><strong>exeuntis</strong></span> <span class='ocrx_word' id='word_1_43' title='bbox 1118 974 1246 1041; x_wconf 90' lang='lat' dir='ltr'><strong>termini</strong></span> <span class='ocrx_word' id='word_1_44' title='bbox 1265 974 1406 1062; x_wconf 91' lang='lat' dir='ltr'><strong>deliquio</strong></span> <span class='ocrx_word' id='word_1_45' title='bbox 1423 986 1491 1041; x_wconf 85' lang='lat' dir='ltr'><strong>tau·</strong></span> 
     </span>
     <span class='ocr_line' id='line_1_7' title="bbox 337 1076 1489 1169; baseline -0.003 -20"><span class='ocrx_word' id='word_1_46' title='bbox 337 1095 406 1150; x_wconf 88' lang='lat' dir='ltr'><strong>tum</strong></span> <span class='ocrx_word' id='word_1_47' title='bbox 435 1081 560 1169; x_wconf 81' lang='lat' dir='ltr'><strong>ingredi</strong></span> <span class='ocrx_word' id='word_1_48' title='bbox 589 1079 725 1168; x_wconf 90' lang='lat' dir='ltr'><strong>pelagus</strong></span> <span class='ocrx_word' id='word_1_49' title='bbox 753 1079 939 1159; x_wconf 89' lang='lat' dir='ltr'><strong>sustineam,</strong></span> <span class='ocrx_word' id='word_1_50' title='bbox 965 1076 1052 1165; x_wconf 89' lang='lat' dir='ltr'><strong>quod</strong></span> <span class='ocrx_word' id='word_1_51' title='bbox 1076 1100 1142 1166; x_wconf 83' lang='lat' dir='ltr'><strong>prae</strong></span> <span class='ocrx_word' id='word_1_52' title='bbox 1170 1079 1323 1167; x_wconf 87' lang='lat' dir='ltr'><strong>temporis</strong></span> <span class='ocrx_word' id='word_1_53' title='bbox 1347 1080 1489 1166; x_wconf 84' lang='lat' dir='ltr'><strong>angostit</strong></span> 
     </span>
     <span class='ocr_line' id='line_1_8' title="bbox 339 1181 1490 1271; baseline -0.005 -18"><span class='ocrx_word' id='word_1_54' title='bbox 339 1186 464 1254; x_wconf 83' lang='lat' dir='ltr'><strong>emoliri</strong></span> <span class='ocrx_word' id='word_1_55' title='bbox 484 1195 517 1252; x_wconf 88' lang='lat' dir='ltr'><strong>et</strong></span> <span class='ocrx_word' id='word_1_56' title='bbox 539 1185 708 1271; x_wconf 75' lang='lat' dir='ltr'><strong>enavigare</strong></span> <span class='ocrx_word' id='word_1_57' title='bbox 731 1206 897 1270; x_wconf 87' lang='lat' dir='ltr'><strong>nequeam.</strong></span> <span class='ocrx_word' id='word_1_58' title='bbox 941 1181 1080 1270; x_wconf 84' lang='lat' dir='ltr'><strong>Aliquid</strong></span> <span class='ocrx_word' id='word_1_59' title='bbox 1100 1192 1208 1248; x_wconf 88' lang='lat' dir='ltr'><strong>tamen</strong></span> <span class='ocrx_word' id='word_1_60' title='bbox 1228 1182 1337 1247; x_wconf 82' lang='lat' dir='ltr'><strong>forsan</strong></span> <span class='ocrx_word' id='word_1_61' title='bbox 1357 1204 1395 1248; x_wconf 87' lang='lat' dir='ltr'><strong>eo</strong></span> <span class='ocrx_word' id='word_1_62' title='bbox 1415 1205 1490 1270; x_wconf 73' lang='lat' dir='ltr'><strong>pra·</strong></span> 
     </span>
     <span class='ocr_line' id='line_1_9' title="bbox 337 1284 1489 1374; baseline -0.002 -20"><span class='ocrx_word' id='word_1_63' title='bbox 337 1289 449 1355; x_wconf 88' lang='lat' dir='ltr'><strong>ludens</strong></span> <span class='ocrx_word' id='word_1_64' title='bbox 464 1288 630 1374; x_wconf 89' lang='lat' dir='ltr'><strong>attingam,</strong></span> <span class='ocrx_word' id='word_1_65' title='bbox 646 1296 679 1353; x_wconf 90' lang='lat' dir='ltr'><strong>et</strong></span> <span class='ocrx_word' id='word_1_66' title='bbox 695 1294 834 1353; x_wconf 86' lang='lat' dir='ltr'><strong>sternam</strong></span> <span class='ocrx_word' id='word_1_67' title='bbox 848 1294 1009 1371; x_wconf 73' lang='lat' dir='ltr'><strong>uteturque</strong></span> <span class='ocrx_word' id='word_1_68' title='bbox 1022 1284 1109 1349; x_wconf 82' lang='lat' dir='ltr'><strong>riam</strong></span> <span class='ocrx_word' id='word_1_69' title='bbox 1123 1284 1343 1351; x_wconf 76' lang='lat' dir='ltr'><strong>subtilissimae</strong></span> <span class='ocrx_word' id='word_1_70' title='bbox 1356 1286 1489 1352; x_wconf 68' lang='lat' dir='ltr'><strong>matema</strong></span> 
     </span>
     <span class='ocr_line' id='line_1_10' title="bbox 337 1384 1488 1477; baseline -0.003 -20"><span class='ocrx_word' id='word_1_71' title='bbox 337 1390 519 1457; x_wconf 75' lang='lat' dir='ltr'><strong>enodandae.</strong></span> <span class='ocrx_word' id='word_1_72' title='bbox 565 1388 711 1477; x_wconf 77' lang='lat' dir='ltr'><strong>Cumque</strong></span> <span class='ocrx_word' id='word_1_73' title='bbox 732 1388 817 1454; x_wconf 93' lang='lat' dir='ltr'><strong>nihil</strong></span> <span class='ocrx_word' id='word_1_74' title='bbox 838 1388 874 1452; x_wconf 93' lang='lat' dir='ltr'><strong>in</strong></span> <span class='ocrx_word' id='word_1_75' title='bbox 894 1386 957 1452; x_wconf 90' lang='lat' dir='ltr'><strong>hac</strong></span> <span class='ocrx_word' id='word_1_76' title='bbox 978 1384 1116 1453; x_wconf 85' lang='lat' dir='ltr'><strong>dixerim</strong></span> <span class='ocrx_word' id='word_1_77' title='bbox 1137 1385 1179 1452; x_wconf 88' lang='lat' dir='ltr'><strong>ad</strong></span> <span class='ocrx_word' id='word_1_78' title='bbox 1200 1408 1278 1467; x_wconf 92' lang='lat' dir='ltr'><strong>rem,</strong></span> <span class='ocrx_word' id='word_1_79' title='bbox 1300 1388 1439 1453; x_wconf 87' lang='lat' dir='ltr'><strong>conabor</strong></span> <span class='ocrx_word' id='word_1_80' title='bbox 1457 1389 1488 1453; x_wconf 92' lang='lat' dir='ltr'><strong>in</strong></span> 
     </span>
    </p>
   </div>
   <div class='ocr_carea' id='block_1_3' title="bbox 335 1489 1448 1583">
    <p class='ocr_par' dir='ltr' id='par_1_3' title="bbox 335 1489 1448 1583">
     <span class='ocr_line' id='line_1_11' title="bbox 335 1489 1448 1583; baseline -0.004 -22"><span class='ocrx_word' id='word_1_81' title='bbox 335 1495 461 1561; x_wconf 87' lang='lat' dir='ltr'><strong>duabus</strong></span> <span class='ocrx_word' id='word_1_82' title='bbox 476 1516 548 1583; x_wconf 81' lang='lat' dir='ltr'><strong>quae</strong></span> <span class='ocrx_word' id='word_1_83' title='bbox 562 1501 731 1582; x_wconf 85' lang='lat' dir='ltr'><strong>supersunt</strong></span> <span class='ocrx_word' id='word_1_84' title='bbox 744 1491 952 1559; x_wconf 83' lang='lat' dir='ltr'><strong>Lectionibus</strong></span> <span class='ocrx_word' id='word_1_85' title='bbox 966 1490 1053 1556; x_wconf 89' lang='lat' dir='ltr'><strong>hune</strong></span> <span class='ocrx_word' id='word_1_86' title='bbox 1066 1489 1223 1557; x_wconf 85' lang='lat' dir='ltr'><strong>defectum</strong></span> <span class='ocrx_word' id='word_1_87' title='bbox 1236 1512 1448 1579; x_wconf 73' lang='lat' dir='ltr'><strong>compensare</strong></span> 
     </span>
    </p>
   </div>
   <div class='ocr_carea' id='block_1_4' title="bbox 780 1926 1055 1994">
    <p class='ocr_par' dir='ltr' id='par_1_4' title="bbox 780 1926 1055 1994">
     <span class='ocr_line' id='line_1_12' title="bbox 780 1926 1055 1994; baseline 0 -1"><span class='ocrx_word' id='word_1_88' title='bbox 780 1926 912 1993; x_wconf 82' lang='lat' dir='ltr'><strong>LEOT.</strong></span> <span class='ocrx_word' id='word_1_89' title='bbox 934 1926 1055 1994; x_wconf 62' lang='lat' dir='ltr'>XIV!</span> 
     </span>
    </p>
   </div>
   <div class='ocr_carea' id='block_1_5' title="bbox 338 2086 1537 3939">
    <p class='ocr_par' dir='ltr' id='par_1_5' title="bbox 430 2086 1486 2175">
     <span class='ocr_line' id='line_1_13' title="bbox 430 2086 1486 2175; baseline 0.004 -21"><span class='ocrx_word' id='word_1_90' title='bbox 430 2086 812 2154; x_wconf 84' lang='lat' dir='ltr'><strong>MAGNITUDINUM</strong></span> <span class='ocrx_word' id='word_1_91' title='bbox 836 2087 997 2155; x_wconf 82' lang='lat' dir='ltr'><strong>attributis</strong></span> <span class='ocrx_word' id='word_1_92' title='bbox 1024 2098 1200 2175; x_wconf 84' lang='lat' dir='ltr'><strong>postremas</strong></span> <span class='ocrx_word' id='word_1_93' title='bbox 1227 2090 1486 2157; x_wconf 78' lang='lat' dir='ltr'><strong>consideravimus</strong></span> 
     </span>
    </p>

    <p class='ocr_par' dir='ltr' id='par_1_6' title="bbox 338 2190 1486 3397">
     <span class='ocr_line' id='line_1_14' title="bbox 431 2190 1486 2280; baseline 0.002 -21"><span class='ocrx_word' id='word_1_94' title='bbox 431 2190 643 2278; x_wconf 75' lang='lat' dir='ltr'><strong>equalitatem</strong></span> <span class='ocrx_word' id='word_1_95' title='bbox 661 2201 694 2257; x_wconf 91' lang='lat' dir='ltr'><strong>et</strong></span> <span class='ocrx_word' id='word_1_96' title='bbox 713 2190 971 2279; x_wconf 74' lang='lat' dir='ltr'><strong>inaequalitatem,</strong></span> <span class='ocrx_word' id='word_1_97' title='bbox 989 2192 1092 2279; x_wconf 88' lang='lat' dir='ltr'><strong>iisqne</strong></span> <span class='ocrx_word' id='word_1_98' title='bbox 1111 2192 1217 2280; x_wconf 82' lang='lat' dir='ltr'><strong>quoad</strong></span> <span class='ocrx_word' id='word_1_99' title='bbox 1235 2194 1271 2259; x_wconf 92' lang='lat' dir='ltr'><strong>in</strong></span> <span class='ocrx_word' id='word_1_100' title='bbox 1285 2196 1379 2261; x_wconf 91' lang='lat' dir='ltr'><strong>nobis</strong></span> <span class='ocrx_word' id='word_1_101' title='bbox 1398 2196 1486 2261; x_wconf 86' lang='lat' dir='ltr'><strong>situm</strong></span> 
     </span>
     <span class='ocr_line' id='line_1_15' title="bbox 338 2295 1484 2387; baseline 0.003 -25"><span class='ocrx_word' id='word_1_102' title='bbox 338 2306 415 2378; x_wconf 85' lang='lat' dir='ltr'><strong>erat,</strong></span> <span class='ocrx_word' id='word_1_103' title='bbox 436 2296 590 2383; x_wconf 84' lang='lat' dir='ltr'><strong>genuinas</strong></span> <span class='ocrx_word' id='word_1_104' title='bbox 609 2296 752 2362; x_wconf 88' lang='lat' dir='ltr'><strong>notiones</strong></span> <span class='ocrx_word' id='word_1_105' title='bbox 771 2296 972 2363; x_wconf 80' lang='lat' dir='ltr'><strong>asseruimus.</strong></span> <span class='ocrx_word' id='word_1_106' title='bbox 1017 2295 1096 2362; x_wconf 87' lang='lat' dir='ltr'><strong>Illas</strong></span> <span class='ocrx_word' id='word_1_107' title='bbox 1117 2296 1226 2363; x_wconf 89' lang='lat' dir='ltr'><strong>ordine</strong></span> <span class='ocrx_word' id='word_1_108' title='bbox 1244 2320 1331 2364; x_wconf 89' lang='lat' dir='ltr'><strong>nune</strong></span> <span class='ocrx_word' id='word_1_109' title='bbox 1350 2301 1484 2387; x_wconf 84' lang='lat' dir='ltr'><strong>excipere</strong></span> 
     </span>
     <span class='ocr_line' id='line_1_16' title="bbox 338 2398 1482 2491; baseline 0.002 -24"><span class='ocrx_word' id='word_1_110' title='bbox 338 2400 440 2489; x_wconf 89' lang='lat' dir='ltr'><strong>possit</strong></span> <span class='ocrx_word' id='word_1_111' title='bbox 454 2400 549 2466; x_wconf 86' lang='lat' dir='ltr'><strong>Ratio</strong></span> <span class='ocrx_word' id='word_1_112' title='bbox 564 2398 616 2466; x_wconf 88' lang='lat' dir='ltr'><strong>vel</strong></span> <span class='ocrx_word' id='word_1_113' title='bbox 631 2399 808 2488; x_wconf 89' lang='lat' dir='ltr'><strong>Proportio,</strong></span> <span class='ocrx_word' id='word_1_114' title='bbox 824 2399 943 2487; x_wconf 91' lang='lat' dir='ltr'><strong>quippe</strong></span> <span class='ocrx_word' id='word_1_115' title='bbox 961 2422 1033 2487; x_wconf 79' lang='lat' dir='ltr'><strong>quae</strong></span> <span class='ocrx_word' id='word_1_116' title='bbox 1048 2400 1111 2467; x_wconf 89' lang='lat' dir='ltr'><strong>sere</strong></span> <span class='ocrx_word' id='word_1_117' title='bbox 1124 2400 1208 2467; x_wconf 90' lang='lat' dir='ltr'><strong>nihil</strong></span> <span class='ocrx_word' id='word_1_118' title='bbox 1221 2412 1271 2468; x_wconf 92' lang='lat' dir='ltr'><strong>est</strong></span> <span class='ocrx_word' id='word_1_119' title='bbox 1284 2402 1383 2484; x_wconf 76' lang='lat' dir='ltr'><strong>aliud,</strong></span> <span class='ocrx_word' id='word_1_120' title='bbox 1398 2426 1482 2491; x_wconf 87' lang='lat' dir='ltr'><strong>quam</strong></span> 
     </span>
     <span class='ocr_line' id='line_1_17' title="bbox 339 2502 1483 2594; baseline 0 -23"><span class='ocrx_word' id='word_1_121' title='bbox 339 2528 381 2571; x_wconf 86' lang='lat' dir='ltr'><strong>ex</strong></span> <span class='ocrx_word' id='word_1_122' title='bbox 396 2514 585 2593; x_wconf 88' lang='lat' dir='ltr'><strong>quantorum</strong></span> <span class='ocrx_word' id='word_1_123' title='bbox 600 2503 833 2590; x_wconf 86' lang='lat' dir='ltr'><strong>comparatione</strong></span> <span class='ocrx_word' id='word_1_124' title='bbox 850 2502 1006 2569; x_wconf 81' lang='lat' dir='ltr'><strong>resultans</strong></span> <span class='ocrx_word' id='word_1_125' title='bbox 1025 2504 1215 2591; x_wconf 73' lang='lat' dir='ltr'><strong>aequalitatis</strong></span> <span class='ocrx_word' id='word_1_126' title='bbox 1229 2517 1285 2571; x_wconf 87' lang='lat' dir='ltr'><strong>aut</strong></span> <span class='ocrx_word' id='word_1_127' title='bbox 1298 2506 1483 2594; x_wconf 74' lang='lat' dir='ltr'><strong>inequalita-</strong></span> 
     </span>
     <span class='ocr_line' id='line_1_18' title="bbox 339 2605 1483 2697; baseline -0.002 -20"><span class='ocrx_word' id='word_1_128' title='bbox 339 2610 381 2677; x_wconf 88' lang='lat' dir='ltr'><strong>tis</strong></span> <span class='ocrx_word' id='word_1_129' title='bbox 402 2608 619 2677; x_wconf 87' lang='lat' dir='ltr'><strong>determinatio</strong></span> <span class='ocrx_word' id='word_1_130' title='bbox 639 2607 795 2695; x_wconf 86' lang='lat' dir='ltr'><strong>quaedam.</strong></span> <span class='ocrx_word' id='word_1_131' title='bbox 840 2605 923 2674; x_wconf 83' lang='lat' dir='ltr'><strong>Cum</strong></span> <span class='ocrx_word' id='word_1_132' title='bbox 943 2606 1029 2673; x_wconf 91' lang='lat' dir='ltr'><strong>enim</strong></span> <span class='ocrx_word' id='word_1_133' title='bbox 1048 2608 1090 2672; x_wconf 89' lang='lat' dir='ltr'><strong>ab</strong></span> <span class='ocrx_word' id='word_1_134' title='bbox 1112 2609 1301 2697; x_wconf 81' lang='lat' dir='ltr'><strong>aequalitate,</strong></span> <span class='ocrx_word' id='word_1_135' title='bbox 1323 2632 1397 2697; x_wconf 77' lang='lat' dir='ltr'><strong>quoe</strong></span> <span class='ocrx_word' id='word_1_136' title='bbox 1417 2612 1483 2677; x_wconf 90' lang='lat' dir='ltr'><strong>sim·</strong></span> 
     </span>
     <span class='ocr_line' id='line_1_19' title="bbox 338 2708 1482 2801; baseline 0.003 -23"><span class='ocrx_word' id='word_1_137' title='bbox 338 2713 416 2801; x_wconf 87' lang='lat' dir='ltr'><strong>plex</strong></span> <span class='ocrx_word' id='word_1_138' title='bbox 430 2724 478 2779; x_wconf 87' lang='lat' dir='ltr'><strong>est</strong></span> <span class='ocrx_word' id='word_1_139' title='bbox 492 2722 524 2779; x_wconf 88' lang='lat' dir='ltr'><strong>et</strong></span> <span class='ocrx_word' id='word_1_140' title='bbox 537 2722 573 2779; x_wconf 90' lang='lat' dir='ltr'><strong>ut</strong></span> <span class='ocrx_word' id='word_1_141' title='bbox 586 2712 632 2777; x_wconf 89' lang='lat' dir='ltr'><strong>ita</strong></span> <span class='ocrx_word' id='word_1_142' title='bbox 646 2711 749 2777; x_wconf 89' lang='lat' dir='ltr'><strong>dicam</strong></span> <span class='ocrx_word' id='word_1_143' title='bbox 764 2708 925 2790; x_wconf 85' lang='lat' dir='ltr'><strong>unimoda,</strong></span> <span class='ocrx_word' id='word_1_144' title='bbox 940 2710 1114 2777; x_wconf 86' lang='lat' dir='ltr'><strong>recedendo</strong></span> <span class='ocrx_word' id='word_1_145' title='bbox 1128 2713 1251 2800; x_wconf 89' lang='lat' dir='ltr'><strong>possint</strong></span> <span class='ocrx_word' id='word_1_146' title='bbox 1264 2714 1347 2781; x_wconf 89' lang='lat' dir='ltr'><strong>inter</strong></span> <span class='ocrx_word' id='word_1_147' title='bbox 1360 2738 1396 2781; x_wconf 90' lang='lat' dir='ltr'><strong>se</strong></span> <span class='ocrx_word' id='word_1_148' title='bbox 1409 2738 1482 2781; x_wconf 88' lang='lat' dir='ltr'><strong>com·</strong></span> 
     </span>
     <span class='ocr_line' id='line_1_20' title="bbox 339 2812 1482 2905; baseline 0.005 -25"><span class='ocrx_word' id='word_1_149' title='bbox 339 2816 495 2903; x_wconf 84' lang='lat' dir='ltr'><strong>parabilis</strong></span> <span class='ocrx_word' id='word_1_150' title='bbox 509 2824 637 2902; x_wconf 87' lang='lat' dir='ltr'><strong>quanta,</strong></span> <span class='ocrx_word' id='word_1_151' title='bbox 658 2813 847 2901; x_wconf 84' lang='lat' dir='ltr'><strong>generaliter</strong></span> <span class='ocrx_word' id='word_1_152' title='bbox 866 2812 1034 2900; x_wconf 91' lang='lat' dir='ltr'><strong>loquendo,</strong></span> <span class='ocrx_word' id='word_1_153' title='bbox 1055 2814 1166 2881; x_wconf 89' lang='lat' dir='ltr'><strong>modos</strong></span> <span class='ocrx_word' id='word_1_154' title='bbox 1182 2816 1409 2905; x_wconf 77' lang='lat' dir='ltr'><strong>inaequalitatis</strong></span> <span class='ocrx_word' id='word_1_155' title='bbox 1421 2816 1482 2885; x_wconf 82' lang='lat' dir='ltr'><strong>infi-</strong></span> 
     </span>
     <span class='ocr_line' id='line_1_21' title="bbox 339 2914 1480 3006; baseline 0 -21"><span class='ocrx_word' id='word_1_156' title='bbox 339 2918 423 2985; x_wconf 88' lang='lat' dir='ltr'><strong>nitos</strong></span> <span class='ocrx_word' id='word_1_157' title='bbox 445 2917 611 3004; x_wconf 83' lang='lat' dir='ltr'><strong>suscipere,</strong></span> <span class='ocrx_word' id='word_1_158' title='bbox 635 2916 806 3003; x_wconf 84' lang='lat' dir='ltr'><strong>singularis</strong></span> <span class='ocrx_word' id='word_1_159' title='bbox 826 2914 961 3002; x_wconf 87' lang='lat' dir='ltr'><strong>alicujus</strong></span> <span class='ocrx_word' id='word_1_160' title='bbox 986 2937 1029 2981; x_wconf 87' lang='lat' dir='ltr'><strong>ex</strong></span> <span class='ocrx_word' id='word_1_161' title='bbox 1054 2916 1106 2982; x_wconf 88' lang='lat' dir='ltr'><strong>his</strong></span> <span class='ocrx_word' id='word_1_162' title='bbox 1129 2917 1265 3006; x_wconf 84' lang='lat' dir='ltr'><strong>alicujus</strong></span> <span class='ocrx_word' id='word_1_163' title='bbox 1289 2919 1378 2987; x_wconf 89' lang='lat' dir='ltr'><strong>modi</strong></span> <span class='ocrx_word' id='word_1_164' title='bbox 1402 2921 1480 2987; x_wconf 89' lang='lat' dir='ltr'><strong>rebus</strong></span> 
     </span>
     <span class='ocr_line' id='line_1_22' title="bbox 338 3019 1479 3107; baseline 0.004 -22"><span class='ocrx_word' id='word_1_165' title='bbox 338 3020 527 3105; x_wconf 87' lang='lat' dir='ltr'><strong>comparatis</strong></span> <span class='ocrx_word' id='word_1_166' title='bbox 549 3020 742 3107; x_wconf 89' lang='lat' dir='ltr'><strong>appropriati</strong></span> <span class='ocrx_word' id='word_1_167' title='bbox 769 3019 998 3100; x_wconf 83' lang='lat' dir='ltr'><strong>determinatio,</strong></span> <span class='ocrx_word' id='word_1_168' title='bbox 1025 3021 1165 3087; x_wconf 87' lang='lat' dir='ltr'><strong>numeris</strong></span> <span class='ocrx_word' id='word_1_169' title='bbox 1193 3022 1246 3089; x_wconf 83' lang='lat' dir='ltr'><strong>vel</strong></span> <span class='ocrx_word' id='word_1_170' title='bbox 1274 3023 1348 3089; x_wconf 89' lang='lat' dir='ltr'><strong>aliis</strong></span> <span class='ocrx_word' id='word_1_171' title='bbox 1373 3022 1479 3091; x_wconf 85' lang='lat' dir='ltr'><strong>idoneis</strong></span> 
     </span>
     <span class='ocr_line' id='line_1_23' title="bbox 339 3121 1479 3217; baseline 0.007 -30"><span class='ocrx_word' id='word_1_172' title='bbox 339 3121 483 3189; x_wconf 90' lang='lat' dir='ltr'><strong>terminis</strong></span> <span class='ocrx_word' id='word_1_173' title='bbox 503 3144 661 3210; x_wconf 87' lang='lat' dir='ltr'><strong>expressa,</strong></span> <span class='ocrx_word' id='word_1_174' title='bbox 677 3122 740 3188; x_wconf 91' lang='lat' dir='ltr'><strong>dici</strong></span> <span class='ocrx_word' id='word_1_175' title='bbox 758 3122 839 3189; x_wconf 89' lang='lat' dir='ltr'><strong>solet</strong></span> <span class='ocrx_word' id='word_1_176' title='bbox 855 3122 996 3212; x_wconf 91' lang='lat' dir='ltr'><strong>ipsorum</strong></span> <span class='ocrx_word' id='word_1_177' title='bbox 1014 3123 1198 3212; x_wconf 88' lang='lat' dir='ltr'><strong>Proportio;</strong></span> <span class='ocrx_word' id='word_1_178' title='bbox 1220 3132 1286 3214; x_wconf 78' lang='lat' dir='ltr'><strong>qut</strong></span> <span class='ocrx_word' id='word_1_179' title='bbox 1298 3150 1413 3217; x_wconf 87' lang='lat' dir='ltr'><strong>nempe</strong></span> <span class='ocrx_word' id='word_1_180' title='bbox 1425 3127 1479 3211; x_wconf 84' lang='lat' dir='ltr'><strong>sig·</strong></span> 
     </span>
     <span class='ocr_line' id='line_1_24' title="bbox 338 3224 1479 3318; baseline 0.004 -26"><span class='ocrx_word' id='word_1_181' title='bbox 338 3226 486 3292; x_wconf 87' lang='lat' dir='ltr'><strong>nificatnr</strong></span> <span class='ocrx_word' id='word_1_182' title='bbox 507 3225 631 3291; x_wconf 89' lang='lat' dir='ltr'><strong>ausint</strong></span> <span class='ocrx_word' id='word_1_183' title='bbox 654 3224 798 3312; x_wconf 88' lang='lat' dir='ltr'><strong>aequalia,</strong></span> <span class='ocrx_word' id='word_1_184' title='bbox 822 3226 876 3293; x_wconf 88' lang='lat' dir='ltr'><strong>vel</strong></span> <span class='ocrx_word' id='word_1_185' title='bbox 895 3248 959 3314; x_wconf 93' lang='lat' dir='ltr'><strong>quo</strong></span> <span class='ocrx_word' id='word_1_186' title='bbox 977 3237 1062 3294; x_wconf 90' lang='lat' dir='ltr'><strong>certo</strong></span> <span class='ocrx_word' id='word_1_187' title='bbox 1080 3229 1231 3316; x_wconf 88' lang='lat' dir='ltr'><strong>peculiari</strong></span> <span class='ocrx_word' id='word_1_188' title='bbox 1248 3242 1343 3318; x_wconf 88' lang='lat' dir='ltr'><strong>paeto</strong></span> <span class='ocrx_word' id='word_1_189' title='bbox 1359 3232 1422 3299; x_wconf 86' lang='lat' dir='ltr'><strong>sint</strong></span> <span class='ocrx_word' id='word_1_190' title='bbox 1439 3231 1479 3296; x_wconf 89' lang='lat' dir='ltr'><strong>iu·</strong></span> 
     </span>
     <span class='ocr_line' id='line_1_25' title="bbox 339 3328 483 3397; baseline -0.021 0"><span class='ocrx_word' id='word_1_191' title='bbox 339 3352 366 3397; x_wconf 85' lang='lat' dir='ltr'><strong>ae</strong></span> <span class='ocrx_word' id='word_1_192' title='bbox 389 3328 483 3395; x_wconf 89' lang='lat' dir='ltr'><strong>ualia.</strong></span> 
     </span>
    </p>

    <p class='ocr_par' dir='ltr' id='par_1_7' title="bbox 338 3353 1537 3939">
     <span class='ocr_line' id='line_1_26' title="bbox 367 3353 1537 3560; baseline 0 -61"><span class='ocrx_word' id='word_1_193' title='bbox 367 3353 390 3418; x_wconf 74' lang='lat' dir='ltr'>q</span> <span class='ocrx_word' id='word_1_194' title='bbox 405 3432 477 3499; x_wconf 87' lang='lat' dir='ltr'><strong>Hoc</strong></span> <span class='ocrx_word' id='word_1_195' title='bbox 491 3443 598 3499; x_wconf 86' lang='lat' dir='ltr'><strong>tamen</strong></span> <span class='ocrx_word' id='word_1_196' title='bbox 613 3430 807 3519; x_wconf 82' lang='lat' dir='ltr'><strong>praecipuum</strong></span> <span class='ocrx_word' id='word_1_197' title='bbox 821 3431 1077 3519; x_wconf 84' lang='lat' dir='ltr'><strong>magnitudinum</strong></span> <span class='ocrx_word' id='word_1_198' title='bbox 1092 3443 1274 3523; x_wconf 83' lang='lat' dir='ltr'><strong>symptoma</strong></span> <span class='ocrx_word' id='word_1_199' title='bbox 1286 3460 1352 3525; x_wconf 91' lang='lat' dir='ltr'><strong>quo</strong></span> <span class='ocrx_word' id='word_1_200' title='bbox 1365 3438 1479 3505; x_wconf 69' lang='lat' dir='ltr'><strong>demo</strong></span> <span class='ocrx_word' id='word_1_201' title='bbox 1536 3467 1537 3560; x_wconf 59' lang='lat' dir='ltr'><strong>q</strong></span> 
     </span>
     <span class='ocr_line' id='line_1_27' title="bbox 339 3534 1478 3629; baseline 0.004 -24"><span class='ocrx_word' id='word_1_202' title='bbox 339 3538 402 3605; x_wconf 90' lang='lat' dir='ltr'><strong>tius</strong></span> <span class='ocrx_word' id='word_1_203' title='bbox 417 3548 449 3604; x_wconf 88' lang='lat' dir='ltr'><strong>et</strong></span> <span class='ocrx_word' id='word_1_204' title='bbox 463 3536 578 3603; x_wconf 91' lang='lat' dir='ltr'><strong>clarius</strong></span> <span class='ocrx_word' id='word_1_205' title='bbox 593 3534 786 3624; x_wconf 86' lang='lat' dir='ltr'><strong>explicatum</strong></span> <span class='ocrx_word' id='word_1_206' title='bbox 802 3535 922 3616; x_wconf 86' lang='lat' dir='ltr'><strong>demus,</strong></span> <span class='ocrx_word' id='word_1_207' title='bbox 938 3536 1088 3623; x_wconf 89' lang='lat' dir='ltr'><strong>expedire</strong></span> <span class='ocrx_word' id='word_1_208' title='bbox 1102 3538 1237 3619; x_wconf 86' lang='lat' dir='ltr'><strong>videtur,</strong></span> <span class='ocrx_word' id='word_1_209' title='bbox 1251 3564 1326 3607; x_wconf 88' lang='lat' dir='ltr'><strong>cum</strong></span> <span class='ocrx_word' id='word_1_210' title='bbox 1340 3552 1386 3622; x_wconf 90' lang='lat' dir='ltr'><strong>ut,</strong></span> <span class='ocrx_word' id='word_1_211' title='bbox 1399 3562 1478 3629; x_wconf 74' lang='lat' dir='ltr'><strong>prop·</strong></span> 
     </span>
     <span class='ocr_line' id='line_1_28' title="bbox 338 3638 1477 3729; baseline 0.004 -21"><span class='ocrx_word' id='word_1_212' title='bbox 338 3652 386 3708; x_wconf 90' lang='lat' dir='ltr'><strong>ter</strong></span> <span class='ocrx_word' id='word_1_213' title='bbox 408 3640 624 3729; x_wconf 86' lang='lat' dir='ltr'><strong>symmetriam</strong></span> <span class='ocrx_word' id='word_1_214' title='bbox 645 3650 678 3705; x_wconf 91' lang='lat' dir='ltr'><strong>et</strong></span> <span class='ocrx_word' id='word_1_215' title='bbox 696 3638 934 3726; x_wconf 86' lang='lat' dir='ltr'><strong>asymmetriam</strong></span> <span class='ocrx_word' id='word_1_216' title='bbox 957 3640 1194 3729; x_wconf 89' lang='lat' dir='ltr'><strong>proportionum</strong></span> <span class='ocrx_word' id='word_1_217' title='bbox 1215 3643 1366 3711; x_wconf 80' lang='lat' dir='ltr'><strong>doetrinae</strong></span> <span class='ocrx_word' id='word_1_218' title='bbox 1386 3664 1477 3711; x_wconf 70' lang='lat' dir='ltr'><strong>natast¹</strong></span> 
     </span>
     <span class='ocr_line' id='line_1_29' title="bbox 339 3742 1475 3831; baseline 0.001 -20"><span class='ocrx_word' id='word_1_219' title='bbox 339 3744 421 3811; x_wconf 83' lang='lat' dir='ltr'><strong>sario</strong></span> <span class='ocrx_word' id='word_1_220' title='bbox 447 3743 701 3822; x_wconf 85' lang='lat' dir='ltr'><strong>intervenientes,</strong></span> <span class='ocrx_word' id='word_1_221' title='bbox 727 3742 870 3809; x_wconf 90' lang='lat' dir='ltr'><strong>nobilem</strong></span> <span class='ocrx_word' id='word_1_222' title='bbox 896 3742 986 3809; x_wconf 91' lang='lat' dir='ltr'><strong>illam</strong></span> <span class='ocrx_word' id='word_1_223' title='bbox 1012 3745 1269 3831; x_wconf 87' lang='lat' dir='ltr'><strong>magnitudinum</strong></span> <span class='ocrx_word' id='word_1_224' title='bbox 1296 3748 1475 3815; x_wconf 77' lang='lat' dir='ltr'><strong>affccfionem</strong></span> 
     </span>
     <span class='ocr_line' id='line_1_30' title="bbox 339 3844 1476 3939; baseline -0.002 -24"><span class='ocrx_word' id='word_1_225' title='bbox 339 3846 646 3915; x_wconf 87' lang='lat' dir='ltr'><strong>Mensurabilitatem</strong></span> <span class='ocrx_word' id='word_1_226' title='bbox 671 3846 760 3934; x_wconf 90' lang='lat' dir='ltr'><strong>prius</strong></span> <span class='ocrx_word' id='word_1_227' title='bbox 785 3868 992 3934; x_wconf 87' lang='lat' dir='ltr'><strong>exponamus,</strong></span> <span class='ocrx_word' id='word_1_228' title='bbox 1019 3858 1088 3914; x_wconf 93' lang='lat' dir='ltr'><strong>tum</strong></span> <span class='ocrx_word' id='word_1_229' title='bbox 1111 3858 1148 3915; x_wconf 88' lang='lat' dir='ltr'><strong>nt</strong></span> <span class='ocrx_word' id='word_1_230' title='bbox 1170 3850 1209 3917; x_wconf 88' lang='lat' dir='ltr'><strong>de</strong></span> <span class='ocrx_word' id='word_1_231' title='bbox 1234 3863 1419 3939; x_wconf 89' lang='lat' dir='ltr'><strong>quantorum</strong></span> <span class='ocrx_word' id='word_1_232' title='bbox 1442 3844 1476 3913; x_wconf 86' lang='lat' dir='ltr'><strong>sd</strong></span> 
     </span>
    </p>
   </div>
   <div class='ocr_carea' id='block_1_6' title="bbox 338 4096 1236 4257">
    <p class='ocr_par' dir='ltr' id='par_1_8' title="bbox 338 4096 1236 4257">
     <span class='ocr_line' id='line_1_31' title="bbox 338 4096 892 4167; baseline 0 -16"><span class='ocrx_word' id='word_1_233' title='bbox 338 4108 343 4131; x_wconf 70' lang='lat'><em>⁹</em></span> <span class='ocrx_word' id='word_1_234' title='bbox 392 4096 489 4151; x_wconf 82' lang='lat' dir='ltr'><strong>lbere</strong></span> <span class='ocrx_word' id='word_1_235' title='bbox 499 4098 549 4150; x_wconf 87' lang='lat' dir='ltr'><strong>not</strong></span> <span class='ocrx_word' id='word_1_236' title='bbox 560 4098 607 4165; x_wconf 78' lang='lat' dir='ltr'><strong>yet</strong></span> <span class='ocrx_word' id='word_1_237' title='bbox 617 4098 666 4165; x_wconf 74' lang='lat' dir='ltr'><strong>got</strong></span> <span class='ocrx_word' id='word_1_238' title='bbox 676 4098 707 4151; x_wconf 87' lang='lat' dir='ltr'><strong>to</strong></span> <span class='ocrx_word' id='word_1_239' title='bbox 720 4096 892 4167; x_wconf 87' lang='lat' dir='ltr'><strong>Proportion.</strong></span> 
     </span>
     <span class='ocr_line' id='line_1_32' title="bbox 391 4180 1236 4257; baseline 0.008 -20"><span class='ocrx_word' id='word_1_240' title='bbox 391 4180 450 4237; x_wconf 78' lang='lat' dir='ltr'><strong>&#39;l&#39;he</strong></span> <span class='ocrx_word' id='word_1_241' title='bbox 461 4186 516 4237; x_wconf 83' lang='lat' dir='ltr'><strong>two</strong></span> <span class='ocrx_word' id='word_1_242' title='bbox 527 4184 595 4237; x_wconf 86' lang='lat' dir='ltr'><strong>next</strong></span> <span class='ocrx_word' id='word_1_243' title='bbox 606 4180 739 4237; x_wconf 84' lang='lat' dir='ltr'><strong>Lectores</strong></span> <span class='ocrx_word' id='word_1_244' title='bbox 750 4182 806 4237; x_wconf 78' lang='lat' dir='ltr'><strong>will</strong></span> <span class='ocrx_word' id='word_1_245' title='bbox 816 4183 852 4239; x_wconf 89' lang='lat' dir='ltr'><strong>be</strong></span> <span class='ocrx_word' id='word_1_246' title='bbox 862 4182 993 4253; x_wconf 83' lang='lat' dir='ltr'><strong>prelndes</strong></span> <span class='ocrx_word' id='word_1_247' title='bbox 1004 4187 1034 4241; x_wconf 87' lang='lat' dir='ltr'><strong>to</strong></span> <span class='ocrx_word' id='word_1_248' title='bbox 1045 4184 1109 4242; x_wconf 79' lang='lat' dir='ltr'><strong>that</strong></span> <span class='ocrx_word' id='word_1_249' title='bbox 1119 4185 1236 4257; x_wconf 84' lang='lat' dir='ltr'><strong>subject</strong></span> 
     </span>
    </p>
   </div>
   <div class='ocr_carea' id='block_1_7' title="bbox 391 4346 1278 4513">
    <p class='ocr_par' dir='ltr' id='par_1_9' title="bbox 391 4346 1278 4513">
     <span class='ocr_line' id='line_1_33' title="bbox 391 4346 851 4418; baseline 0.007 -15"><span class='ocrx_word' id='word_1_250' title='bbox 391 4348 409 4383; x_wconf 66' lang='lat'>⁴</span> <span class='ocrx_word' id='word_1_251' title='bbox 427 4348 591 4418; x_wconf 86' lang='lat' dir='ltr'><strong>Proportion</strong></span> <span class='ocrx_word' id='word_1_252' title='bbox 602 4350 632 4404; x_wconf 89' lang='lat' dir='ltr'><strong>to</strong></span> <span class='ocrx_word' id='word_1_253' title='bbox 643 4346 679 4405; x_wconf 89' lang='lat' dir='ltr'><strong>be</strong></span> <span class='ocrx_word' id='word_1_254' title='bbox 691 4349 851 4406; x_wconf 72' lang='lat' dir='ltr'><strong>dimumed:</strong></span> 
     </span>
     <span class='ocr_line' id='line_1_34' title="bbox 392 4434 1278 4513; baseline 0.008 -21"><span class='ocrx_word' id='word_1_255' title='bbox 392 4436 450 4493; x_wconf 90' lang='lat' dir='ltr'><strong>But</strong></span> <span class='ocrx_word' id='word_1_256' title='bbox 461 4435 530 4505; x_wconf 83' lang='lat' dir='ltr'><strong>first,</strong></span> <span class='ocrx_word' id='word_1_257' title='bbox 542 4434 758 4505; x_wconf 84' lang='lat' dir='ltr'><strong>Mensurability,</strong></span> <span class='ocrx_word' id='word_1_258' title='bbox 772 4437 972 4509; x_wconf 78' lang='lat' dir='ltr'><strong>Homogeneity</strong></span> <span class='ocrx_word' id='word_1_259' title='bbox 983 4439 1039 4495; x_wconf 86' lang='lat' dir='ltr'><strong>and</strong></span> <span class='ocrx_word' id='word_1_260' title='bbox 1051 4439 1278 4513; x_wconf 81' lang='lat' dir='ltr'><strong>Heterogeueity.</strong></span> 
     </span>
    </p>
   </div>
   <div class='ocr_carea' id='block_1_8' title="bbox 0 0 1589 5192">
    <p class='ocr_par' dir='ltr' id='par_1_10' title="bbox 0 0 1589 5192">
     <span class='ocr_line' id='line_1_35' title="bbox 0 0 1589 5192; baseline 0 0"><span class='ocrx_word' id='word_1_261' title='bbox 0 0 1589 5192; x_wconf 95' lang='lat' dir='ltr'><strong> </strong></span> 
     </span>
    </p>
   </div>
  </div>
 </body>
</html>
