3167 5192
284 282 349 348 256
621 293 808 345 nnorrouns
830 292 1106 343 narraremus.
1240 274 1347 361 [sacr.
1362 291 1441 340 xrr.

349 467 454 555 Igitur
472 478 508 535 nt
523 466 687 533 veritatem
707 488 798 532 suam
818 462 1031 530 universalem
1051 472 1186 544 tueatur,
1206 461 1253 528 ita
1270 462 1369 528 debet
1386 485 1447 529 ex·
1550 451 1556 474 ⁴

284 571 396 660 plicari
416 580 625 659 praenotatum
648 570 794 641 axioma:
825 568 909 634 finiti
937 566 1158 653 magnitudine
1179 565 1232 632 vel
1253 566 1446 654 quantitate,

192 725 196 733 .
285 674 326 740 ad
340 674 560 761 magnitudine
575 673 628 740 vel
642 672 819 762 quantitate
839 672 874 737 in
892 672 954 738 isto
973 693 1088 758 genere
1107 669 1269 736 infinitum
1282 669 1448 759 proportio

284 777 374 843 nulla
389 788 446 843 est.
483 776 559 843 Non
574 786 680 843 autem
694 786 731 841 ut
742 775 940 861 intelligatur
953 774 1128 861 generatim
1142 773 1318 839 terminatae
1331 772 1447 859 figurae
1556 803 1557 808 ¹

285 879 326 945 ad
339 880 592 967 magnitudinem
608 880 844 945 interminatam
858 878 981 944 nullam
995 878 1065 945 dari
1079 878 1242 944 rationem.

351 984 415 1050 His
437 1008 454 1051 e
475 984 635 1051 radicibus
657 983 796 1071 pullulat
808 982 1068 1070 ‚heterogeneitas
1090 992 1289 1077 quantorum,
1315 992 1350 1047 et
1372 1004 1446 1069 qnae

285 1088 440 1155 contrario
462 1086 556 1153 modo
578 1086 771 1152 conveniunt
788 1086 871 1151 inter
886 1108 938 1167 se;
961 1108 1034 1173 qua
1054 1091 1168 1151 natmt
1188 1108 1254 1151 non
1275 1084 1356 1150 adeo
1377 1084 1446 1149 dis-

286 1190 403 1259 similia
418 1198 492 1254 sunt
507 1189 589 1254 inter
603 1211 647 1269 se,
668 1210 726 1252 nee
741 1188 775 1252 in
791 1187 916 1254 diverso
931 1186 1119 1274 quantitatis
1138 1186 1241 1273 gradu
1259 1187 1445 1267 constituta,

285 1316 343 1360 nec
358 1291 481 1357 infinito
496 1289 662 1356 intervallo
677 1312 698 1354 a
712 1313 745 1354 se
760 1289 918 1377 dirempta
932 1298 1015 1371 sunt,
1032 1312 1070 1355 ea
1083 1300 1159 1355 sunt
1173 1290 1381 1376 homogenea.

353 1390 503 1457 Ceterum
518 1389 671 1455 Euclides
692 1388 726 1454 in
747 1388 987 1456 definitionibus
1007 1389 1081 1455 libri
1099 1390 1213 1477 quinti,
1233 1390 1448 1476 homogenaea

286 1494 523 1582 magnitudines
552 1492 673 1574 definit,
705 1514 839 1579 quarum
867 1516 942 1574 una,
976 1493 1079 1559 minor
1108 1493 1239 1574 scilicet,
1273 1491 1445 1579 aliquoties

286 1608 414 1687 accepta
435 1620 491 1663 seu
512 1595 731 1683 multiplicata,
753 1607 858 1697 potest
885 1598 1018 1663 alteram
1043 1597 1204 1664 excedere.
1248 1596 1349 1662 Istius
1368 1596 1444 1662 libri

286 1701 428 1769 definitio
454 1700 547 1766 tertia
572 1698 733 1764 tulisset:
764 1697 871 1782 Λόγος
896 1700 969 1765 ἐστι
993 1697 1049 1765 δύο
1072 1699 1217 1783 μεγεθῶν
1238 1697 1399 1783 ὁμογενῶν
1423 1696 1445 1781 ἧ

286 1804 371 1873 κατὰ
392 1800 597 1885 πηλικότητα
618 1800 699 1890 πρὸς
725 1800 862 1883 ἄλληλα
881 1800 961 1869 arcad
987 1801 1114 1891 σχέσνς.
1157 1801 1210 1867 Ne
1238 1803 1311 1890 quis
1335 1812 1445 1868 autem

286 1910 410 1977 dubitet
430 1905 509 1999 quid
526 1929 583 1994 per
601 1904 840 1992 magnitudines
860 1905 1073 1993 homogenaea
1092 1906 1252 1993 intelligit,
1266 1906 1446 1996 ¹subjungit

286 2013 394 2096 Λόγον
419 2010 505 2100 ἔχειν
530 2006 611 2096 πρὸς
637 2007 772 2090 ἄλληλα
796 2008 916 2092 μεγέθη
938 2008 1071 2094 λέγεται
1090 2006 1112 2075 ἃ
1134 2007 1292 2093 δυνάμενα
1312 2018 1445 2077 πολλα·

286 2113 531 2197 πλασιαζὸμενα
545 2110 703 2195 ἀλλήλων
717 2110 894 2202 ὑπερέχειν.

351 2219 421 2288 Ubi
448 2217 464 2285 ὁ
489 2216 707 2305 στοιχειωτὴς,
734 2216 817 2283 sicut
839 2228 923 2283 recte
945 2224 1017 2284 met
1037 2219 1195 2285 sententit
1215 2227 1307 2283 notat
1325 2216 1448 2285 doctis·

289 2326 387 2393 simns
401 2332 434 2391 et
448 2322 641 2390 clarissimus
652 2321 711 2400 vir,
724 2320 758 2385 in
770 2326 829 2387 sud
840 2320 990 2387 adversus
999 2320 1209 2388 Meibominm
1220 2320 1446 2408 disputatione,

286 2453 350 2497 non
364 2428 399 2494 id
413 2427 481 2514 agit
498 2428 545 2513 (ut
561 2435 672 2513 praeter
687 2422 897 2492 Meibominm
914 2424 970 2490 alii
991 2434 1165 2512 exponunt,
1186 2434 1219 2491 et
1237 2424 1322 2512 quod
1343 2423 1451 2489 demi·

284 2557 336 2599 ror
358 2532 413 2598 ille
442 2552 543 2617 sagax
571 2525 704 2595 Clarius
733 2548 770 2591 eo
799 2524 926 2592 videtur
954 2527 1158 2616 propendere,
1188 2527 1335 2615 quamvis
1365 2528 1450 2595 alibi

293 2636 420 2703 diversa
440 2632 556 2717 uadat)
584 2640 620 2697 ut
642 2628 787 2695 ostendat
810 2652 956 2715 quaenam
981 2630 1186 2717 homogeneae
1210 2631 1450 2717 magnitudines

292 2740 445 2806 rationem
460 2738 579 2803 habent
596 2734 698 2822 (quasi
715 2732 838 2798 axillis
857 2733 973 2821 aliquas
992 2733 1116 2799 nullam
1131 2733 1307 2819 haberent),
1322 2743 1451 2804 atvero
1555 2761 1556 2764 ¹

292 2842 399 2929 potius
421 2861 567 2926 quaenam
588 2836 825 2923 magnitudines
850 2848 925 2903 sunt
949 2836 1163 2924 homogeneae,
1188 2860 1230 2903 ne
1256 2840 1328 2926 quis
1352 2838 1452 2907 istius

293 2941 450 3022 vocabuli,
474 2941 508 3006 in
530 2939 725 3027 praecedente
746 2938 929 3005 definitione
949 2940 1056 3027 positi,
1082 2939 1273 3008 obscuritate
1296 2941 1452 3030 deceptus

293 3056 385 3125 erret,
401 3053 457 3109 aut
471 3064 642 3130 suspensus
656 3042 791 3107 haesitet.

360 3146 467 3226 Quum
482 3144 566 3211 enim
584 3143 679 3209 isthic
696 3144 930 3231 proportionem
948 3145 1069 3229 definit,
1089 3147 1273 3214 relationem
1287 3150 1454 3235 magnitu-

293 3250 406 3315 dinum
435 3248 711 3333 homogenearum,
742 3246 906 3313 indefinite
933 3248 1133 3337 proloquens,
1164 3250 1241 3317 satis
1269 3252 1386 3333 innuit,
1416 3276 1455 3321 se

293 3351 530 3441 magnitudines
544 3350 754 3437 homogeneas
765 3349 994 3432 universaliter,
1006 3375 1071 3418 non
1085 3354 1239 3440 quasdam
1250 3354 1455 3425 solummodo

292 3454 497 3545 particulares
526 3452 722 3539 intelligere;
761 3452 904 3540 alioquin
929 3453 1024 3519 etiam
1053 3456 1116 3522 nisi
1144 3458 1272 3545 quantis
1300 3459 1455 3527 omnibns

292 3557 497 3645 homogencis
515 3566 660 3623 mutuam
679 3556 762 3623 inter
780 3579 815 3622 se
839 3557 1072 3645 proportionem
1091 3559 1303 3627 existimdsset
1322 3584 1455 3650 compe-

291 3674 367 3744 tere,
386 3685 548 3751 perperam
566 3660 640 3726 illas
662 3683 720 3725 ceu
741 3659 919 3747 subjeetum
941 3662 1152 3749 proportionis
1173 3663 1357 3731 inseruisset
1378 3664 1454 3753 ejus

293 3766 487 3847 definitioni;
510 3764 687 3852 rectiusque
706 3762 838 3829 seclusis
856 3763 923 3829 illis
944 3787 1053 3831 earum
1075 3765 1144 3833 loco
1165 3767 1368 3855 adaquatum
1389 3768 1455 3835 sli-

292 3871 377 3958 quod
391 3871 568 3958 subjectum
583 3868 755 3934 statuisset.
801 3866 882 3933 Vult
896 3867 994 3954 igitur
1009 3892 1117 3936 omnes
1132 3870 1344 3959 homogeneas
1357 3896 1453 3960 mag·

292 3972 452 4042 nitudines
468 3972 666 4063 proportione
681 3994 790 4037 versus
811 3993 845 4036 se
865 3976 976 4038 mutut
990 3974 1118 4040 affectas
1133 3997 1201 4041 esse
1209 3999 1219 4062 ;
1242 3974 1342 4063 igitur
1355 3975 1453 4044 linem

344 4224 463 4281 Euclida
480 4225 623 4285 defluition
641 4229 673 4284 of
686 4230 889 4302 homogeneous
906 4230 1074 4302 magnitude

343 4308 454 4364 Clarius
470 4308 494 4364 is
505 4326 599 4381 wrong
613 4313 641 4368 tn
654 4315 804 4386 supporting
815 4316 878 4372 that
888 4316 945 4372 this
957 4315 1063 4373 defines
1073 4316 1151 4372 atat
1160 4316 1363 4389 bomogeneona
1374 4332 1453 4387 mg·

291 4395 404 4453 nitudes
415 4395 485 4453 have
496 4412 513 4453 a
523 4397 602 4469 ratio,
613 4399 657 4455 for
667 4400 708 4457 all
716 4401 794 4457 have.
