3167 5192
123 369 225 418 asor.
244 351 305 436 m]
464 370 651 420 nscrronss
674 373 949 424 nmnnusrrcru.
1248 362 1291 428 69

120 540 326 622 firmationis,
342 550 399 606 aut
416 541 658 630 explicationem
677 542 880 632 prolixiorem
900 546 1079 612 desiderant
1089 572 1097 626 ;
1119 571 1182 634 quo
1200 548 1237 614 fit
1255 561 1292 615 ut

121 667 166 709 ex
182 644 249 708 illis
265 644 339 710 elici
353 645 443 709 nulla
462 646 563 732 possit
576 647 799 713 universaliter
813 672 897 727 vera,
919 649 1097 731 manifesta,
1113 653 1291 716 indubitata

121 763 155 815 et
177 749 300 815 invicta
319 749 497 830 conclusio;
520 774 579 816 nec
600 752 816 818 fundamentis
838 754 915 818 adeo
934 754 1064 819 lubricis
1086 764 1119 819 et
1137 756 1291 821 vacillan-

121 855 213 918 tibus
230 854 296 919 ulla
311 867 568 942 superentruatur
588 857 710 922 stabilis
731 869 762 924 et
781 859 968 924 inconcussa
982 861 1218 942 demonstratio,
1238 864 1291 927 oui

121 979 220 1022 nemo
244 957 496 1024 contrahiscere
522 961 646 1038 audeat,
672 972 728 1024 aut
753 962 914 1048 refragari.
959 963 1084 1050 Nempe
1108 965 1223 1029 talibus
1249 989 1290 1031 ex

121 1059 345 1147 pronunciatis
354 1084 363 1138 ;
385 1073 502 1126 natare
516 1063 692 1147 nihilfecit
702 1062 832 1148 frastra
838 1091 855 1146 ,·
877 1069 981 1130 omnib
996 1079 1144 1153 oppetunt
1159 1068 1290 1150 bonam,-

120 1165 213 1229 nihr'd
227 1165 283 1228 dat
297 1165 381 1250 quod
393 1189 455 1230 noa
470 1167 578 1246 habet,·
603 1166 681 1253 quid
698 1167 826 1232 obsecro
841 1168 925 1232 firmi
940 1169 994 1234 vel
1008 1170 1291 1237 certideducatur?

121 1266 215 1346 Quot
231 1290 272 1331 ox
288 1267 361 1340 illis,
382 1267 536 1332 modicam
559 1268 770 1355 impendendo
790 1271 1011 1350 subtilitatem,
1033 1272 1095 1336 sibi
1114 1274 1289 1340 contradic-

120 1371 226 1436 torias
249 1370 479 1457 propositiones
501 1371 615 1437 inferre
637 1373 721 1452 licet,
746 1374 859 1438 inferre
881 1375 984 1440 solent
1004 1377 1200 1462 argutiarum
1221 1377 1290 1464 opi-

121 1475 229 1541 fices?
273 1474 398 1554 Quibus
413 1475 563 1540 nimimm
578 1477 770 1542 extrieandis
791 1489 822 1542 et
842 1478 924 1544 inter
943 1502 977 1544 se
998 1480 1202 1545 conciliandis
1225 1480 1290 1546 dis·

121 1578 356 1644 tinctiunculas
370 1578 565 1643 comminisci
576 1603 702 1646 neeesse
714 1581 834 1646 habent
847 1581 1026 1647 innumeras
1042 1583 1203 1665 (mirificas
1218 1584 1289 1650 illas

121 1684 318 1771 pleramque)
347 1684 503 1770 equibus
524 1684 656 1750 resultat
678 1685 868 1750 concertatio
891 1685 1000 1764 multa,
1027 1685 1116 1750 nulla
1137 1687 1291 1752 conflatur

122 1788 367 1853 demonstratio.
412 1785 499 1852 Huic
514 1788 616 1852 affinis
631 1799 678 1852 est
694 1788 757 1853 alia
771 1789 861 1867 ratio,
981 1803 985 1807 '

191 1895 226 1959 4.
274 1891 367 1972 Quod
389 1891 606 1958 Mathematici
632 1893 801 1980 petitiones
829 1891 992 1972 adhibent,
1022 1903 1078 1958 aut
1106 1903 1290 1981 supponunt

123 1996 325 2084 hypotheses
350 2018 414 2059 non
438 1995 501 2059 nisi
524 1994 607 2060 clare
630 1995 806 2081 possibiles,
833 2005 866 2059 et
892 1994 1040 2061 facillime
1064 1996 1289 2081 imaginabiles

126 2099 295 2186 (εὐπετεῖς,
318 2095 536 2185 εὐπορίστους,
560 2095 768 2185 εὐμηχάνους,
789 2097 1026 2186 προχείρουςιῂ
1050 2122 1191 2186 quasque
1213 2100 1290 2166 adeo

123 2227 234 2283 nemo,
254 2213 412 2288 utcunque
432 2200 623 2288 praefractus
644 2223 745 2286 asper,
766 2199 931 2266 illiberalis
954 2201 1092 2288 ingenio,
1118 2225 1182 2267 non
1206 2202 1289 2268 ultro

123 2306 285 2394 largiatur
306 2318 338 2372 et
360 2303 524 2390 indulgeat
545 2303 791 2391 postulantibus.
836 2302 885 2368 Ut
907 2326 934 2368 e.
950 2327 982 2390 g.
1004 2327 1077 2370 cum
1097 2318 1289 2393 supponunt,

124 2424 183 2478 aut
207 2411 379 2498 postulant,
403 2421 439 2474 nt
464 2409 545 2474 inter
570 2408 633 2474 duo
660 2408 782 2494 quaevis
806 2407 971 2493 designata
1000 2419 1119 2495 puncta
1147 2410 1291 2490 ducatur,

125 2528 185 2582 aut
205 2516 300 2580 ducta
320 2512 514 2600 concipiatur
532 2523 617 2578 rocta
640 2512 742 2592 linea;
771 2512 925 2599 quovisve
947 2522 1064 2598 puncto
1087 2513 1122 2577 in
1145 2523 1289 2580 centrum

125 2629 304 2708 assumpto,
324 2629 362 2684 ut
374 2640 431 2705 per
448 2615 535 2682 aliud
549 2614 660 2680 itidem
675 2625 840 2702 acceptum
854 2626 1016 2701 punctum,
1033 2614 1142 2680 circuli
1156 2615 1290 2682 circum·

125 2727 263 2795 ferentia
276 2734 424 2802 transeat,
441 2732 497 2787 aut
511 2721 707 2806 intelligatur
729 2720 883 2800 transire3
906 2742 1019 2807 corpus
1042 2718 1172 2807 aliquod
1193 2721 1290 2808 plano

127 2829 307 2915 transadigi
318 2854 326 2908 ;
351 2825 582 2892 semicirculum
603 2825 685 2890 circa
705 2847 797 2890 sunm
818 2844 913 2888 axem
933 2822 1046 2903 rotari;
1070 2833 1102 2888 et
1122 2823 1193 2889 istis
1216 2847 1291 2890 con-

128 2937 267 3016 similia3
291 2934 363 3022 quis
381 2931 504 2997 inficias
522 2940 572 2996 eat
592 2931 660 2996 haee
679 2928 747 2994 lieri
768 2949 870 3015 posse,
886 2927 958 3015 quis
973 2926 1097 2994 dubitet
1113 2927 1196 2994 facta
1215 2951 1289 2994 con-

128 3041 257 3120 cedere3
296 3038 368 3126 quis
398 3035 558 3122 obstrepat
592 3043 659 3098 tam
693 3030 855 3097 evidenter
883 3031 1048 3118 possibilia
1077 3033 1289 3120 supponenti?

129 3168 230 3233 quum
244 3142 324 3208 talia
342 3139 410 3206 fieri
431 3159 524 3226 posse
543 3136 662 3201 sentiat
682 3144 714 3199 et
728 3133 812 3198 facta
829 3132 937 3198 videat
959 3135 1110 3221 quotidie.
1156 3135 1196 3200 In
1216 3136 1288 3201 aliis

128 3271 203 3314 vero
228 3243 371 3314 scientiis
394 3241 486 3307 aliter
513 3263 546 3304 se
571 3261 620 3304 res
646 3237 752 3302 habet.
797 3235 867 3302 Nec
892 3236 976 3302 enim
997 3247 1034 3302 ut
1051 3261 1155 3304 rerum
1177 3261 1288 3304 causas

128 3361 291 3436 utcunque
311 3346 478 3412 videantur
496 3342 665 3430 explicare,
684 3340 917 3428 suppositiones
937 3352 1085 3406 verentur
1104 3341 1285 3428 procudere,

130 3455 194 3521 suis
220 3449 396 3518 ratiociniis
422 3457 616 3535 praestruere,
647 3442 707 3508 sibi
734 3442 957 3507 condonandas
983 3453 1130 3530 expetere
1159 3467 1287 3530 prorsus

130 3556 322 3637 arbitrarius,
338 3551 509 3619 admodum
524 3549 628 3628 duras,
644 3545 770 3612 horrido
785 3544 1007 3624 immodestam
1030 3545 1147 3611 nedum
1167 3548 1287 3615 creditu

130 3661 283 3741 difficiles,
299 3669 333 3724 at
347 3654 482 3724 subinde
496 3652 549 3718 vel
563 3661 716 3738 conceptu
732 3649 864 3729 arduas3
888 3671 915 3715 e.
931 3669 964 3734 g.
992 3647 1075 3714 Cum
1090 3648 1124 3713 in
1142 3648 1286 3737 physicis

131 3769 169 3835 ad
192 3762 422 3854 explicandum
443 3757 572 3824 modum
593 3754 734 3834 visionis,
753 3753 853 3841 aliqui
873 3753 937 3818 sibi
959 3750 1121 3838 postulant
1144 3752 1284 3835 concedi,

132 3871 214 3960 quod
228 3894 249 3936 a
263 3866 377 3956 quovis
392 3861 507 3950 objecti
521 3859 660 3926 visibilis
679 3858 771 3944 signo
791 3856 911 3945 species
931 3855 1036 3921 nescio
1051 3878 1122 3943 qnae
1136 3856 1285 3922 intentio·

133 3975 217 4042 noles
244 3971 450 4055 undicunque
482 3965 713 4053 dispergantm,
754 3970 810 4026 aut
843 3969 1073 4048 propagentur:
1111 3959 1180 4024 Alii
1208 3983 1284 4027 vero

133 4077 213 4164 quod
241 4073 370 4144 effluvia
398 4069 544 4160 quaedam
572 4087 729 4154 corporea,
764 4087 822 4130 eeu
850 4064 994 4130 cuticulae
1023 4064 1168 4150 quadam
1197 4065 1284 4134 omni

631 4185 760 4237 ‘¹Procl.

183 4420 221 4478 (4)
254 4410 494 4469 Mathematiciane
511 4425 561 4465 use
577 4408 730 4480 postulates
748 4404 805 4461 and
824 4403 989 4477 hypotheses
1007 4399 1096 4456 which
1115 4416 1164 4455 are
1181 4399 1282 4471 clearly

136 4499 253 4569 possible.
