3167 5192
111 399 199 451 secr.
215 383 337 470 xxur]
440 401 626 452 uncrrours
648 401 922 452 muuuurmcn.
1194 386 1258 454 377

109 569 188 656 quod
207 568 334 659 duabus
355 577 481 637 tantum
506 569 619 657 (iisque
644 569 673 635 si
697 592 764 636 rem
786 570 868 638 bene
896 570 1128 659 perpendamus
1154 572 1255 638 multo

107 672 300 741 bmrioribus
314 684 345 740 et
359 673 618 762 simplicioribus)
641 673 812 761 exequitur
830 673 992 740 Euclides.
1036 673 1129 740 Idem
1149 676 1256 741 obser-

106 776 170 841 rari
182 777 285 864 possit
299 777 334 842 in
346 788 414 843 toto
431 777 644 843 doctrinarum
664 799 822 865 processu,
843 777 962 864 ubique
981 777 1082 844 multo
1100 778 1255 866 pauciori-

107 879 162 945 bus
174 879 371 966 syllogismis
386 904 452 947 rem
466 881 594 948 conficit
607 880 770 947 Euclides.

163 983 263 1051 Porro
277 994 401 1072 quarto,
417 984 535 1051 adnoto
549 984 747 1050 Borelliauas
761 985 991 1073 propositiones
1006 1007 1043 1050 ae
1058 984 1253 1052 demonstre-

105 1087 199 1153 tioues
212 1088 396 1176 inspicienti
413 1099 609 1176 compertum
628 1089 678 1170 iri,
698 1088 785 1175 quod
804 1089 838 1154 in
858 1089 914 1154 ills
934 1095 993 1156 sus
1009 1088 1158 1155 methodo
1173 1112 1254 1177 prae·

105 1189 191 1277 cipna
211 1191 544 1280 proportionalitatum
569 1202 796 1280 symptomata,
823 1214 888 1258 non
914 1191 979 1257 uisi
1007 1213 1064 1279 per
1092 1191 1254 1260 discursus

105 1294 266 1360 eliciuntur
287 1295 434 1384 obliquos
455 1304 488 1362 et
509 1295 710 1384 apogogioos.
755 1295 796 1361 Id
817 1295 904 1383 quod
923 1296 1019 1361 nimis
1039 1295 1145 1381 arguit
1165 1296 1254 1383 prin·

105 1395 180 1483 cipis
192 1420 258 1463 non
273 1398 394 1486 optime
408 1397 590 1464 constituta.
636 1396 731 1463 Certe
751 1398 843 1464 docet
859 1398 1078 1487 philosophus,
1097 1408 1129 1463 et
1142 1420 1251 1464 omnes

104 1496 241 1582 fatemur,
253 1501 412 1587 ejusmodi
423 1500 595 1566 ratiociniis
606 1500 691 1566 baud
705 1501 753 1566 ita
765 1502 964 1590 perspicuam
978 1501 1145 1589 animoque
1160 1499 1251 1566 blan-

105 1601 233 1671 dientem
263 1605 440 1693 compsreri
469 1605 643 1672 scientiam.
689 1604 804 1693 Neque
833 1605 949 1672 mirum
983 1628 1001 1672 e
1030 1603 1248 1671 definitionum

105 1710 319 1794 negativarum
343 1709 485 1775 fontibus
509 1709 724 1774 anfractuosus
746 1731 932 1797 promsnare
955 1708 1249 1774 demonstrationes.

105 1809 213 1878 Annon
235 1813 472 1902 praehabendus
493 1812 645 1879 Euclides
666 1813 777 1880 eadem
799 1837 817 1880 e
839 1811 1077 1879 definitionibus
1102 1812 1251 1900 positivis

105 1911 277 1982 immediato
292 1915 474 2002 directoque
489 1915 642 2002 colligens
655 1917 845 1983 ratiocinio?

160 2016 288 2100 Quinto,
316 2017 396 2084 mihi
419 2019 621 2107 potissimum
643 2018 790 2106 displicet
812 2028 844 2084 ct
869 2019 950 2085 vitio
974 2018 1108 2085 vertitur
1133 2018 1247 2084 harum
1341 2057 1346 2068 ·

105 2115 315 2187 definitionum
338 2121 379 2186 ad
404 2120 556 2208 speciales
585 2121 733 2187 materias
762 2122 1029 2202 accommodatio;
1058 2122 1112 2188 vel
1139 2123 1247 2210 potius

105 2221 178 2304 quod
191 2223 231 2289 ad
244 2247 303 2290 eas
323 2223 486 2290 commode
504 2233 667 2310 nequeunt
686 2223 848 2312 applicari.
893 2223 962 2289 Nec
981 2225 1066 2290 enim
1088 2223 1246 2290 definitio-

104 2345 169 2390 num
182 2349 241 2414 ope
260 2328 373 2394 statim
387 2326 565 2408 innotescit,
588 2337 644 2393 aut
666 2351 707 2393 ex
729 2328 768 2392 iis
790 2335 934 2415 prompte
956 2327 1122 2398 deducitur
1139 2349 1245 2393 rerum

105 2429 377 2515 proportionalitas,
399 2429 456 2496 sed
474 2452 516 2495 ex
536 2429 733 2496 intermediis
753 2429 1032 2517 propositionibus,
1055 2428 1159 2516 iisque
1180 2451 1246 2494 non

105 2529 171 2595 adeo
184 2535 413 2622 comprehensu
431 2533 589 2615 facilibus,
610 2544 642 2601 et
656 2557 714 2622 per
733 2534 919 2600 indirectum
940 2532 1245 2620 argumentationem

105 2636 301 2721 comprobatis
339 2637 580 2703 demonstratur.
643 2636 797 2726 Inspicite
834 2636 926 2702 sultis
963 2634 1244 2701 demonstrationes

105 2734 185 2819 pn‘mi
202 2738 418 2826 postremique
431 2739 633 2806 theorematis
648 2737 811 2805 Elementi
826 2737 920 2818 sexti,
942 2759 1013 2824 quae
1034 2736 1119 2825 apud
1134 2735 1244 2803 Borel-

105 2834 161 2903 lum
182 2854 255 2909 sunt
281 2841 387 2930 prima
408 2843 512 2929 quarti
537 2852 571 2908 et
592 2842 730 2909 secunda
752 2841 866 2928 quinti,
889 2864 956 2906 rem
979 2840 1024 2905 ita
1045 2839 1244 2928 comperietis

104 2937 222 3026 habere3
244 2969 351 3033 neque
365 2968 429 3011 non
443 2945 575 3012 fortasse
594 2969 718 3011 mecum
734 2945 921 3033 judicabitis
941 2944 1029 3010 haud
1047 2953 1130 3010 recte
1145 2967 1164 3010 a
1178 2943 1243 3010 Bo-

105 3043 168 3110 rello
188 3047 339 3115 doctrina
361 3071 427 3114 suae
448 3071 513 3136 prae
532 3047 688 3115 Euclidet
707 3048 900 3115 evidentiam
916 3047 1064 3136 jactitari.
1110 3045 1242 3114 Etenim

105 3146 247 3217 euidentia
260 3151 413 3218 doctrina
430 3152 589 3241 praecipue
608 3163 776 3240 comparet,
797 3162 830 3218 et
845 3153 989 3218 consistit
1003 3152 1037 3216 in
1052 3173 1122 3230 usu,
1143 3150 1241 3216 facili-

104 3269 155 3333 que
175 3253 392 3322 definitionum
414 3257 587 3344 primarum
610 3257 651 3322 ad
673 3257 817 3344 singulas
841 3267 896 3322 aut
919 3255 1071 3343 speciales
1094 3254 1242 3320 materias

105 3352 346 3444 dapubilirats3
369 3383 427 3427 nec
441 3360 507 3427 ulla
520 3361 621 3448 major
639 3371 689 3428 est
708 3361 821 3426 harum
840 3360 952 3440 virtus,
967 3382 1063 3447 quam
1078 3367 1116 3423 ut
1129 3358 1241 3424 imme·

105 3453 176 3525 diste
189 3475 330 3531 constare
344 3465 453 3553 possit,
470 3488 523 3531 eas
537 3466 631 3532 rebus
646 3463 799 3551 subjectis
814 3463 991 3530 convenire.
1035 3461 1086 3526 De
1100 3459 1166 3526 suis
1181 3461 1242 3525 hoc

105 3555 258 3633 clarissime
272 3568 463 3633 monstravit
477 3566 640 3647 Euclides,
655 3589 719 3632 uon
736 3565 782 3631 ita
796 3566 836 3631 de
851 3564 917 3631 suis
933 3563 1089 3630 Borellus.

156 3663 271 3744 Quidni
285 3669 530 3757 pronunciemus
550 3668 648 3755 igitur
662 3670 704 3734 ab
719 3667 774 3733 illo
789 3667 931 3756 prsestita
950 3666 1046 3754 hujus
1061 3664 1236 3744 conatibus,

104 3761 203 3832 utlibet
216 3771 362 3857 egregiis,
378 3770 559 3837 antestare?

156 3867 230 3937 Herc
243 3874 381 3940 breviter
395 3873 605 3961 animadverti
625 3897 689 3939 non
704 3884 741 3938 ut
755 3873 843 3940 laudi
863 3873 1032 3960 quicquam
1053 3872 1235 3958 derogarem

104 3973 226 4050 preclari
240 3979 311 4058 viri,
328 3979 383 4045 sed
396 3988 434 4044 ut
448 3977 612 4044 Euclideae
631 3978 781 4043 doctrinae
801 3977 1017 4064 praestantiam
1035 3975 1234 4054 illustrarem,

104 4088 212 4161 lmaque
238 4079 425 4147 Geometras
454 4089 575 4145 veteres
604 4079 695 4144 illam
725 4078 898 4165 amplexos,
929 4077 977 4141 illi
1003 4075 1236 4163 acquiescentes

149 4326 174 4383 ll
188 4331 210 4386 la
226 4334 320 4407 longer
337 4337 405 4393 thau
424 4339 552 4395 Euclid’s.

148 4417 206 4471 And
222 4420 246 4474 is
261 4421 373 4493 oblique
390 4424 419 4478 in
436 4423 530 4494 proofs
547 4423 578 4478 of
593 4423 721 4492 ordinary
736 4421 925 4492 propositione

142 4499 206 4652 Bfflql
222 4513 317 4564 cannot
335 4508 372 4565 be
389 4504 579 4580 conveniently
595 4507 707 4578 applied
726 4511 756 4562 to
774 4506 875 4577 special
894 4523 978 4562 cases.
1018 4505 1019 4509 ’
1107 4591 1150 4656 43
