3167 5192
324 373 368 445 30
522 431 528 438 .
653 391 840 442 nacrrouas
864 390 1136 440 nannauarrcm
1337 373 1444 460 [neor.
1460 394 1480 445 1.

324 567 443 648 tendat,
470 564 628 652 quomodo
643 563 877 630 disterminatur
903 573 959 630 aut
981 561 1187 630 distribuatur
1208 561 1242 628 in
1268 575 1386 652 partes,
1411 565 1480 653 qnid

324 679 441 735 nostrat
460 669 503 734 sit
520 668 683 734 sententia
699 667 952 747 enucleabimus3
968 689 1027 732 nec
1040 689 1105 732 non
1119 666 1206 732 omni
1221 667 1360 754 seposita
1375 669 1481 736 autho·

324 773 428 852 ritate,
444 771 589 859 quaedam
604 771 739 838 subinde
753 769 933 858 παράδοξα,
953 772 1028 855 (non
1047 769 1124 836 adeo
1138 769 1271 836 fortasse
1291 770 1476 860 παράλογα)

325 874 518 963 proferemus
537 874 572 940 in
590 873 749 940 mediumz
773 871 843 938 Nec
866 871 951 938 euim
976 871 1083 936 omnia
1105 870 1145 938 de
1169 872 1264 938 trivio
1292 884 1411 962 petere,
1435 874 1481 941 rel
1563 935 1564 970 ,

324 978 452 1066 quidvis
472 988 589 1044 temero
610 977 768 1066 suscipere
788 975 993 1042 constitutum
1017 984 1065 1042 ast
1087 975 1186 1056 mihi;
1209 975 1263 1044 sed
1287 999 1480 1066 quacunque
1563 975 1564 1068 ᾗ

323 1082 497 1150 obtulerint
515 1082 688 1169 quastione
708 1081 806 1167 digna
827 1079 926 1146 libere
950 1079 1114 1154 discutere,
1139 1101 1336 1168 quaecunque
1360 1083 1480 1148 veritati

323 1187 737 1265 videbunturoonsentanea‚
746 1183 1108 1250 strenneaffirmarenon
1117 1183 1261 1264 verebor3
1272 1185 1371 1250 vestri
1379 1197 1480 1253 tamen

323 1289 466 1355 candoris
480 1298 513 1355 et
531 1287 694 1367 acuminis,
709 1309 782 1374 quae
804 1285 914 1353 dixero
935 1297 1058 1367 cuncta,
1076 1286 1197 1374 judicio
1216 1287 1432 1355 examinanda
1451 1301 1480 1356 et

324 1393 497 1460 decidenda
513 1392 738 1458 submissurus.

388 1495 483 1576 Quod
504 1495 603 1582 igitur
621 1493 736 1560 attinet
760 1491 921 1581 objectum
945 1491 1126 1560 Matheseos
1151 1492 1305 1580 generale,
1333 1505 1430 1582 prout
1449 1495 1480 1560 id

322 1600 422 1687 vulgo
441 1599 590 1666 statuitur
603 1597 720 1664 mirum
738 1595 841 1662 videri
854 1596 969 1684 poterit
983 1594 1105 1661 nullum
1120 1595 1160 1676 ci,
1175 1595 1210 1660 in
1223 1597 1345 1662 utravis
1360 1597 1478 1686 lingui,
1517 1669 1531 1696 ·

322 1700 684 1790 propriumvocabulum
693 1721 874 1785 congruere.
900 1697 1066 1786 Siquidem
1077 1694 1480 1786 deopobdyusAristoteles

323 1803 361 1870 ro*
374 1803 480 1870 ποσὸν
494 1803 722 1890 magnitudinis
736 1813 769 1868 et
783 1800 996 1867 multitudinis
1011 1823 1176 1868 commune
1191 1824 1291 1888 genus
1305 1805 1478 1870 constituit.

325 1905 474 1990 (Πλῆθος
500 1903 559 1987 μὲν
579 1903 636 1970 οὖν
655 1902 761 1971 ποσόν
782 1928 816 1969 τι
837 1902 878 1969 ἂν
899 1901 1076 1991 ἀριθμητὸν
1100 1901 1130 1990 ᾖ,
1153 1903 1285 1988 μέγεθος
1306 1903 1342 1970 δὲ
1362 1904 1407 1972 ἂν
1426 1935 1479 1990 με·

322 2007 440 2095 τρητὸν
453 2007 526 2087 ciust·
562 2007 733 2072 Multitudo
754 2031 818 2094 quo
832 2007 1036 2072 numerabilia
1057 2021 1099 2072 eat
1117 2005 1222 2074 ποσόν
1235 2032 1287 2094 τις
1308 2022 1339 2073 et
1355 2012 1479 2098 mapal-

323 2111 405 2191 tado,
418 2123 568 2198 quatenus
579 2109 821 2192 mensurabilia.)
846 2109 894 2174 At
906 2131 981 2174 vero
995 2109 1118 2198 proprie
1129 2107 1167 2174 τὸ
1178 2109 1283 2176 ποσὸν
1293 2113 1479 2198 quotitatcm

322 2212 490 2300 significat,
504 2223 537 2278 et
552 2211 656 2278 solum
676 2210 803 2297 respicit
827 2234 1002 2278 numerum.
1047 2213 1077 2278 E
1096 2224 1204 2278 contra
1225 2214 1395 2301 quantitas,
1417 2239 1478 2303 quo

322 2316 475 2382 vocabulo
489 2314 527 2381 τὸ
549 2313 655 2380 ποσὸν
669 2313 905 2380 Aristotelicum
924 2314 1098 2402 exprimere
1121 2316 1223 2384 solent
1242 2317 1366 2400 Latine,
1390 2343 1479 2407 mag-

321 2421 497 2488 nitudinem
513 2418 672 2506 indigitat,
687 2441 745 2485 nec
759 2417 800 2484 ad
814 2441 981 2484 numerum
995 2419 1119 2508 propris
1138 2420 1245 2487 referri
1263 2434 1375 2510 potest.
1415 2423 1479 2504 Qui

321 2525 459 2593 defectus
477 2523 614 2590 nominis
624 2520 836 2617 magnitudini
850 2532 882 2586 ct
895 2521 1089 2588 multitudini
1104 2525 1278 2592 communis
1293 2539 1477 2613 augumento

320 2629 426 2695 forsan
454 2627 496 2694 sit
524 2625 647 2693 nullum
678 2624 742 2690 illis
765 2646 964 2692 communem
989 2637 1173 2713 conceptum
1198 2639 1339 2694 veterum
1362 2630 1478 2697 animis
1563 2715 1564 2720 ἵ

320 2733 491 2813 insedisse3
514 2753 555 2796 an
577 2731 618 2796 sit
636 2729 721 2796 ullus
735 2751 777 2794 ex
790 2737 879 2816 parte
892 2729 948 2808 rei,
963 2740 1072 2816 postea
1085 2730 1280 2798 disseremus.
1318 2732 1479 2822 Quicquid
1563 2721 1564 2810 l

321 2857 395 2901 vero
417 2834 459 2898 sit
477 2833 517 2898 ds
538 2831 677 2918 generali
699 2832 830 2918 objecto,
855 2831 931 2896 satis
953 2832 1100 2898 convenit
1125 2831 1284 2900 Mathesin
1309 2835 1392 2902 circa
1414 2836 1477 2904 duc

320 2935 519 3022 potissimum
532 2931 668 3010 versari;
687 2930 725 2995 τὸ
745 2931 886 3012 πηλίκον
906 2944 938 2998 et
952 2931 990 2998 τὸ
1004 2931 1109 3000 ποσὸν
1126 2935 1242 3020 (stricte
1256 2935 1401 3024 dictum),
1416 2939 1477 3006 hoc

320 3048 369 3103 est
382 3036 588 3122 quantitatem
608 3046 641 3100 et
654 3035 856 3122 qnotitatem3
881 3059 936 3101 seu
949 3036 1077 3118 malitis,
1093 3036 1175 3104 circa
1188 3037 1227 3106 τὸ
1245 3038 1379 3123 μέγεθος
1393 3053 1425 3108 et
1439 3041 1478 3109 τὸ

320 3139 457 3222 πλῆθος,
477 3137 727 3224 magnitudinem
750 3149 783 3205 et
804 3138 1037 3206 multitudinem
1059 3141 1250 3226 (continuam
1270 3143 1323 3208 alii
1345 3145 1477 3234 appelli-

320 3255 398 3324 tant,
425 3243 652 3328 discretamque
682 3243 899 3330 quantitatem,
929 3265 1024 3332 quam
1053 3245 1194 3333 apposite
1222 3247 1317 3313 etiam
1345 3251 1478 3338 posthac

320 3346 424 3410 forsan
444 3343 711 3433 disceptabimus).

384 3448 542 3529 Quoniam
557 3471 631 3514 vero
648 3449 766 3537 species
785 3459 917 3536 utraque
936 3449 1130 3536 (magnitudo
1145 3451 1214 3519 dico
1237 3465 1269 3520 et
1290 3455 1473 3542 multitudo)
1563 3457 1564 3522 ζ

319 3553 436 3644 duplici
463 3563 556 3642 pacto
585 3552 773 3619 considerari
796 3561 916 3639 potest3
939 3551 991 3620 vel
1010 3565 1164 3641 quatenus
1183 3555 1223 3620 ab
1241 3559 1328 3624 omni
1346 3559 1475 3647 speciali

318 3657 459 3738 materia,
473 3655 674 3742 materiaeque
688 3652 939 3733 circumstantiis,
956 3664 987 3721 et
1006 3655 1217 3724 accidentibus
1231 3673 1336 3726 mente
1350 3685 1475 3751 separa-

220 3840 225 3846 ,
317 3771 369 3827 tur
385 3760 438 3827 vel
460 3758 652 3825 abstrahitur
675 3757 748 3843 (hoc
765 3757 865 3823 estin
887 3779 921 3824 sa
942 3759 1135 3845 generaliter,
1158 3761 1222 3828 illis
1244 3763 1378 3846 omissis,
1400 3788 1475 3832 con·

318 3863 443 3950 cipitur)
460 3862 513 3928 vel
526 3872 681 3949 quatenus
694 3859 827 3926 inhaeret
837 3859 931 3927 alicui
949 3862 1076 3950 speciali
1093 3863 1242 3952 subjecto,
1254 3889 1389 3954 cumque
1403 3869 1474 3935 aliis

318 3966 506 4052 quibusdam
528 3961 670 4055 physicis
688 3962 902 4053 qualitatibus,
928 3968 1112 4052 actionibus,
1137 3971 1378 4040 cnoumstantiis
1399 3995 1476 4042 con·

752 4134 762 4166 ¹
780 4145 805 4184 v.
819 4135 928 4200 Matuplr.
941 4153 994 4201 cap.
1011 4152 1047 4202 13.

752 4287 778 4292 —
789 4287 830 4294 —n-
839 4289 1053 4297 -.-·...-.——--.-—·

369 4387 429 4444 'l'be
439 4385 533 4457 object
543 4388 574 4444 of
588 4388 781 4448 Mathematics
797 4394 822 4450 is
838 4395 989 4466 quantity:
1010 4397 1098 4454 which
1115 4398 1140 4454 is
1157 4399 1195 4470 by
1205 4401 1254 4457 the
1271 4401 1394 4459 ancients
1410 4417 1472 4460 oon-

315 4473 437 4531 loundod
449 4474 515 4530 with
527 4475 642 4545 quotity.
677 4475 765 4534 These
775 4495 823 4534 are
834 4481 1003 4549 magnitude
1013 4483 1068 4539 and
1079 4485 1241 4544 multituda.
