3167 5192
346 412 408 475 222
680 429 865 479 uncrronns
888 428 1161 480 nnnnnusrrcm.
1306 412 1408 499 [urei.
1423 432 1486 479 xit.

345 609 447 665 tatum
467 596 630 688 κριτήριον
646 610 702 665 aut
724 600 896 687 τεκμήριον
916 575 1052 688 alicujus
1074 600 1295 668 determinatae
1310 599 1489 688 quantitatis.

346 702 400 769 Sic
414 724 505 771 arcus
520 702 628 769 circuli
644 726 685 769 ex
701 703 846 790 angulari
860 715 978 792 puncto
993 714 1030 770 ut
1041 714 1147 771 centro
1159 704 1323 792 descripti,
1334 702 1489 789 angolique

344 805 499 873 rectilinei
519 805 663 870 cruribus
682 805 885 892 interceptus,
906 806 991 871 etin
1011 804 1184 893 sphsericis,
1204 828 1300 871 arcus
1320 803 1427 870 circuli
1443 827 1491 869 au·

344 906 448 992 gulari
471 918 588 995 puncto
612 930 669 971 ceu
695 906 768 994 polo
795 907 955 996 descripti,
980 907 1154 996 angulique
1179 908 1331 996 sphaerici
1355 906 1491 973 lateribus

343 1010 536 1099 interjectus,
552 1021 600 1075 est
615 1032 762 1076 mensura
777 1011 853 1076 dicti
869 1012 1022 1077 utriusvis
1036 1013 1148 1099 anguli
1161 1011 1322 1078 rectilinei
1336 1009 1388 1076 vel
1402 1009 1490 1097 ephe

344 1115 417 1181 rici:
442 1116 559 1202 quiesi
574 1138 630 1203 per
645 1114 825 1199 organicam
840 1115 1079 1198 dimensionem,
1095 1115 1148 1182 vel
1163 1116 1256 1182 aliter
1271 1112 1490 1202 quomodocun·

344 1240 415 1303 que,
428 1214 631 1304 dignoscatur
645 1216 732 1281 illius
747 1238 837 1281 arcus
853 1217 1024 1304 quantitas,
1043 1218 1116 1303 (hoc
1130 1228 1188 1299 est,
1204 1242 1279 1306 quse
1294 1215 1491 1305 pensitant

344 1344 439 1409 quam
451 1322 603 1387 rationem
616 1321 731 1386 habeat
745 1319 787 1384 ad
801 1320 959 1407 integram
970 1321 1081 1387 circuli
1091 1321 1390 1399 circumferentiam,
1401 1318 1450 1384 rel
1458 1316 1490 1381 ad

344 1424 411 1512 ejus
423 1423 653 1510 quadrantem)
667 1422 741 1488 inde
757 1433 984 1510 consequenter
994 1434 1182 1510 agnoscetur
1192 1435 1336 1512 quantus
1348 1422 1393 1489 sic
1403 1420 1491 1485 dictus

344 1526 490 1615 angulus,
506 1525 567 1592 hoc
582 1533 639 1605 est,
655 1547 726 1611 quae
740 1547 815 1612 pars
828 1525 879 1604 sit,
896 1536 951 1591 aut
966 1549 1062 1613 quam
1077 1526 1194 1593 habeat
1211 1524 1445 1614 proportionem
1457 1520 1490 1584 ad

343 1642 478 1720 quatuor
492 1629 625 1717 angulos
640 1640 750 1709 rectos,
766 1628 821 1695 rel
834 1628 876 1695 ad
889 1653 989 1695 unum
1004 1640 1135 1696 rectum
1172 1629 1242 1696 Nec
1256 1630 1367 1695 minus
1380 1626 1489 1715 proprie

342 1735 483 1803 vicissim
498 1731 644 1819 angulus,
659 1731 693 1796 in
709 1740 816 1797 centro
831 1731 883 1796 vel
903 1732 976 1819 polo
990 1733 1101 1798 circuli
1120 1734 1272 1798 verticem
1293 1732 1423 1809 habens,
1437 1728 1489 1793 dici

342 1839 457 1926 poterit
482 1858 572 1901 arcus
596 1834 755 1901 circularis
782 1858 939 1915 mensura,
964 1846 1121 1924 quatenus
1143 1836 1204 1903 iste
1227 1859 1288 1925 per
1311 1831 1488 1922 hypothesin

343 1950 398 2005 aut
416 1939 592 2005 discursum
616 1938 759 2024 agnitam
779 1938 902 2006 habens
919 1940 961 2005 ad
979 1951 1115 2026 quatuor
1134 1952 1237 2006 rectos
1257 1938 1487 2027 proportionem,

341 2064 432 2109 arcus
456 2040 621 2128 intercepti
649 2042 803 2107 rationem
829 2040 985 2107 iudicabit
1010 2041 1051 2106 ad
1075 2025 1175 2108 totain
1204 2039 1486 2107 circumferentiam.

345 2146 442 2233 (Nam
457 2144 551 2211 crude
566 2167 630 2209 non
644 2168 737 2211 nemo
752 2168 979 2233 perperamque
994 2146 1072 2211 dicit
1086 2163 1192 2211 areum
1207 2145 1417 2232 interceptum
1430 2162 1485 2206 ease

341 2251 499 2339 propriam
514 2248 624 2335 anguli
640 2249 868 2336 quantitatem3
884 2272 957 2315 cum
971 2273 1035 2315 non
1048 2250 1153 2337 magis
1167 2272 1258 2316 meus
1270 2248 1393 2337 anguli,
1404 2266 1484 2334 quam

342 2354 477 2442 angulus
495 2353 595 2441 ipsius
616 2374 706 2417 arcus
726 2352 886 2439 quantitas
907 2352 967 2432 sit;
990 2352 1055 2418 imo
1069 2374 1134 2418 non
1147 2353 1251 2440 magis
1266 2353 1324 2419 hic
1337 2373 1427 2439 quam
1439 2345 1483 2411 ille

340 2481 488 2526 mensura
503 2457 554 2539 sit,
570 2457 623 2523 vel
638 2480 678 2523 ex
694 2464 782 2544 parte
797 2456 853 2537 rei,
869 2455 922 2521 vel
936 2478 979 2522 ex
992 2478 1054 2520 usu
1067 2458 1246 2538 communi3
1270 2480 1347 2525 cum
1361 2455 1480 2543 ipsorum

339 2564 533 2654 quantitates
554 2560 828 2650 proportionaliter
851 2558 1032 2626 incedentes
1055 2560 1288 2643 coordinantur,
1313 2567 1481 2627 connectan-

339 2680 393 2735 tur
417 2667 603 2746 neoessario,
629 2687 663 2731 se
689 2663 844 2752 reciproce
869 2663 1005 2750 prodant
1029 2672 1062 2729 et
1085 2664 1267 2752 indigitant.
1315 2663 1479 2746 Eidemque

340 2773 460 2839 ratione
479 2779 614 2835 sectores
634 2768 801 2834 circulares
821 2766 1019 2854 angulorum,
1034 2778 1068 2833 et
1088 2769 1293 2857 permutatim
1315 2769 1433 2835 illorum
1451 2760 1477 2824 bi

338 2896 494 2940 mensurae
508 2871 719 2937 nominentur.
750 2870 858 2949 Perre,
870 2870 932 2936 hoc
946 2870 1042 2936 modo
1056 2871 1174 2937 nedum
1187 2872 1377 2959 magnitudo
1390 2862 1477 2956 spatii,

339 2976 476 3064 spatium
491 2986 596 3041 motus
614 2998 651 3039 ac
668 2975 834 3063 temporis3
858 2984 892 3040 at
905 2974 1046 3040 vicissim
1062 2998 1188 3064 quoque
1201 2986 1357 3044 motnset
1369 2985 1475 3057 tenpus

299 3082 306 3097 '
339 3078 444 3167 spatii,
475 3078 612 3164 spatium
641 3076 872 3162 magnitudinis
899 3099 1055 3143 mensura
1085 3078 1252 3161 dicuntur;
1289 3088 1437 3167 qnatenus
1460 3092 1475 3133 ι

337 3182 439 3271 spatio
453 3180 541 3267 prius
556 3179 664 3265 agnito
679 3178 910 3265 magnitudinis
929 3181 1034 3269 ipsum
1056 3183 1239 3270 occupantis
1260 3182 1416 3271 quantitas
1433 3176 1473 3239 in·

338 3293 497 3365 notescat;
529 3306 548 3348 a
572 3292 661 3348 motu
686 3282 737 3349 vel
762 3293 903 3371 tempore
927 3286 1211 3373 praedeterminatis
1235 3287 1333 3374 spatii
1355 3274 1473 3374 pereuni

338 3386 499 3476 quantitas
514 3384 680 3451 indicetur.
725 3382 774 3451 Ut
796 3385 824 3451 si
846 3386 965 3451 sciatirr
985 3398 1141 3474 quantum
1162 3388 1315 3476 temporis
1337 3378 1472 3454 effluxerit

337 3493 378 3558 ab
393 3502 464 3557 ortu
480 3488 574 3569 Solia,
590 3488 664 3555 inde
679 3488 865 3576 colligamus
879 3499 1030 3576 quantam
1045 3491 1166 3557 interea
1178 3492 1324 3579 paralleli
1338 3490 1386 3558 sui
1403 3480 1472 3574 ptri·

336 3596 478 3685 pheriam
499 3593 556 3661 Sol
573 3592 754 3681 pervaserit.
799 3591 903 3671 Quam
923 3593 957 3657 in
976 3617 1131 3661 mensurae
1150 3596 1271 3662 ratione
1290 3593 1393 3683 spatii,
1405 3601 1471 3654 mm·

336 3699 431 3787 poris,
453 3708 485 3764 et
506 3708 611 3763 motus
633 3696 895 3784 permutationem
917 3708 1025 3763 exerte
1046 3700 1170 3765 notarit
1191 3696 1409 3775 Aristoteles¹;
1429 3684 1471 3753 0¹l

334 3800 433 3887 μόνον
461 3800 589 3887 (inquit)
618 3798 676 3882 τὴν
702 3800 828 3879 κίνησιν
853 3801 899 3886 τῷ
924 3800 1033 3888 χρόνῳ
1053 3805 1238 3890 μετροῦμεν,
1262 3801 1353 3869 ἀλλὰ
1372 3792 1469 3873 nolti

336 3904 460 3987 κινήσει
474 3902 530 3969 τὸν
544 3901 670 3991 χρόνον,
687 3900 791 3967 διὰτὸ
807 3900 969 3990 ὁρίζεσθαι
987 3901 1045 3969 ἀπ’
1065 3902 1236 3988 σ’λλήλων·
1257 3906 1426 3991 μετροῦμεν
1439 3889 1470 3957 tt

334 3998 466 4093 μέγεθος
491 4010 531 4092 τῇ
560 4005 691 4088 κινήσει,
718 4004 773 4070 καὶ
802 4004 862 4087 τὴν
884 4005 1010 4087 κίνησιν
1034 4011 1081 4095 τῷ
1103 4008 1243 4092 μεγέθει·
1272 4004 1399 4089 πολλὴν
1415 3994 1467 4081 td?

336 4109 442 4198 φαμὲν
462 4109 521 4191 τὴν
543 4108 623 4185 ὁδὸν,
640 4107 680 4175 ἂν
701 4107 721 4195 ᾖ
742 4107 763 4192 ἡ
786 4107 902 4197 πορεία
923 4110 1045 4194 πολλὴ,
1067 4111 1123 4178 ιιιιὶ
1144 4109 1264 4195 σιω-ὴν
1283 4107 1416 4193 πολλὴν,
1435 4098 1468 4165 tv

805 4254 815 4287 ¹
832 4254 907 4319 Phys.
921 4268 958 4305 ιν.
974 4258 1011 4307 ι8.

385 4511 459 4567 Thus
471 4528 559 4583 speon,
572 4514 646 4583 time,
658 4516 761 4571 motion
773 4534 821 4573 are
832 4534 972 4574 mensures
983 4520 1015 4575 ot
1023 4535 1076 4577 one
1087 4519 1210 4576 another.
1332 4576 1337 4584 ,
