3167 5192
135 402 234 451 ruer.
251 384 313 467 sn]
483 402 670 452 nncrroars
693 403 967 453 unrnsnsrrcn.
1254 389 1297 454 93

131 574 230 657 litate
244 572 435 661 angulorum
450 573 642 639 alternorum
656 572 811 639 factorum
829 574 870 639 ab
889 572 1056 640 insistente
1071 580 1166 654 recta,
1182 598 1224 641 ex
1238 574 1298 641 ills

132 700 197 743 ceu
224 684 322 743 causa
349 677 481 765 reliquae
509 678 598 765 prius
625 687 807 744 memoratae
835 677 1058 764 parallelarum
1089 678 1296 765 proprietates

132 795 304 951 onelfltdhd
326 884 461 951 diffiteor
483 908 527 950 ex
548 885 600 949 his
622 884 790 974 reciprocis
812 886 1015 974 passionibus
1038 886 1118 953 alias
1141 887 1295 974 quasdam

131 990 210 1055 aliis
233 987 442 1076 simpliciores
463 1000 497 1054 et
519 988 740 1071 evidentiores,
769 992 875 1077 magis
904 991 1016 1057 obvias
1041 1001 1073 1056 et
1095 993 1295 1059 manifestius

131 1092 306 1181 possibiles
319 1090 437 1172 videri3
453 1092 611 1178 quomodo
624 1094 744 1181 paritas
757 1096 918 1160 radiorum
932 1093 1063 1182 reliquis
1081 1096 1200 1176 circuli,
1215 1118 1295 1184 quas

131 1198 393 1277 commemoravi,
408 1194 653 1284 proprietatibus
672 1194 795 1263 facilior
809 1196 936 1263 videtur
955 1206 989 1262 et
1007 1197 1129 1277 clarior,
1144 1200 1295 1285 quoniam

131 1324 179 1367 ex
194 1300 397 1386 generatione
412 1323 469 1387 per
484 1298 567 1364 radii
584 1298 832 1365 circumductum
850 1300 1001 1366 facillime
1021 1302 1184 1367 effectibili
1201 1302 1295 1389 plane

132 1402 323 1468 deducitur:
346 1402 392 1467 Et
406 1400 536 1466 Euclidi
550 1400 621 1465 visa
634 1411 693 1480 est,
710 1402 798 1485 (licet
813 1402 990 1483 infeliciter,
1009 1413 1047 1467 ut
1066 1404 1213 1469 nonnulli
1235 1427 1295 1493 pu-

131 1517 218 1585 tant,
245 1506 423 1593 inquibus
449 1506 518 1594 ipse
543 1514 671 1593 propter
694 1506 814 1571 multas
840 1507 978 1573 rationes
1003 1530 1119 1574 nomen
1148 1508 1295 1596 profiteor

131 1610 268 1693 meum,)
296 1609 448 1694 negativa
471 1608 646 1696 proprietas
671 1609 735 1673 ista
754 1609 987 1696 parallelorum,
1018 1610 1103 1697 quod
1131 1633 1295 1698 nunquam

132 1720 252 1777 coeant
280 1710 487 1797 quantumvis
515 1720 692 1798 protractae,
715 1710 869 1791 omnium,
896 1733 968 1797 quae
996 1712 1157 1799 parallelis
1185 1714 1295 1781 multas

132 1826 332 1904 competunt,
354 1816 582 1904 proprietatum
603 1815 765 1895 facillima,
784 1815 1041 1903 clarissimaque;
1071 1839 1129 1883 neo
1151 1840 1215 1883 non
1237 1842 1294 1907 ag-

130 1942 232 1986 nosco
253 1920 340 2007 quod
361 1919 511 2007 expediet
531 1944 552 1984 a
572 1918 777 1999 facilioribus,
801 1919 967 2007 magisque
988 1915 1198 1987 familiaribus
1223 1922 1294 1989 istis

132 2024 339 2112 passionibus
352 2023 597 2109 argumentandi
611 2023 739 2089 initium
753 2045 887 2103 sumere,
903 2023 963 2088 hoc
978 2032 1034 2103 est,
1050 2024 1093 2089 ab
1107 2023 1173 2090 illis
1187 2025 1294 2112 potius

132 2153 234 2218 quam
250 2131 292 2196 ab
307 2131 379 2196 aliis
393 2130 480 2217 quod
494 2130 746 2217 contemplamur
761 2131 939 2217 subjectum
957 2130 1106 2211 definire;
1129 2131 1292 2212 circulum,

131 2235 280 2321 inquam
295 2256 323 2300 e.
331 2256 365 2321 g.
379 2234 487 2321 potius
501 2257 543 2300 ex
558 2234 719 2300 radiorum
732 2234 877 2321 paritate,
893 2255 989 2322 quam
1004 2256 1045 2299 ex
1060 2235 1205 2321 quadrati
1220 2258 1292 2301 cum

131 2336 332 2422 rcctaugulo,
351 2347 389 2402 ut
407 2336 635 2424 supradictum,
655 2336 838 2423 equalitate
856 2336 997 2402 definire.
1037 2336 1150 2416 Quoad
1164 2348 1293 2426 captum

131 2450 291 2520 nostrum,
307 2439 415 2519 fateor,
431 2439 493 2504 hoc
506 2449 635 2527 praestet
644 2464 653 2519 ;
677 2462 713 2505 ac
726 2439 857 2527 perinde
872 2439 967 2505 filerit
988 2439 1030 2505 ad
1051 2440 1152 2527 ipsius
1170 2442 1215 2506 rei
1236 2464 1293 2507 ua-

132 2554 242 2609 turam
270 2540 472 2622 attendendo,
501 2541 587 2609 unde
616 2542 793 2607 discursum
824 2541 1040 2629 auspicemur;
1075 2565 1294 2630 quemcunque

134 2656 256 2711 catenae
270 2645 425 2710 annulum
442 2644 670 2732 apprehendas,
685 2653 754 2726 tota
773 2654 931 2731 sequetur,
952 2654 985 2709 at
1004 2644 1095 2709 illum
1116 2646 1171 2731 qui
1191 2646 1294 2733 magis

133 2748 252 2815 obrius
266 2757 300 2814 et
313 2771 379 2835 prae
391 2748 550 2829 manibus,
565 2772 608 2815 ex
622 2770 685 2815 usu
699 2770 864 2815 censemus
878 2748 1024 2835 arripere.
1070 2748 1113 2815 Se
1129 2772 1179 2815 res
1197 2749 1294 2816 habet

132 2863 172 2918 ut
193 2852 230 2916 in
251 2872 423 2940 progressu
442 2850 606 2933 creater&
636 2874 656 2916 a
678 2873 868 2938 quocunque
893 2850 1151 2918 circumferentia
1175 2865 1293 2940 puncto

134 2954 269 3021 ordiaris
283 2977 421 3035 cursum,
436 2955 619 3021 universam
632 2954 800 3022 emetieris.

201 3056 295 3123 Talis
317 3068 367 3123 est
391 3063 501 3123 revert
525 3080 584 3125 nec
607 3058 672 3123 alia
696 3057 866 3124 causalitas
890 3068 922 3125 et
948 3059 1158 3147 dependentia
1181 3070 1294 3128 mutua

134 3161 343 3227 terminorum
362 3160 640 3228 demonstrationis
658 3161 913 3243 Mathematicae5
937 3164 1112 3229 arctissima
1126 3164 1246 3231 scilicet
1260 3175 1293 3231 et

134 3264 250 3329 intima
264 3262 421 3329 connexio
434 3262 575 3351 ipsorum
589 3262 673 3329 inter
687 3287 740 3345 θος
756 3288 827 3352 quae
839 3266 1007 3331 causalitas
1012 3266 1164 3352 formulas
1179 3277 1292 3333 utcun-

134 3390 196 3454 que
219 3366 286 3431 dici
306 3376 421 3454 potest,
436 3390 474 3431 eo
495 3366 582 3452 quod
601 3389 644 3431 ex
665 3372 730 3431 unt
751 3367 941 3455 proprietate
961 3369 1108 3455 primitus
1130 3380 1293 3458 assumpta

134 3470 266 3557 reliquae
281 3468 445 3556 passiones
459 3467 548 3535 velut
561 3492 603 3533 ex
620 3468 722 3534 formt
740 3470 913 3536 resultant:
944 3469 1013 3535 Nec
1028 3470 1123 3535 aliam
1138 3472 1173 3535 in
1188 3494 1291 3537 rerum

134 3578 250 3641 mtura
271 3572 490 3637 causalitatem
512 3572 648 3639 existere
668 3584 756 3660 puto,
774 3575 809 3638 in
831 3580 895 3661 qut
916 3575 1092 3659 necessaria
1113 3575 1291 3642 consecutio

134 3676 297 3743 fundetur.
341 3674 483 3764 Crepant
502 3676 631 3763 quidem
651 3676 764 3762 Logici
783 3677 1066 3743 demonstrationes
1087 3676 1292 3765 nescioquas

135 3779 175 3843 ab
194 3777 339 3845 externis
356 3779 462 3844 causis
481 3780 624 3866 effickaoe
647 3779 699 3845 vel
711 3780 820 3865 finali,
841 3778 1020 3867 cujusmodi
1039 3788 1146 3845 tamen
1166 3779 1291 3846 nullum

136 3882 311 3967 genuinum
325 3881 508 3969 exemplum
522 3881 687 3963 exhibent,
702 3880 755 3947 vel
768 3882 920 3949 exhibere
934 3892 1076 3971 possunt,
1091 3882 1156 3949 im0
1171 3882 1290 3971 quales,

136 3995 173 4050 ut
193 4008 255 4072 ego
279 3984 409 4071 quidem
432 3983 590 4066 existimo,
610 3993 766 4072 repugnat
789 3985 868 4052 dari.
912 3984 982 4052 Nec
1005 3986 1090 4053 enim
1114 3984 1210 4051 ullius
1233 4009 1291 4053 ex·

138 4098 243 4168 ternae,
267 4098 347 4175 puta
371 4087 544 4167 efficientis,
566 4110 670 4153 causae
692 4109 765 4153 cum
787 4110 845 4152 suo
866 4088 980 4155 effectu
1001 4086 1075 4155 talis
1096 4111 1164 4156 esse
1186 4099 1291 4177 potest

140 4190 293 4257 connexio
322 4189 447 4274 (saltem
474 4215 494 4255 a
517 4190 610 4257 nobis
635 4182 726 4256 nulla
750 4190 826 4256 talis
854 4191 992 4279 intelligi
1021 4200 1136 4281 potest)
1163 4204 1290 4282 propter

190 4342 305 4414 'though
316 4360 393 4399 some
403 4360 466 4413 may
477 4343 514 4399 be
524 4361 601 4399 more
612 4342 710 4414 ample
721 4343 788 4399 than
800 4342 901 4399 others

191 4428 311 4485 Euclid’s
322 4428 466 4486 definitior
477 4430 508 4485 of
515 4428 645 4501 parallels
655 4430 680 4485 is
691 4434 741 4485 not
752 4430 800 4486 the
812 4434 885 4485 most
897 4430 1000 4501 simpla.

189 4512 254 4570 'l'his
264 4517 289 4571 is
300 4514 350 4571 the
360 4515 423 4585 only
434 4516 567 4584 musality
577 4514 665 4571 which
677 4530 718 4570 we
728 4531 779 4571 can
791 4514 968 4571 understand
