3167 5192
291 382 355 452 158
629 396 815 451 messorem
837 396 1111 449 naruuuamon.
1289 380 1399 467 [nncr.
1413 396 1450 447 x.
1563 447 1564 456 ,

357 566 513 635 Praetereo
527 588 607 655 quas
621 589 680 655 pro
696 589 797 635 vacuo
816 566 919 655 spatio
942 567 1010 654 (seu
1027 573 1219 649 coacervato,
1235 588 1293 636 seu
1311 567 1452 655 corpori-
1561 620 1562 627 ,

291 672 352 739 hus
365 670 567 757 interspersa)
584 670 722 737 rationes
736 669 899 739 adducunt
913 694 955 737 ex
970 670 1196 759 experimentis
1210 668 1366 759 physicis,
1382 680 1451 737 tum

292 774 369 860 quia
381 772 516 839 nimium
530 772 565 838 in
580 771 632 839 his
645 772 819 839 etiamnum
838 771 973 838 contrivi
993 772 1152 861 temporis,
1173 782 1206 837 et
1224 771 1330 837 adhuc
1348 794 1450 861 operae

292 874 430 943 multum
445 873 626 963 deposceret
642 875 775 941 istorum
791 873 996 955 examinatio,
1010 885 1080 941 tum
1100 874 1177 962 qaia
1196 874 1348 964 pleraque
1369 874 1450 941 solvi

292 980 346 1045 vel
358 988 518 1067 uoennque
531 988 661 1068 possent
675 978 762 1047 eludi
780 1001 838 1067 per
851 978 991 1045 materia
1005 978 1142 1059 subtilis,
1157 988 1263 1045 motus
1277 980 1448 1061 circularis,

292 1092 327 1148 et
351 1081 525 1149 indefinitae
550 1081 781 1149 divisibilitatis
805 1104 870 1149 non
892 1082 1028 1149 absonas
1051 1082 1140 1158 adeo,
1163 1104 1222 1150 nec
1244 1082 1451 1151 inconcinnae
1563 1133 1564 1136 ,

293 1184 498 1274 hypotheses.
1563 1197 1564 1252 3

358 1288 412 1354 Ita
425 1288 522 1355 ferme
536 1288 730 1377 disceptatur
739 1289 907 1378 utrinque3
927 1288 1005 1378 quid
1018 1309 1094 1376 ergo
1107 1286 1236 1355 tandem
1250 1290 1452 1357 statuemus?
1561 1336 1562 1351 ,

293 1391 451 1478 quomodo
465 1391 704 1459 conciliabimus
719 1390 778 1457 has
795 1391 930 1458 adserat
948 1391 1051 1458 fronte
1067 1400 1247 1481 pugnantes
1266 1393 1453 1459 verisimili-

292 1492 420 1559 tudines
434 1502 468 1560 et
481 1494 623 1581 undique
636 1492 892 1560 circumcidentis
905 1516 964 1559 nos
982 1493 1182 1560 incommoda
1194 1493 1454 1563 declinabimus?

293 1595 386 1662 Nihil
401 1620 460 1685 ego
474 1608 566 1679 certa,
582 1598 666 1663 nihil
679 1599 714 1663 in
727 1620 763 1665 re
776 1607 844 1663 tam
863 1597 962 1664 ardut
976 1598 1160 1685 lubricaque
1175 1620 1232 1685 pro
1246 1621 1323 1665 vero
1337 1600 1453 1667 vendi-

292 1710 368 1782 tem,
384 1712 440 1769 aut
453 1724 631 1769 asseverem
645 1701 876 1783 confidentius3
899 1713 932 1768 at
951 1702 979 1767 si
998 1700 1138 1769 dicendae
1157 1702 1323 1769 sententiae
1342 1726 1453 1770 uwe-

292 1804 371 1869 sitas
385 1804 592 1886 incumberet,
607 1816 640 1872 et
654 1804 734 1893 quid
746 1828 821 1871 vero
837 1804 919 1871 mihi
932 1805 1079 1871 videatur
1097 1805 1234 1871 similius
1256 1806 1290 1871 in
1309 1807 1454 1874 medium

292 1929 420 1992 cogerer
432 1906 613 1994 producere,
630 1930 670 1974 ue
684 1907 889 1995 conceptibus
908 1907 1074 1974 hominum
1094 1908 1191 1973 nimis
1210 1908 1402 1990 adversarer,
1420 1922 1456 1977 et

291 2009 500 2076 sacrosanctis
511 2009 702 2077 Geometrioe
713 2010 801 2077 scitis
815 1996 1034 2099 impingerem,
1047 2010 1181 2078 dicerem
1193 2012 1296 2100 primo
1310 2014 1454 2101 spatium

291 2118 405 2180 revers
418 2110 498 2193 dari,
514 2111 699 2179 distinctum
713 2138 734 2179 a
746 2114 967 2201 magnitudine
977 2139 986 2195 ;
1009 2114 1069 2181 hoc
1088 2124 1145 2197 est,
1166 2115 1223 2182 illo
1244 2117 1373 2183 nomine
1393 2118 1456 2184 de·

292 2215 415 2303 signari
428 2216 517 2305 quid,
533 2216 563 2283 ei
582 2227 770 2305 conceptum
789 2217 987 2305 respondme,
1006 2217 1174 2285 fundatum
1194 2218 1229 2285 in
1247 2242 1291 2301 re,
1311 2220 1412 2287 alium
1433 2246 1456 2289 a

291 2330 445 2409 conceptu
465 2319 708 2408 magnitudinis,
732 2343 768 2387 ac
790 2320 837 2385 ita
855 2320 983 2408 quidem
1005 2331 1042 2388 ut
1062 2321 1119 2388 ubi
1140 2345 1206 2389 non
1227 2324 1337 2390 existit
1358 2348 1456 2413 mag-

291 2425 413 2506 nitudo,
432 2424 580 2514 quamvis
598 2447 637 2491 ea
653 2444 718 2489 non
738 2423 906 2491 exsisteret
924 2424 1063 2507 omnino,
1086 2426 1224 2513 spatium
1243 2427 1454 2496 nihilominus

291 2530 478 2597 extiturum.
522 2530 669 2595 Dicerem
692 2528 840 2609 secundo,
857 2528 997 2616 spatium
1018 2552 1084 2595 uon
1105 2551 1174 2596 esse
1194 2530 1275 2618 quid
1296 2542 1368 2597 actu
1389 2556 1454 2599 ex-

291 2635 399 2716 istens,
412 2644 547 2722 actuque
557 2632 718 2699 diversum
731 2630 855 2698 arabus
867 2632 1004 2719 quantis,
1016 2632 1133 2699 nedum
1148 2643 1186 2699 ut
1199 2635 1316 2703 habeat
1325 2636 1455 2704 dimen-

291 2737 397 2805 siones
412 2738 535 2825 aliquas
555 2736 617 2803 sibi
634 2735 787 2824 proprias,
810 2757 831 2800 a
851 2734 1082 2822 magnitudinis
1104 2736 1354 2809 dimensionibus
1375 2752 1455 2809 actu

293 2850 463 2928 separatas.
508 2840 596 2919 Quid
617 2862 692 2926 ergo
714 2839 798 2906 erit?
824 2838 902 2926 quid
923 2838 989 2905 sibi
1007 2839 1079 2907 vult
1100 2839 1153 2905 hic
1174 2842 1331 2931 griphus?
1373 2844 1454 2913 Non

292 2942 465 3008 admodum
478 2941 561 3007 mihi
575 2941 694 3029 placeo,
709 2965 768 3009 nec
782 2942 883 3009 audeo
904 2964 1027 3031 sperare
1049 2966 1100 3011 me
1122 2946 1215 3011 vobis
1236 2970 1279 3013 ex
1300 2970 1454 3035 responso

292 3067 364 3111 meo
378 3045 630 3127 satisfacttuum3
646 3055 680 3111 at
694 3047 771 3134 quia
784 3046 872 3113 dicta
886 3046 941 3113 lex
956 3056 1005 3113 est
1018 3047 1201 3135 respondeo,
1213 3050 1352 3137 spatium
1367 3052 1454 3119 nihil

291 3158 342 3214 cst
352 3148 440 3215 aliud
454 3172 550 3236 qnam
564 3172 645 3238 pura
657 3161 737 3238 puta
749 3150 1000 3238 potentiamne
1009 3149 1176 3239 capacitas,
1188 3153 1382 3241 ponibilitas,
1395 3168 1454 3225 aut

295 3251 472 3338 (vocabulis
486 3252 556 3318 istis
569 3253 709 3338 veniam)
727 3253 997 3341 interponibilitas
1010 3253 1241 3341 magnitudinis
1256 3256 1402 3346 alicujus.

357 3354 500 3423 Mentem
514 3379 618 3423 meam
632 3356 825 3445 explicatam
839 3355 901 3423 do:
925 3356 1002 3423 olim
1019 3368 1093 3423 ante
1106 3357 1270 3425 conditum
1283 3362 1450 3444 mnndum,

292 3460 420 3527 nullum
445 3460 564 3528 alicubi
589 3483 703 3549 corpus
728 3460 854 3526 exstitit
881 3462 929 3545 (ut
952 3460 1076 3529 credere
1098 3460 1148 3527 fas
1170 3472 1218 3529 est
1239 3472 1271 3529 et
1291 3464 1396 3552 pium)
1420 3478 1452 3537 at

292 3566 397 3653 potuit
421 3564 518 3631 etiam
543 3571 613 3629 tum
636 3563 772 3630 existere
797 3572 1077 3652 quantumcunque
1105 3587 1230 3654 corpus,
1257 3570 1364 3655 potuit
1392 3570 1452 3638 hoc

292 3668 534 3735 determinatam
558 3666 749 3754 positionem
774 3666 926 3747 obtinere,
952 3667 1080 3734 volente
1105 3668 1227 3735 scilicet
1248 3680 1281 3737 et
1306 3672 1452 3742 effectore
1564 3746 1565 3759 ,

292 3772 380 3839 Deo:
412 3771 472 3838 hoc
495 3780 553 3846 est,
577 3769 635 3837 fiat
657 3772 806 3857 epatium.
851 3768 948 3836 Ultra
970 3770 1086 3837 molem
1111 3773 1306 3841 mundanam
1326 3776 1451 3843 nullum
1564 3770 1565 3853 l

343 3987 403 4043 ‘l'he
415 3986 557 4043 &usian
568 3984 728 4055 hypothesis
738 3984 770 4040 of
777 3984 880 4041 subtile
891 3988 996 4043 matter
1006 3986 1130 4058 explains
1141 3990 1199 4046 this
1210 3995 1282 4063 part,

345 4073 413 4128 And
423 4090 483 4127 now
493 4072 568 4128 what
578 4072 603 4127 is
614 4088 665 4127 cur
675 4072 851 4129 conclusioni

345 4158 433 4228 Space
443 4157 528 4226 really
539 4157 572 4227 is,
583 4156 636 4215 but
650 4157 676 4213 is
690 4161 740 4215 not
754 4158 887 4231 mything
902 4158 1020 4231 actually
1031 4160 1158 4232 existing.
1187 4162 1308 4221 thtis
1319 4166 1369 4225 the
1378 4166 1451 4223 solu-

292 4242 351 4298 tion
363 4240 394 4296 of
402 4242 459 4296 this
474 4241 584 4299 riddlel

345 4328 432 4398 Spaoe
449 4328 474 4382 is
491 4344 509 4383 a
526 4344 603 4385 mere
624 4344 724 4400 power,
745 4330 877 4403 capacity,
895 4330 1049 4405 ponibility,
1067 4332 1283 4409 interpouibility
1301 4338 1332 4395 ot
1348 4337 1449 4409 magui-

292 4413 369 4469 tude
1564 4438 1565 4445 ¹

342 4498 409 4555 'ibis
420 4497 572 4569 explained.
