3167 5192
93 365 284 451 susurru]
417 378 603 433 maurosus
625 378 903 431 mrrmuusmcm.
1174 366 1240 435 215

91 552 346 642 comparationem
367 550 545 641 aptitudine
566 560 599 617 et
622 549 833 639 ineptitudine
859 550 933 637 (boc
955 560 1014 633 est,
1038 550 1078 617 de
1097 550 1239 639 ipsorum

90 658 332 745 homogeneitate
362 670 394 725 et
427 654 704 743 heterogeneitate)
742 654 946 742 dispiciamus
980 654 1238 742 aliquantillum

90 761 194 847 quibus
213 761 295 827 bene
314 758 497 849 perspectis,
517 757 641 825 facilius
656 756 715 824 crit
730 756 771 823 de
790 756 1003 845 proportionis
1021 765 1136 825 natura
1149 760 1239 849 judi·

91 886 175 931 crum.

144 965 452 1033 Mensurabilitatem
472 964 559 1052 quod
578 964 701 1045 attinet,
721 962 779 1030 illa
792 962 847 1031 vel
861 964 923 1029 hoc
936 964 1065 1031 nomine
1084 963 1237 1033 curiosius

91 1080 211 1135 meretur
232 1069 383 1157 expendi,
406 1067 492 1155 quod
512 1090 555 1133 ex
576 1072 615 1133 ed
636 1088 751 1135 nomen
773 1066 955 1154 imponatur
975 1067 1036 1149 illi,
1059 1090 1131 1155 qnae
1156 1069 1239 1136 circa

91 1172 312 1258 magnitudines
331 1182 502 1260 occupatur
516 1170 665 1250 seientia,
684 1169 878 1257 reliquorum
892 1168 1126 1237 Mathematum
1142 1172 1237 1237 matri

92 1296 121 1339 ae
130 1274 278 1356 dominae3
294 1298 369 1361 quae
383 1274 505 1341 seilicet
522 1273 595 1359 (etsi
609 1271 738 1339 Platoni
751 1273 859 1339 visum
873 1281 923 1339 est
936 1295 1088 1361 perquam
1102 1274 1238 1340 ridicule

92 1378 325 1464 nomenclatura)
349 1376 533 1445 Geometria
551 1375 715 1443 consuevit
734 1374 906 1464 appellari3
932 1377 986 1462 (ex
1004 1399 1066 1443 usu
1084 1377 1237 1466 primaevo

69 1514 74 1527 ·
93 1480 226 1547 nimirum
241 1481 364 1547 adscito
377 1479 543 1559 voeabula,
564 1477 640 1566 quia
653 1477 803 1566 primitus
818 1477 860 1543 ad
874 1477 1020 1545 tellurem
1039 1478 1237 1547 solummodo

93 1582 311 1666 dimetiendam,
333 1606 372 1649 ae
386 1581 653 1649 disterminandos
673 1582 909 1670 possessionum
928 1582 1047 1649 limites
1062 1583 1238 1651 adhibeba-

94 1696 134 1749 tur
142 1687 161 1769 3)
182 1686 361 1774 meliusque
377 1684 506 1771 quidem
522 1684 617 1751 Plato
631 1682 736 1749 latiori
751 1685 926 1752 substituto
940 1685 1068 1752 nomine
1084 1685 1238 1773 μετρικήν

94 1808 151 1853 erm
173 1788 320 1877 appellat,
348 1786 465 1874 aliique
486 1796 559 1875 post
580 1809 653 1853 eum
676 1788 912 1876 remouerplao
932 1786 1026 1855 titulo
1047 1787 1176 1869 donant,
1198 1810 1238 1854 eo

95 1891 165 1974 quod
174 1893 359 1979 omnigenas
374 1888 609 1977 magnitudines
625 1888 809 1957 dimetiendi
823 1890 978 1957 rationem
992 1888 1117 1957 edocet:
1135 1914 1238 1979 quau-

96 2016 175 2080 qdam
190 2018 247 2063 nec
266 1996 301 2061 bi
320 1996 401 2063 satis
418 1994 467 2060 illi
483 1993 647 2081 proprium
668 2002 725 2059 aut
746 1993 947 2081 adaequatum
966 2018 1082 2061 nomen
1102 1996 1237 2063 attribu-

96 2098 170 2179 erint,
184 2122 253 2167 oum
268 2100 340 2167 haec
351 2099 483 2167 seientia
493 2119 557 2165 non
568 2098 662 2163 istam
674 2096 774 2163 solam
786 2097 1017 2183 magnitudinis
1027 2099 1234 2183 affectionem,

98 2210 124 2265 at
134 2202 290 2269 nonnullas
304 2202 403 2270 etiam
419 2198 646 2288 contempletur
665 2198 754 2280 alias,
775 2200 893 2287 quibus
909 2199 951 2265 ad
965 2224 1145 2268 mensuram
1164 2227 1237 2292 per-

97 2301 183 2369 tinens
200 2305 279 2374 nihil
294 2304 540 2371 intermiscetur.
584 2300 654 2369 Nee
671 2301 756 2367 enim
776 2302 996 2369 tantummodo
1015 2317 1142 2392 quantae
1161 2318 1236 2373 sunt

98 2408 308 2493 magnitudines
320 2408 451 2496 dispicit
462 2406 527 2489 illa,
539 2404 596 2471 sed
606 2403 715 2492 quales
730 2405 845 2487 etiam3
865 2406 937 2491 (hoc
950 2418 1008 2489 est,
1020 2415 1084 2495 qut
1099 2410 1236 2496 partium

98 2507 287 2596 dispositione,
314 2517 382 2599 qut
407 2510 510 2597 figure
537 2508 678 2596 praeditae
707 2518 791 2586 sunt,
819 2531 897 2575 num
922 2520 1015 2576 rectae
1040 2512 1093 2577 vel
1118 2536 1232 2595 curvae,

99 2612 184 2697 plana
193 2616 241 2683 vel
251 2618 373 2705 gibba,
385 2614 511 2681 directa
521 2611 574 2678 vel
586 2610 723 2691 inflexae,
735 2612 878 2677 rotumdae
889 2612 942 2679 vel
954 2614 1114 2700 angulatae
1124 2628 1199 2683 sunt
1209 2618 1231 2702 3)

100 2736 184 2804 neque
205 2744 267 2786 non
287 2720 348 2787 ubi
371 2718 450 2799 sitae,
478 2739 573 2804 quam
599 2715 840 2781 determinatam
865 2716 1055 2805 positionem
1080 2720 1233 2800 obtinent,

101 2817 249 2910 mvestigat
273 2834 371 2913 atque
393 2822 597 2888 demonstrat.
641 2818 904 2905 Magnitudinem
933 2821 1086 2909 (inquam)
1114 2822 1234 2912 species

102 2932 126 2985 et
141 2925 353 2995 similitudines
376 2948 465 3012 aeque
487 2922 677 3012 speculabar,
702 2944 739 2988 ac
761 2923 900 3010 ipsarum
923 2947 1087 2992 menemus
1109 2937 1141 2993 et
1161 2951 1234 3015 pro-

103 3029 245 3111 portiones.
290 3030 444 3113 Quinimo
464 3028 569 3116 quoad
587 3028 690 3116 ipsam
709 3027 835 3115 praxim,
855 3028 973 3095 nedum
996 3030 1233 3117 magnitudines

103 3127 166 3197 inter
190 3156 221 3200 se
247 3133 408 3202 metiendo
434 3154 614 3221 comparare
643 3130 743 3212 docet,
774 3130 830 3197 sed
858 3142 891 3197 et
920 3131 1005 3219 ipsas
1034 3135 1232 3213 constituere,

104 3230 259 3319 describere,
282 3236 524 3317 transformare;
556 3234 696 3323 ipsarum
719 3242 835 3314 centra,
858 3233 1036 3317 diametros,
1066 3247 1234 3326 tangentes

104 3338 223 3421 reperire,
237 3340 325 3407 nullo
340 3338 528 3426 quantitatis
543 3347 687 3424 respectu
701 3335 906 3403 considerato.

154 3439 239 3509 Unde
252 3443 355 3531 liquet
369 3442 478 3515 obiter,
493 3438 579 3527 quod
594 3438 776 3505 Geometrie
789 3462 953 3527 perperam
967 3441 1116 3508 definitur
1131 3467 1151 3508 a
1164 3443 1232 3532 ple-

105 3539 198 3627 dsque,
212 3547 274 3613 Are
288 3546 338 3615 vel
349 3546 480 3611 amantea
493 3542 642 3609 metiendi
648 3568 664 3625 ,⁰
678 3540 740 3622 vel,
759 3542 896 3609 Smantm
909 3544 1140 3631 magnitudino
1153 3571 1233 3632 qua-

107 3654 175 3711 tenus
186 3648 421 3717 mensurabilia:
443 3669 523 3734 quas
540 3670 560 3713 a
579 3666 706 3711 censore
726 3666 783 3711 suo
803 3645 934 3712 traditas
952 3646 1070 3712 alicubi
1089 3669 1229 3735 carpens,

107 3756 131 3809 et
142 3751 277 3839 corrigere
296 3776 361 3842 prae
382 3775 415 3819 se
435 3750 538 3817 ferens
558 3748 599 3815 D.
617 3748 776 3829 Hobbius,
798 3748 899 3814 nihilo
919 3749 1079 3816 meliorem
1099 3751 1232 3839 apponit

108 3846 168 3933 lpse,
181 3856 231 3921 sed
243 3856 432 3925 elaboratius
446 3854 597 3943 ineptam,
614 3862 646 3919 et
660 3851 786 3941 planius
801 3852 910 3919 eodem
924 3853 1005 3919 vitio
1019 3852 1215 3921 laborantem
1219 3882 1228 3936 ;

113 3952 262 4027 darana
289 3960 417 4049 (inquit)
446 3972 490 4027 eet
510 3958 642 4025 amantia
663 3956 894 4025 mainardi
911 3958 1159 4045 magnitudinem
1182 3962 1234 4031 ra·

149 4192 217 4253 rua
234 4201 346 4275 thought
366 4205 517 4275 Geamtry
535 4222 570 4261 an
588 4202 694 4259 absurd
713 4202 807 4270 word3
831 4200 868 4257 be
885 4200 977 4256 would
994 4200 1066 4259 have
1086 4202 1230 4273 preferred

110 4274 227 4353 marim
244 4290 332 4348 others
343 4292 541 4362 Panaenum.
1003 4303 1005 4307 ’

151 4366 198 4424 But
207 4370 345 4449 Geometry
356 4378 496 4435 considers
506 4379 587 4434 other·
599 4376 753 4449 properties
763 4376 875 4434 besides
886 4374 1022 4433 Msasure.

152 4450 203 4511 Bad
218 4458 351 4521 definitior
368 4464 399 4521 os
414 4464 563 4535 Geometry
579 4464 615 4534 by
633 4463 756 4519 Hobbos.
