3167 5192
101 380 187 432 mor.
203 368 275 453 xu]
419 384 604 437 aucuerre
627 383 901 457 narseusrrcn.
1179 369 1242 434 237

156 556 184 615 3.
229 549 338 619 Tertia
351 574 506 621 mensura
525 554 699 641 proprietas
718 561 777 635 est,
798 563 836 621 ut
856 554 926 640 ejus
944 552 1108 640 quantitas
1125 553 1169 619 sit
1182 555 1242 619 ali·

97 660 244 738 quatenus
268 656 471 743 praecognita,
498 679 571 723 cum
596 658 683 723 enim
711 657 820 744 (juxta
843 656 1060 723 definitionem
1085 655 1244 724 Aristotc-

97 754 190 837 licam,
219 756 338 845 μέτρον
366 759 457 825 ἐστιν
485 758 511 847 ᾧ
540 758 577 825 τὸ
606 758 712 826 ποσὸν
738 758 942 845 γινώσκεται)
977 782 1133 827 mensurae
1161 762 1243 831 ratio

96 858 258 943 presertim
284 860 406 949 exiget,
432 874 469 930 ut
493 863 703 952 quantitatem
727 862 870 949 ignotam
893 862 1039 943 declaret,
1063 863 1153 951 priua
1171 866 1243 954 ipsa

97 973 293 1045 cognoscatur
322 973 463 1052 oportet:
494 965 652 1052 siquidem
678 966 720 1033 ab
741 966 852 1052 ignoto
876 964 959 1031 nihil
984 966 1171 1047 innotescat,
1199 969 1242 1035 ab

96 1062 215 1131 obscuro
229 1066 314 1133 nihil
329 1066 514 1135 illustretur.

154 1175 180 1233 1.
214 1167 426 1236 Advertimua
446 1180 553 1237 entem
572 1170 658 1258 quod
676 1180 709 1237 et
722 1170 937 1257 quantitatum
952 1170 1065 1237 notitia
1080 1171 1123 1237 sit
1136 1172 1243 1239 diver·

97 1266 222 1335 simodo:
240 1270 281 1337 de
296 1272 415 1358 quibus
429 1271 542 1360 primo,
558 1294 623 1338 una
636 1272 782 1339 radicalis
797 1284 855 1352 est,
870 1272 1026 1353 absolute,
1041 1274 1145 1363 prima
1157 1276 1244 1343 uoti·

97 1372 142 1453 tia,
157 1382 218 1462 qut
231 1399 283 1443 res
298 1378 446 1445 sensibus
466 1379 612 1465 exposita
631 1388 751 1464 quanta
772 1378 815 1445 sit
828 1378 871 1445 ab
885 1379 965 1467 ipsis
979 1379 1161 1447 immediate
1175 1380 1242 1447 dia·

97 1480 219 1547 comitur
240 1491 272 1547 et
295 1482 481 1562 restimamr,
504 1481 594 1547 illam
615 1482 705 1548 velut
731 1482 850 1549 intuitu
874 1482 1013 1570 quodam
1043 1484 1240 1570 attingendo,

97 1600 185 1667 neque
198 1593 353 1669 preterea
367 1606 439 1650 eum
452 1584 525 1649 aliis
537 1583 665 1670 quantis
676 1583 898 1671 comparando.
936 1584 1010 1651 Hoc
1020 1584 1115 1651 modo
1129 1595 1241 1651 uotum

97 1680 215 1749 babetur
235 1686 270 1751 in
291 1684 478 1753 Geometrie
499 1685 652 1773 quiequid
673 1688 795 1753 efficere
815 1708 983 1773 possumus
1004 1688 1057 1754 vel
1078 1688 1241 1769 exhibere,

97 1783 226 1872 ignotum
240 1812 327 1870 vcro,
349 1790 440 1875 cujus
460 1789 725 1855 constructionem
741 1789 934 1875 ignoramus.
980 1788 1029 1857 Ut
1042 1790 1070 1857 si
1085 1813 1242 1879 propona-

97 1898 139 1955 tur
151 1892 282 1959 circulus
296 1893 426 1980 aliquis,
443 1892 623 1960 Geometris
636 1904 749 1959 notum
764 1904 813 1959 est
828 1891 912 1959 latus
926 1892 1072 1982 inscripti
1085 1894 1241 1981 regularis

98 1998 208 2084 trigoni,
229 2002 401 2089 tetragoni,
422 2001 605 2089 pentagoni,
625 2001 798 2088 hexagoni,
819 2000 983 2087 decagoni,
1002 2002 1241 2090 pentecaideca·

98 2103 168 2184 goni,
182 2105 390 2192 omniumque
405 2104 672 2193 progredientium
690 2103 788 2191 duplo
809 2105 957 2193 deinceps
976 2106 1016 2172 ab
1035 2106 1087 2171 his
1107 2128 1240 2172 numero

100 2202 254 2285 (ueletiam
269 2206 474 2293 aliquatenus
489 2205 594 2293 triplo,
610 2206 686 2293 quia
700 2228 755 2293 per
770 2206 985 2273 Geometriam
1003 2206 1134 2295 planam
1153 2231 1239 2274 com·

98 2328 208 2375 munem
236 2311 384 2391 bisecari,
419 2332 536 2399 perque
565 2311 720 2377 sectiones
749 2312 876 2378 eouioaa
904 2322 1065 2399 utcunque
1097 2312 1239 2379 trisecari

98 2424 184 2496 potest
204 2438 293 2482 arcus
315 2416 465 2503 quilibet,
486 2414 539 2481 vel
561 2412 699 2501 angulus
721 2414 919 2501 designatus)
947 2416 1005 2483 sed
1029 2414 1238 2502 complurium

98 2515 213 2585 aliarum
227 2519 425 2607 regularium
440 2518 614 2605 figurarum
628 2518 727 2584 lutera
742 2528 818 2583 sunt
832 2518 999 2605 ignotiora,
1014 2517 1135 2603 vixque
1148 2516 1241 2583 nnllt

99 2620 252 2689 scientifica
265 2622 392 2690 ratione
406 2632 539 2711 possunt
552 2621 707 2689 exhiberi.

152 2724 329 2805 Quinetiam
363 2728 423 2794 hoc
451 2726 546 2792 modo
570 2724 742 2812 singularis
764 2723 904 2811 expositi
928 2721 1038 2789 urenti
1060 2722 1239 2811 peripheria

100 2837 162 2892 nota
181 2829 241 2896 diei
262 2840 379 2919 potest,
402 2831 478 2919 quia
499 2840 618 2918 quanta
640 2828 682 2893 sit
700 2837 862 2914 utcunque
883 2848 980 2893 sensu
1000 2836 1106 2915 potest
1126 2848 1239 2914 appre-

100 2925 190 3012 hendi,
204 2936 330 3001 tametsi
345 2957 419 3001 cum
434 2940 518 3000 recte
532 2933 617 2999 linet
631 2934 718 3020 juste
733 2930 908 3019 comparari
922 2930 1043 3017 nequit,
1059 2941 1092 2997 et
1106 2952 1177 3019 quae
1196 2929 1239 2997 sit

101 3030 156 3115 ejus
168 3035 206 3101 ud
219 3036 302 3103 hanc
316 3046 432 3103 exacta
445 3035 605 3125 proportio
616 3034 696 3101 torte
707 3033 889 3100 nullatenus
900 3034 1124 3121 comprehendi
1135 3043 1239 3121 potest

101 3136 219 3205 anobis.
262 3140 481 3207 Veruntamen
502 3139 584 3205 sicut
602 3147 688 3205 recta
707 3137 792 3205 linea
814 3136 998 3225 conspectui
1016 3146 1239 3225 repraesentata

101 3239 220 3321 quiem
233 3242 392 3331 imprimit
405 3243 466 3322 sui,
487 3252 671 3328 certumque
686 3240 726 3307 de
741 3262 774 3306 ae
790 3239 949 3328 judicium
968 3250 1120 3329 procreat,
1141 3262 1238 3327 aquo
1350 3324 1355 3331 q

101 3348 164 3405 nota
185 3342 317 3414 dicitur:
349 3346 396 3412 ita
416 3344 526 3411 circuli
548 3342 800 3411 circumferentia
819 3365 886 3409 suae
907 3344 1096 3430 quantitatis
1124 3342 1239 3408 idaeam

102 3438 233 3534 insculpit
251 3448 440 3536 phantesiae,
457 3447 555 3536 juxta
572 3467 669 3533 quam
688 3444 817 3531 cognita
832 3455 1005 3533 reputetur.
1049 3443 1163 3530 Neque
1176 3444 1240 3509 for·

102 3564 148 3609 tau
162 3551 258 3637 magis
271 3562 360 3619 recta
378 3550 463 3617 linea
482 3550 533 3615 sui
555 3547 680 3636 generis
699 3547 804 3629 lineis,
824 3570 922 3635 quam
941 3545 1120 3635 peripheria
1138 3546 1239 3612 eircu-

102 3643 165 3715 laris
177 3654 360 3742 peripheriis
375 3653 590 3733 circularibus,
612 3660 644 3717 et
663 3650 735 3717 aliis
755 3673 827 3738 quae
846 3650 889 3716 ad
907 3672 961 3717 eas
979 3649 1087 3717 referri
1106 3658 1240 3738 possunt

104 3746 181 3820 lineis
194 3756 393 3825 dimetiendis
406 3756 625 3846 approprietur
639 3764 671 3821 et
686 3763 849 3841 congruat.

146 3958 184 4029 (3)
216 3962 273 4019 'l'ha
290 3964 418 4034 quantity
428 3963 460 4019 of
474 3963 523 4021 the
540 3978 667 4019 measure
683 3964 759 4017 must
775 3960 812 4017 ba
828 3959 1004 4017 forelmorrn.

148 4044 167 4099 l·
200 4046 330 4119 Qumuty
341 4048 366 4103 is
378 4049 477 4103 known
488 4048 526 4117 by
537 4046 690 4119 inspectiou
701 4063 734 4102 or
744 4046 781 4115 by
792 4046 993 4101 construction:
1011 4044 1078 4101 tbua
1089 4045 1118 4101 in
1128 4061 1146 4101 a
1155 4044 1239 4115 given

105 4126 174 4184 ento
189 4131 236 4187 the
254 4134 314 4189 side
330 4133 361 4190 ot
375 4150 393 4189 a
410 4133 499 4204 figure
516 4134 549 4189 of
564 4140 596 4189 15
615 4133 690 4189 sides
705 4132 730 4187 ia
745 4132 851 4201 moun,
862 4131 914 4187 but
927 4131 959 4187 of
968 4136 1000 4191 17
1012 4132 1095 4202 sides,
1105 4132 1161 4187 less
1176 4148 1238 4203 pro

105 4214 167 4284 Ml!
177 4216 279 4275 known.

149 4300 200 4359 Yet
217 4305 265 4361 tha
281 4306 427 4378 periphory
443 4308 474 4363 of
488 4324 507 4363 a
523 4306 605 4378 given
623 4305 705 4362 circle
724 4320 786 4374 may
802 4304 838 4360 be
855 4304 993 4374 regarded
1010 4321 1042 4361 aa
1058 4304 1157 4361 known
1175 4304 1204 4361 in
1222 4322 1239 4359 a

107 4388 195 4443 oertain
205 4406 268 4461 way,
282 4393 324 4449 tor
341 4394 366 4449 it
382 4408 434 4449 can
449 4392 485 4449 be
501 4390 698 4464 apprehended
713 4391 750 4460 by
761 4406 849 4459 sensa
862 4389 969 4460 though
983 4393 1033 4447 not
1047 4390 1156 4459 smus
1166 4406 1238 4447 oom-

107 4471 252 4536 tffldnitb
262 4494 281 4533 a
291 4478 408 4547 suatgbt
419 4477 481 4533 line.
