3167 5192
318 379 361 445 36
648 395 835 444 nnorrouss
857 395 1130 444 narnensrron.
1307 376 1415 462 [error.
1429 391 1463 439 u.

318 564 370 631 vel
384 587 447 631 non
463 565 539 630 setis
554 564 688 631 exoultae
702 565 827 645 fuerint,
844 575 898 630 aut
912 565 1024 631 saltem
1036 565 1178 630 nondum
1192 565 1227 630 in
1241 564 1465 629 Mathemstum

317 690 445 734 censum
460 668 576 734 relatsa.
621 667 689 734 Nec
703 669 780 734 adeo
794 669 909 734 mirum
924 670 965 734 ab
984 669 1154 736 Aristotele
1172 669 1265 757 plura
1278 667 1466 732 Mathemata

320 770 479 858 (Optiesm
510 793 552 836 sc.
578 770 806 850 Mechenioam,
837 770 1048 854 Geodaesiam)
1080 770 1287 849 adnumerari,
1310 791 1385 835 enm
1411 766 1466 832 ista

318 874 422 940 studia
444 872 587 961 pauxillo
605 884 676 962 post
700 872 866 939 Platonem
888 885 1037 962 tempore,
1057 871 1418 960 viguerint‘admodum,
1438 879 1467 934 et

316 975 505 1043 immensum
526 978 615 1044 brevi
636 999 836 1065 progressum
856 977 995 1057 fecerint,
1014 977 1114 1065 ipsius
1135 976 1308 1065 praesertim
1330 973 1467 1039 Platonis

317 1077 585 1146 commendatione
615 1079 776 1153 excitata„
813 1079 955 1158 Accedit,
985 1080 1071 1166 quod
1099 1079 1271 1144 adscititius
1298 1077 1378 1142 istos
1406 1074 1468 1163 ipsc

317 1181 505 1248 Aristoteles
520 1205 604 1248 nunc
623 1193 765 1247 accenset
780 1180 1025 1260 Mathematicis,
1040 1204 1125 1246 nune
1143 1180 1208 1245 illis
1227 1178 1384 1267 abjungit,
1399 1177 1469 1264 quis

317 1306 430 1373 nempe
444 1285 583 1351 medium
598 1285 740 1350 obtinent
762 1284 885 1364 loeum;
908 1306 966 1351 neo
988 1283 1136 1370 Physica
1156 1283 1263 1348 minus
1284 1304 1383 1368 quem
1403 1278 1468 1344 Ma·

316 1389 441 1455 theseos
456 1401 530 1455 sunt
551 1389 728 1477 participes.
772 1386 933 1475 Exemplo
954 1388 1006 1467 sit,
1028 1387 1083 1452 ubi
1106 1386 1253 1474 Opticum
1274 1385 1355 1450 dicit
1380 1381 1469 1448 hidis

315 1515 441 1557 oausam
462 1491 591 1558 reddere
610 1489 630 1573 ἢ
651 1489 765 1560 ἁπλῶς
787 1487 809 1573 ἢ
834 1489 918 1555 κατὰ
938 1488 975 1555 τὸ
996 1488 1159 1573 μάθημαῑ,
1179 1488 1232 1554 vel
1250 1487 1403 1566 absolute,
1422 1483 1469 1549 vel

315 1606 469 1680 quatenus
485 1593 665 1661 Metheseos
680 1595 751 1680 (hoc
765 1605 813 1660 est
827 1594 1028 1678 Geometriae)
1042 1617 1133 1681 opem
1148 1592 1310 1672 adsciscit3
1325 1589 1469 1679 Opticcm

315 1719 334 1760 e
350 1695 530 1762 Geometria
544 1697 682 1763 districte
697 1720 878 1763 secernens:
901 1710 933 1762 ct
946 1719 1038 1785 porro
1053 1696 1197 1784 subjicit;
1221 1692 1331 1776 τὸμὲν
1344 1690 1398 1759 ὅτι
1411 1693 1470 1757 von

313 1798 511 1882 αἰσθητικῶν
525 1799 648 1880 εἰδέναι,
665 1801 702 1866 τὸ
717 1800 752 1866 δὲ
771 1799 853 1866 διότι
866 1804 932 1866 τῶν
947 1798 1214 1882 Μαθηματικῶνς
1237 1796 1386 1862 scientius
1400 1816 1468 1861 sen·

315 1901 432 1983 sibiles,
452 1903 555 1990 qualis
577 1903 700 1992 Optiee,
721 1904 919 1990 distinguens
940 1927 960 1968 a
978 1901 1219 1968 Mathematicis.
1264 1899 1381 1965 Postea
1399 1919 1469 1964 vero

313 2002 408 2068 latius
423 2017 637 2092 exporrectam
657 2017 688 2071 et
706 2007 939 2072 succedentium
958 2017 1136 2093 temporum
1155 2003 1345 2090 diligentiori
1370 2001 1469 2068 studio

313 2106 487 2188 adauctam,
505 2109 631 2195 suisque
654 2109 752 2174 veluti
775 2111 913 2175 numeris
935 2109 1111 2174 absolutam
1132 2107 1294 2173 Mathesin
1316 2106 1469 2174 Geminus

316 2212 383 2296 (qui
398 2213 479 2277 circe
494 2211 636 2300 Pompeii
652 2211 698 2279 M.
726 2223 850 2278 setatem
871 2214 1007 2300 insignis
1028 2213 1134 2278 floruit
1155 2210 1335 2294 Geometru)
1358 2211 1469 2295 aliique

312 2311 462 2396 ὁμόδοξοι
483 2315 543 2380 hoo
565 2315 659 2380 rnodo
677 2315 948 2404 dispertiebantur,
964 2326 1089 2380 auctore
1108 2314 1218 2379 itidem
1233 2312 1356 2378 Proelo.
1402 2309 1468 2376 Ma·

313 2417 489 2483 thematum
511 2418 573 2483 alie
593 2419 675 2485 circe
696 2418 739 2485 τὰ
761 2419 861 2501 νοητὰ
881 2423 941 2505 (res
962 2419 1124 2484 intellectu
1145 2417 1211 2483 solo
1231 2415 1467 2505 percipiendas),

310 2521 374 2588 alio
387 2521 468 2588 cirea
482 2519 524 2588 τὰ
538 2521 689 2604 αἰσθητὰ,
710 2527 770 2611 (res
790 2525 935 2590 sensibus
956 2523 1122 2606 obnoxias)
1144 2520 1263 2587 versari
1283 2521 1466 2594 censebunt3

310 2626 408 2692 etad
433 2627 572 2714 primum
598 2627 726 2715 quidem
757 2651 858 2714 genus
884 2628 1038 2715 pertinere
1064 2627 1142 2691 duas
1176 2625 1270 2710 longe
1294 2625 1415 2712 primas
1437 2633 1467 2686 et

311 2731 483 2818 praecipuas
513 2743 616 2816 partes
646 2731 700 2816 (τὰ
728 2735 845 2818 πρῶτα
873 2730 928 2796 καὶ
950 2728 1132 2818 κυριώτατα
1158 2728 1251 2817 μέρη)
1280 2729 1466 2805 Mathoeeos,

311 2831 553 2911 Arithmetioen,
570 2845 601 2897 et
619 2832 852 2913 Geometrium3
876 2833 965 2899 alteri
984 2856 1058 2900 vero
1081 2857 1138 2900 sex
1158 2847 1263 2922 partes
1285 2845 1465 2922 competere,

311 2933 521 3014 Geodaesiam,
547 2935 738 3022 Logistioen,
767 2936 811 3022 (id
840 2948 889 3003 est
914 2935 1181 3025 Computatrieem
1207 2937 1260 3004 vel
1284 2934 1467 3004 Oaloulatrl·

310 3037 402 3120 cem)
428 3035 584 3124 Opticam,
606 3039 808 3120 Canonicsm,
835 3041 881 3126 (id
903 3054 950 3106 est
970 3040 1205 3122 Hermonicam‚
1221 3041 1272 3107 vel
1287 3038 1463 3120 Musicam)

312 3139 528 3220 Meohanioen,
559 3150 591 3207 et
619 3141 844 3230 Astrologiam.
890 3144 989 3210 Hisce
1018 3145 1160 3211 terminis
1189 3145 1317 3225 includi,
1346 3169 1390 3211 ex
1417 3143 1466 3208 his

312 3242 409 3308 veluti
424 3244 573 3336 membris
588 3247 798 3332 coagmentari
814 3248 961 3314 volebant
975 3258 1075 3314 totum
1089 3271 1201 3336 corpus
1216 3249 1464 3323 Mathematicae;

312 3367 383 3433 quae
406 3347 548 3411 membre
570 3369 678 3413 rursus
704 3350 910 3415 subserebant
934 3350 969 3414 in
992 3351 1071 3415 elios
1093 3351 1277 3418 minutiores
1300 3351 1464 3418 articulosz

312 3448 525 3514 Geometriam
549 3449 666 3516 scilicet
686 3450 896 3540 dispesoentes
917 3453 951 3517 in
973 3451 1270 3540 Empedometrium,
1291 3467 1323 3521 et
1345 3454 1466 3522 Sterco-
1557 3448 1558 3453 ἵ

309 3550 453 3616 menium
471 3549 780 3636 (Gremmometriam
796 3555 901 3620 forsan
915 3555 1001 3620 haud
1017 3555 1098 3622 male
1116 3557 1332 3643 adjecissentlt
1356 3556 1467 3624 Arith-

205 3729 207 3732 .
309 3655 443 3721 meticen
458 3657 660 3723 consimiliter
674 3658 708 3721 in
722 3659 860 3724 theorias
878 3681 1080 3725 numerorum
1099 3659 1276 3742 linearium,
1291 3660 1464 3749 planorum,

308 3767 340 3822 et
355 3756 534 3823 solidorum.
570 3743 769 3823 Geodeesium
784 3783 804 3824 a
818 3758 999 3826 Geometria
1013 3760 1234 3842 distinxenmt,
1249 3785 1286 3829 eo
1300 3763 1385 3850 quod
1398 3763 1466 3828 haec

308 3881 373 3924 non
387 3871 492 3927 mente
507 3860 574 3925 sols
589 3859 782 3946 spectabiles,
800 3873 835 3927 ut
849 3863 915 3944 illa,
931 3864 987 3930 sed
1002 3864 1161 3932 involutos
1180 3867 1319 3934 materiae
1338 3867 1464 3954 figuras,

723 3987 732 4020 ¹
750 4001 769 4038 r.
782 3990 860 4040 Auel.
872 3990 938 4042 Ροιι.
950 4007 1004 4057 cap.
1020 4007 1041 4056 3.

256 4141 265 4160 ⁹
363 4137 501 4192 Aristotlc
512 4138 583 4192 ndds
596 4139 699 4211 Optics,
712 4142 877 4214 Mechunica,
890 4146 1033 4218 Geodeesy.

361 4219 493 4275 Geminus
505 4221 561 4274 end
573 4223 667 4278 others
679 4225 780 4280 reclon
792 4243 823 4280 as
834 4227 884 4282 the
895 4232 973 4298 psrts
985 4230 1017 4284 of
1025 4229 1265 4300 Mathematicus,-

362 4303 459 4360 About
470 4303 655 4376 intelligibles,
669 4309 840 4366 Arithmetie
850 4312 906 4367 and
918 4314 1067 4384 Geometry
1079 4336 1086 4382 ;

362 4389 459 4446 About
488 4391 628 4460 sensibles,
653 4394 798 4465 Geodaesy,
825 4398 947 4468 logistic
976 4400 1209 4472 (computetur),
1232 4403 1325 4474 Optlc,
1348 4400 1464 4460 cruoris

310 4474 486 4544 (Harmony),
500 4475 648 4546 Mechanie,
660 4489 716 4534 unu
730 4481 880 4553 Astrology
889 4505 902 4568 3,
