3167 5192
535 403 660 452 onamo
683 405 917 455 resumam.
1265 389 1306 452 15

133 561 233 643 'toria
247 576 400 656 levitatis,
417 583 474 642 aut
494 575 590 641 fluxae
610 574 686 642 fidei
709 577 815 658 homo,
830 578 894 643 mei
915 577 1038 644 decoris
1059 575 1195 642 nimium
1216 575 1305 642 incu-

141 679 256 760 riosus,
283 679 444 767 vestrique
468 703 581 767 pamm
603 702 750 746 reverens
772 703 889 767 arguar
908 679 1042 746 forsitan
1062 690 1119 745 aut
1140 679 1306 745 insimulet

141 807 161 848 a
175 783 388 871 quibusdam
411 805 491 870 quos
506 793 612 866 tamen
631 783 670 868 (si
686 783 743 871 qui
759 784 847 867 suut)
869 783 985 849 rectius
1005 783 1143 848 facturos
1162 793 1303 861 autumo,

141 887 170 951 si
180 886 298 973 judicii
313 885 364 951 sni
379 886 584 952 acrimoniam
599 885 764 952 maturiori
779 885 913 951 consilio
927 894 1113 972 temperent,
1128 907 1188 952 nec
1206 884 1304 950 alieni

140 989 243 1054 animi
266 999 384 1054 statum
407 989 527 1055 Lesbis
548 990 643 1056 sortis
665 987 777 1076 regult
798 989 990 1068 metiantur;
1012 1010 1085 1053 cum
1100 986 1236 1053 subinde
1251 988 1303 1052 vel

139 1089 334 1156 firmissimae
347 1113 443 1178 rupes
458 1091 633 1180 reciprocos
649 1102 745 1157 aestus
761 1091 904 1171 subeant,
920 1100 953 1156 et
967 1091 1218 1157 constantissimi
1235 1091 1303 1179 ple-

140 1193 234 1280 rique
251 1193 314 1259 viri
333 1194 432 1260 variis
454 1217 558 1260 rerum
580 1195 705 1260 vicibus
727 1192 940 1280 exagitentur.
984 1191 1068 1259 Rem
1090 1194 1193 1282 ipsam
1215 1193 1302 1282 quod

140 1297 277 1376 attinet;
300 1295 448 1362 Graecam
469 1319 528 1384 ego
549 1296 756 1384 provinciam,
778 1296 899 1362 nemini
921 1319 998 1361 sane
1018 1306 1096 1362 tunc
1118 1297 1301 1385 optabilem,

139 1409 174 1466 ct
188 1400 328 1465 immane
342 1410 498 1486 quantum
512 1399 629 1466 laboris
644 1400 763 1485 erigus
781 1399 857 1484 (imo
871 1399 973 1483 nulla)
990 1400 1133 1466 mercede
1153 1422 1303 1487 compen-

141 1513 276 1584 santem,
292 1503 348 1591 qui
367 1503 518 1570 renitenti
538 1504 645 1569 animo
665 1503 885 1591 suscepissem,
905 1525 978 1569 cum
999 1502 1034 1568 in
1054 1505 1170 1570 melius
1191 1504 1302 1570 demu-

142 1609 213 1670 tata
225 1604 288 1670 loci
304 1605 484 1670 conditione
498 1605 605 1693 plures
621 1627 791 1691 saginaret
805 1604 938 1686 futuros,
954 1605 1011 1692 qui
1026 1605 1060 1670 id
1073 1607 1214 1673 muneris
1228 1630 1302 1672 cum

140 1706 276 1794 aggredi
290 1707 412 1773 vellent
426 1707 598 1788 lubentius,
614 1719 683 1774 tum
699 1707 829 1795 dignius
848 1707 965 1793 exequi
984 1717 1124 1795 possent,
1139 1709 1187 1773 nil
1206 1709 1302 1797 plane
1325 1697 1331 1706 ’

140 1810 311 1897 quicquam
333 1809 460 1876 obstare
481 1809 685 1898 deprehendi,
708 1833 771 1896 quo
793 1810 910 1890 minus,
932 1811 1024 1878 nullo
1049 1822 1155 1877 vestro
1179 1812 1302 1878 incom-

139 1910 247 1990 modo,
263 1911 357 1997 genio
371 1933 442 1977 mco
457 1933 585 1998 prorsus
600 1911 856 1993 obsecundarem‚
873 1912 1097 1999 permolestum
1115 1937 1197 1980 onus
1218 1915 1300 1982 levi·

139 2014 214 2082 culo
228 2037 327 2103 penso
341 2025 577 2097 commutarem,
593 2037 612 2081 e
626 2016 833 2102 grammatico
847 2017 981 2104 pistrino
996 2019 1031 2083 in
1044 2019 1300 2085 mathematicam

139 2118 322 2207 palestram
336 2142 388 2185 me
403 2119 621 2187 subducerem.
648 2120 779 2186 Etenim
795 2121 889 2186 sicuti
903 2145 1066 2209 nunquam
1082 2146 1102 2188 a
1115 2121 1300 2210 Philologia

139 2243 268 2310 prorsus
287 2221 514 2303 abhorruerim,
530 2223 577 2287 ita
599 2223 651 2307 (ne
674 2222 883 2309 dissimulem)
908 2223 1152 2313 Philosophiam
1174 2249 1298 2313 semper

139 2325 317 2412 impensius
339 2324 504 2404 adamavi3
534 2335 571 2390 ut
592 2325 777 2391 vocularum
800 2327 957 2393 ludicrum
979 2329 1150 2413 aucupium
1175 2351 1300 2396 morose

138 2450 207 2494 non
221 2427 404 2516 despiciam,
419 2427 466 2492 ite
481 2427 595 2494 seriam
610 2451 714 2493 rerum
729 2427 916 2515 indaginem
929 2431 1033 2516 magis
1047 2431 1216 2497 cordicitus
1231 2455 1299 2497 am·

137 2529 278 2619 plector3
309 2529 412 2594 omnis
433 2528 522 2595 taedii
543 2551 608 2594 non
631 2542 858 2617 usquequaque
879 2531 1059 2617 impatiens,
1082 2532 1200 2598 modici
1222 2556 1298 2600 vero

137 2633 199 2700 otii
225 2631 422 2720 appetentior
447 2654 537 2713 sum;
568 2633 655 2698 omni
680 2655 791 2699 versus
818 2633 898 2700 alios
923 2634 1042 2721 injuris
1067 2634 1113 2700 sic
1138 2636 1298 2704 abstinere

136 2733 264 2814 studeo,
280 2734 404 2800 salvum
418 2744 455 2800 ut
469 2735 567 2801 velim
587 2735 668 2801 mihi
689 2735 870 2822 legitimum
894 2737 958 2803 mei
978 2737 1162 2818 arbitrium3
1184 2739 1300 2806 volun·

138 2837 217 2903 tetis
235 2836 372 2923 denique
389 2847 502 2903 vestrae
521 2859 594 2903 cum
615 2838 892 2904 observatissimus
909 2838 1111 2927 perstiterim,
1130 2840 1298 2906 studiosis-

136 2940 241 3006 simus
269 2939 444 3026 dignitstis‚
471 2940 612 3007 libertati
640 2950 748 3006 tamen
780 2963 859 3008 mese
887 2964 1051 3030 uunquam
1080 2944 1298 3010 renunciarem

136 3041 285 3130 penitus;
307 3064 372 3107 non
387 3042 552 3109 insolubili
566 3042 728 3108 servitutis
748 3064 835 3108 nexu
854 3044 991 3110 domine
1005 3067 1056 3110 me
1071 3044 1298 3113 Grammaticis

135 3143 381 3225 obsuimeram,
392 3169 451 3212 uec
461 3168 551 3212 aures
562 3145 647 3212 ultro
660 3169 748 3212 meas
762 3146 882 3232 linguis
897 3149 1073 3215 obtuleram
1083 3149 1297 3237 perforandus,

135 3257 254 3316 utnon
269 3247 394 3314 licuerit
408 3248 574 3315 honestam
590 3248 784 3314 occasionem
800 3249 936 3336 arripere
949 3252 1173 3340 memetipsum
1187 3276 1297 3320 eman·

133 3351 277 3440 cipandi,
287 3350 405 3418 nedum
417 3363 454 3418 ut
464 3350 628 3418 debuerim
643 3351 754 3418 amicis
768 3351 811 3417 ad
824 3375 941 3418 munus
955 3354 1178 3437 invitantibus,
1189 3357 1296 3424 minus

134 3452 288 3542 equidem
301 3455 521 3535 honorificum,
537 3465 570 3520 at
583 3455 685 3521 multo
701 3454 907 3535 commodius,
927 3456 1021 3540 genio
1040 3479 1110 3522 meo
1126 3462 1295 3547 acceptius,

133 3569 172 3626 et
195 3558 320 3624 liberali
344 3559 408 3624 otio
431 3558 646 3625 abundantius
670 3559 851 3644 refragaris
876 3557 962 3638 Quid
983 3558 1109 3625 multa?
1132 3561 1204 3647 jure
1225 3586 1297 3630 meo

132 3683 216 3728 usus
231 3683 311 3742 sum,
324 3682 387 3726 non
403 3661 541 3728 alienum
556 3662 678 3742 invasi3
695 3663 896 3748 possessione
910 3669 981 3727 met
995 3662 1125 3743 decessi,
1137 3664 1296 3747 neminem

133 3765 271 3844 eritrusi,
285 3769 362 3845 sut3
392 3765 512 3831 honore
533 3765 690 3852 meipsum
710 3765 796 3846 exui,
816 3765 966 3831 meritum
988 3787 1094 3832 meum
1113 3768 1295 3850 excedente,

133 3891 202 3936 non
217 3868 351 3954 indigns
365 3889 545 3955 quenquam
561 3868 651 3934 effeci
666 3868 878 3934 contumelia:
900 3868 1018 3934 nedum
1038 3880 1076 3935 ut
1094 3871 1187 3936 vobis
1199 3871 1297 3958 ¹(cha-
1323 3909 1326 3914 ·

134 3972 263 4038 tissima
285 3971 365 4036 mihi
386 3983 418 4036 et
438 3971 662 4037 colendissimo
682 3973 800 4059 capita)
825 3971 961 4038 dedecus
982 3973 1096 4039 inferre
1117 3975 1294 4060 meditarer,

136 4095 218 4162 quos
243 4074 433 4162 pronissimo
459 4097 582 4162 semper
612 4076 727 4141 affectu
752 4075 948 4163 complexus,
976 4076 1181 4146 devotissimo
1207 4082 1297 4148 cultu

135 4177 345 4244 adveneratus
371 4201 460 4258 sum;
491 4199 686 4265 quorumque
715 4179 838 4258 honori,
866 4177 894 4243 si
920 4179 992 4266 quis
1017 4181 1109 4261 alius,
1132 4205 1190 4270 pro
1216 4183 1294 4249 exili

136 4279 265 4346 modulo
290 4279 418 4360 virium,
444 4281 560 4368 cupida
582 4292 698 4362 mente,
723 4288 871 4370 prompte
896 4288 999 4370 opert,
1024 4284 1118 4349 dictis
1139 4286 1295 4372 factisque
1403 4285 1407 4291 ’

136 4405 302 4470 nunquam
317 4405 382 4449 non
401 4386 649 4452 attentissimum
669 4409 720 4452 me
739 4386 949 4473 prestiterim,
966 4387 1220 4454 addictissimum
1240 4389 1296 4454 de-

137 4487 350 4554 monstrarim.
397 4485 497 4554 Nece
517 4489 745 4556 consuetudine
764 4495 871 4555 vestra
892 4488 987 4577 longe
1007 4490 1089 4556 mihi
1108 4490 1296 4557 dulcissime
