3167 5192
134 434 229 488 arou.
242 419 306 506 1v.]
444 437 630 491 anemonas
651 439 891 491 caouumucn.
1130 423 1194 492 195

199 603 246 672 X.
290 603 390 672 Porro
414 605 518 694 liquet
542 608 718 697 applicatas
741 607 784 675 od
806 617 926 676 rectam
946 608 1026 690 AY,
1049 608 1111 697 ipsi
1132 610 1202 677 ΑΖ

135 708 303 797 parallelas
322 711 413 797 (quas
430 733 545 798 nempe
559 712 728 800 propositae
743 735 848 779 curvae
862 714 952 778 enus
967 737 1068 780 vermo
1086 712 1194 802 appel-

134 812 200 878 lare
222 813 272 878 faa
293 814 365 898 erit)
393 813 548 880 minorem
574 815 658 882 inter
678 837 713 883 se
732 815 886 882 rationem
905 815 1023 883 habere
1046 816 1195 902 (minores

132 937 207 981 cum
236 916 410 1003 majoribus
439 917 659 1006 comparando,
690 940 747 984 seu
775 919 913 985 minores
942 919 1195 986 antecedentium

132 1016 203 1083 loco
224 1017 383 1106 ponendo)
402 1041 498 1106 quam
524 1019 644 1085 habeut
666 1019 850 1108 respectiva
873 1019 974 1108 ipsius
994 1020 1071 1085 AY
1077 1031 1193 1109 partes,

133 1119 248 1187 iisdem
270 1121 465 1209 temporibus
487 1121 626 1187 decursae
644 1125 735 1210 (quas
753 1132 785 1188 et
803 1146 908 1189 curvae
923 1124 1091 1212 propositae
1105 1126 1193 1192 eiam

134 1235 229 1289 rectos
247 1223 407 1311 appellare
432 1223 480 1290 nil
502 1224 669 1310 dubitem).
714 1224 840 1313 Nempe
861 1226 936 1292 ΒΜ
949 1226 990 1292 ed
1012 1227 1076 1292 ΟΝ
1090 1227 1193 1293 mino-

134 1350 202 1392 rem
224 1327 378 1394 rationem
401 1327 508 1409 habet,
534 1352 631 1417 quam
653 1329 721 1394 AB
739 1329 781 1394 ad
802 1329 877 1404 AO,
898 1328 950 1396 vel
970 1330 1044 1394 ΒΜ
1057 1329 1098 1395 ad
1118 1330 1190 1412 0F;

134 1429 211 1516 quia
231 1430 328 1498 GN>
344 1430 408 1499 OF.
446 1431 519 1498 Hoc
538 1430 578 1498 de
598 1432 734 1514 circulis,
752 1443 785 1500 et
806 1433 878 1500 aliis
901 1432 1006 1500 curvis
1028 1431 1192 1522 speciatim

134 1534 306 1625 reperiatur
319 1535 439 1624 passim
455 1545 628 1603 ostensum.
1017 1539 1020 1548 '

199 1637 255 1704 Ad
277 1638 441 1726 sequentia
463 1638 649 1721 notandum,
665 1640 751 1728 quod
773 1639 802 1706 si
825 1648 911 1706 recta
932 1641 1138 1707 transversim
1160 1650 1193 1708 et

134 1741 309 1829 parallelos
334 1753 422 1808 mota
445 1743 625 1830 retrograde
642 1745 675 1831 (a
695 1745 730 1810 D
750 1754 829 1834 puta
846 1765 957 1810 versus
977 1744 1009 1808 A
1032 1767 1088 1833 per
1109 1744 1189 1830 DA)

134 1843 255 1910 moveri
283 1844 486 1932 concipiatur,
517 1847 559 1912 ab
589 1845 696 1934 aliquo
725 1869 830 1915 curvae
865 1847 1035 1935 proposita
1063 1856 1191 1936 punct0,

133 1947 224 2013 velut
244 1946 281 2027 0,
296 1945 468 2035 incipiens;
492 1946 665 2036 etdemque
683 1973 806 2039 semper
820 1949 942 2016 ratione
956 1947 1077 2016 dictum
1091 1973 1193 2038 punc-

134 2059 204 2117 tum
226 2049 267 2117 ab
294 2049 322 2117 0
344 2050 517 2118 ascendens
540 2051 645 2138 quoad
662 2053 862 2120 velocitatem
884 2052 1052 2134 decrescat,
1068 2059 1132 2143 qut
1149 2053 1191 2120 ad

133 2154 239 2242 ipsum
268 2154 510 2222 Odesoendens
533 2155 718 2236 increverat,
741 2157 850 2232 eadem
875 2179 973 2224 curva
992 2156 1192 2245 producetur.

135 2256 281 2336 Quidni?
324 2256 407 2325 Cum
431 2256 516 2323 idem
539 2267 644 2324 motus
670 2257 722 2341 sit,
746 2259 872 2325 inverse
897 2266 1023 2324 tantmn
1048 2258 1192 2350 conside·

135 2367 233 2426 ratus.

198 2569 263 2636 XI.
308 2569 513 2659 Supponatur
535 2578 652 2634 rectam
672 2567 790 2635 lineam
811 2568 905 2636 Tus
914 2566 1108 2657 propositam
1122 2589 1192 2636 cur-
1206 2581 1262 2650 Fig.
1276 2597 1315 2636 πο.

135 2697 210 2741 vam
233 2674 268 2739 in
290 2682 409 2762 puncto
430 2673 475 2739 M
489 2682 619 2760 tangere
637 2672 695 2758 (sio
718 2681 754 2738 ut
776 2695 847 2738 eam
870 2693 984 2758 nempe
1006 2693 1072 2736 non
1094 2673 1189 2758 secet)

135 2783 338 2862 occurratque
360 2785 495 2861 tangens
516 2774 585 2840 haec
605 2783 699 2840 rectae
719 2774 788 2839 ΑΖ
804 2772 838 2838 in
861 2773 896 2854 Τ,
921 2771 1114 2860 duceturque
1137 2796 1193 2862 per

134 2880 178 2944 M
193 2888 278 2945 recta
299 2877 370 2944 PM
370 2878 401 2944 G
424 2877 466 2943 ad
488 2876 564 2943 AY
580 2875 750 2965 parallela;
774 2875 844 2942 dico
861 2874 1062 2941 velocitatem
1081 2877 1193 2964 puncti

134 2981 363 3062 descendentis,
379 3003 479 3068 eoque
498 2989 587 3046 motu
606 3002 735 3046 curvam
750 2978 967 3060 describentis,
984 3002 1080 3067 quam
1094 2979 1193 3047 habet

133 3085 175 3151 ad
197 3095 375 3152 contactum
395 3087 442 3166 M,
464 3084 582 3172 aequari
608 3084 779 3165 velocitati,
801 3089 866 3172 qut
887 3093 973 3150 recta
999 3085 1056 3150 ΤΡ
1075 3082 1192 3152 descri-

60 3180 64 3186 ’
132 3187 226 3255 betur
247 3187 446 3253 uniformiter
468 3185 578 3253 eodem
600 3195 751 3273 tempore,
766 3208 830 3273 quo
849 3195 935 3251 recta
949 3185 1017 3251 ΑΖ
1024 3185 1123 3252 fertur
1136 3209 1193 3275 per

133 3290 202 3357 Ac
213 3290 265 3356 vel
279 3291 363 3357 PM:
391 3289 464 3376 (vel,
481 3288 567 3376 quod
589 3288 700 3355 eodem
713 3288 836 3368 recidit,
852 3287 923 3354 dico
942 3287 1026 3375 quod
1041 3288 1192 3356 velocitas

132 3394 243 3482 puncti
266 3391 485 3459 descendentis
504 3393 539 3457 in
559 3392 603 3456 Μ
619 3391 661 3456 ad
681 3391 881 3458 velocitatem
904 3397 969 3478 qut
989 3391 1087 3459 fertur
1108 3402 1193 3458 recta

132 3495 200 3561 ΑΖ
208 3518 242 3561 se
256 3494 362 3576 habet,
376 3503 415 3559 ut
432 3503 518 3559 recta
537 3495 595 3559 ΤΡ
604 3493 646 3558 ad
658 3494 756 3578 PM).
803 3491 955 3560 Sumatm
975 3493 1062 3560 enim
1084 3493 1192 3559 ubivis

131 3600 167 3666 in
182 3609 331 3687 tangente
345 3606 500 3686 punctum
515 3596 645 3683 aliquod
658 3598 702 3677 K,
718 3606 750 3662 et
764 3619 821 3684 per
840 3597 946 3684 ipsum
961 3595 1094 3663 ducetur
1107 3607 1193 3662 recta

130 3703 172 3768 K
173 3702 213 3782 θ,
234 3725 340 3768 curvae
362 3721 526 3766 occurrens
548 3699 583 3764 in
609 3698 646 3780 0,
668 3699 830 3788 parallelis
852 3710 959 3765 autem
973 3699 1052 3782 AY,
1073 3711 1106 3767 et
1126 3701 1193 3768 PG

130 3807 167 3872 in
181 3806 224 3887 D,
240 3813 273 3871 et
293 3803 333 3871 θ.
378 3802 424 3868 Et
444 3802 521 3890 quia
539 3812 676 3889 tangens
696 3803 766 3868 TM
774 3801 895 3890 duplici
910 3803 1105 3891 concipiatur
1119 3804 1192 3870 uni·
1278 3793 1280 3799 ¹

130 3908 225 3975 sormi
250 3917 340 3973 motu
364 3905 531 3994 descripta,
558 3905 655 3972 altero
681 3916 775 3972 rectae
804 3907 863 3970 TZ
882 3929 939 3994 per
964 3906 1034 3974 Aa
1052 3907 1106 3974 vel
1128 3907 1199 3972 PM

129 4010 306 4101 parallelos
327 4009 451 4091 delatae,
468 4008 566 4076 altero
581 4009 692 4098 puncti
707 4009 927 4078 descendentis
950 4032 969 4074 a
990 4010 1025 4075 ,T
1043 4032 1098 4098 per
1122 4011 1191 4092 TZ;

130 4125 165 4182 et
185 4115 229 4181 sit
249 4113 364 4180 horum
385 4124 531 4198 motuum
549 4113 630 4178 alter
642 4136 699 4201 per
713 4113 788 4194 Ac,
803 4113 856 4180 vel
870 4113 942 4178 PM
950 4114 1125 4180 communis
1140 4112 1194 4180 vel

130 4218 217 4286 idem
239 4240 312 4282 oum
333 4216 391 4282 illo
412 4239 477 4304 quo
498 4238 597 4282 curva
619 4214 825 4299 describitur;
849 4238 921 4282 cum
942 4217 1001 4282 ΤΖ
1009 4228 1058 4283 est
1075 4217 1110 4283 in
1128 4217 1193 4284 situ

130 4321 212 4402 Kc,
236 4321 296 4386 erit
315 4320 383 4385 ΑΖ
400 4319 435 4384 in
459 4318 587 4401 eodem;
611 4342 687 4407 ergo
711 4343 784 4387 cum
807 4330 960 4409 punctum
980 4344 999 4385 a
1018 4321 1050 4386 T
1064 4320 1202 4390 descen-'¹

130 4422 211 4490 dens
231 4421 327 4488 fuerit
346 4421 382 4486 iu
399 4422 444 4504 K,
465 4422 525 4488 erit
545 4431 701 4510 punctum
721 4423 763 4489 ab
777 4423 811 4488 A
830 4421 1023 4489 descendens
1037 4423 1072 4487 in
1088 4445 1192 4492 curvae

131 4547 205 4594 cum
215 4524 255 4592 K
258 4523 289 4593 θ
299 4522 522 4593 intersectione
538 4525 579 4609 03
599 4527 670 4614 (nec
683 4526 779 4614 enim,
794 4534 937 4596 utentes
952 4526 1123 4597 deductum
1134 4539 1193 4612 est,
