3167 5192
109 406 200 458 unco.
219 391 339 476 xvnn]
445 403 631 455 montosus
654 404 928 457 monumen.
1204 395 1269 463 285

105 577 263 665 defecent
276 579 431 644 rationem
438 601 500 665 per
513 575 595 643 ποιὰ
608 576 749 666 σχέσιςῑ.
773 576 887 643 Denuo
902 586 1010 645 censet
1024 576 1192 645 Euclidem
1207 580 1269 647 hoc

102 679 170 746 loco
191 682 349 761 tussiisse‚
364 680 427 747 hoc
447 690 505 762 est,
526 703 599 746 cum
620 680 704 746 nihil
725 680 856 747 heberet
878 679 964 768 quod
985 679 1027 746 ed
1048 702 1115 747 rem
1138 681 1277 764 diceret,

101 805 213 850 sonum
228 784 350 850 mentis
364 806 501 850 vacuum
515 782 661 850 edidisse.

165 885 233 953 Sed
248 887 336 952 bono
349 885 466 966 verbe3
489 908 561 973 qnae
575 908 672 951 causa
688 894 755 951 tum
774 884 894 972 tragice
914 884 1091 952 saeviendi?
1112 887 1188 974 quie
1206 889 1266 955 sci·

100 988 206 1056 lieett
222 986 439 1078 στοιχεισνφὴς
452 989 607 1056 rationem
621 1012 678 1077 per
695 988 815 1078 σχέσιν
832 988 997 1071 definivit;
1020 989 1137 1081 σχέσις
1155 1002 1262 1061 sutem

97 1093 180 1180 quod
202 1104 242 1159 tu
265 1116 379 1180 capere
400 1102 500 1181 potes,
522 1102 580 1157 ont
600 1092 662 1173 uis,
684 1091 768 1157 nihil
788 1092 967 1178 significat:
997 1094 1075 1180 quid
1089 1093 1187 1161 facias
1202 1094 1263 1163 hoc

98 1196 255 1263 homine?
279 1195 348 1283 ipse
362 1196 527 1276 rationem,
542 1203 624 1261 teste
645 1194 750 1283 seipso
771 1218 808 1260 cc
825 1193 944 1282 judice,
960 1218 1033 1263 vere
1055 1197 1138 1263 sicut
1158 1198 1266 1267 omnis

98 1307 129 1363 ct
149 1307 304 1364 accurate
326 1296 447 1377 definit,
468 1296 529 1363 hcc
551 1295 655 1376 modo,
676 1296 773 1363 Ratio
795 1310 837 1364 cst
859 1297 970 1364 relatio
994 1298 1198 1367 andecimo
1220 1302 1267 1367 ad

96 1426 286 1491 coaequevos
299 1398 466 1467 secundom
479 1399 753 1487 magnitudinem&
775 1398 873 1465 Retio
884 1412 932 1467 est
943 1400 1068 1484 relati03
1085 1403 1164 1490 quid
1174 1403 1264 1471 aliud

97 1504 256 1591 cogitavit
278 1512 334 1569 eut
351 1502 456 1569 uoluit
473 1500 652 1567 Euclides?
675 1501 748 1589 quis
768 1502 837 1588 ejus
856 1524 997 1591 unquam
1016 1514 1155 1572 mentem
1172 1506 1264 1575 sliter

98 1608 205 1696 cepit?

158 1710 226 1778 Sed
242 1732 306 1799 pro
321 1710 395 1798 jure
413 1732 471 1777 sno
490 1708 562 1776 vult
581 1708 636 1775 hic
653 1708 773 1776 ordinis
793 1708 962 1777 Dictatorii
981 1711 1032 1777 vir
1052 1734 1117 1778 non
1136 1720 1262 1780 tantum

98 1812 162 1902 ipse
186 1813 295 1903 loqui,
320 1812 377 1879 sed
401 1812 481 1879 elios
506 1812 672 1900 loquentes
694 1810 873 1900 intelligere
895 1836 988 1880 suum
1011 1813 1053 1880 sd
1076 1816 1206 1882 modum
1230 1828 1263 1885 et

98 1918 287 1998 arbitrium
318 1916 460 1982 adsumit
484 1916 548 1982 sibi
577 1916 661 2004 (quis
687 1915 772 1983 enim
802 1916 1003 2003 prohibeati)
1035 1918 1261 1987 vocabulorum

98 2020 313 2108 peritissimus
333 2019 432 2101 faber,
450 2018 551 2084 animi
572 2019 622 2085 sui
645 2040 772 2086 sensum
794 2030 907 2108 praeter
928 2043 1047 2087 morem
1069 2022 1187 2103 efferre,
1204 2024 1261 2091 sed

98 2145 152 2189 nec
173 2146 212 2191 eo
241 2130 410 2188 contentus
433 2121 566 2207 sdsogst
589 2118 652 2187 sibi
674 2131 874 2209 potestatem,
897 2122 1018 2190 alienes
1039 2146 1166 2213 quoque
1188 2149 1260 2193 sen-

98 2228 209 2293 tentias
238 2237 349 2292 contre
371 2244 538 2291 commune
559 2222 747 2311 suffragium
769 2233 802 2291 et
822 2224 1072 2313 receptissimum
1093 2250 1188 2294 usum
1209 2229 1261 2296 in·

99 2328 303 2419 erpretandi.
337 2321 468 2417 Σχέσις,
480 2327 607 2415 quando
621 2328 667 2393 sio
681 2328 749 2416 ipse
759 2328 854 2416 jubet
868 2337 900 2394 ct
914 2330 1034 2410 statuit,
1047 2330 1260 2399 habitudinem

100 2431 279 2521 siguificare
294 2430 406 2511 debet,
429 2428 578 2496 habitudo
591 2452 667 2496 vero
681 2429 775 2509 nihil,
796 2430 949 2517 quioquid
970 2430 1025 2497 alii
1046 2431 1190 2519 plerique
1211 2456 1260 2500 re·

100 2532 236 2602 clement
245 2532 406 2612 mortales,
419 2532 481 2597 ists
491 2533 648 2599 vocabula
658 2540 760 2598 certos
775 2530 818 2597 ed
832 2554 942 2599 sensus
957 2554 1031 2599 suos
1046 2531 1259 2621 designandos

100 2637 298 2706 cdhssscntes.
342 2634 552 2704 Gmmmatici
581 2635 821 2721 congluentism
841 2635 936 2701 istem
956 2657 1012 2702 seu
1030 2638 1258 2705 connexionem

100 2739 176 2809 inter
195 2741 437 2809 substantivum
456 2748 488 2805 et
506 2739 709 2827 adjectivum,
724 2738 855 2805 nomina
869 2738 1124 2821 intercedentem,
1140 2740 1260 2829 σχέσιν

102 2842 262 2928 ὀνομάτων
276 2854 402 2910 vocant.
434 2842 592 2930 Theclogi
606 2842 771 2930 disputent
784 2864 827 2907 an
841 2840 996 2928 imagines
1011 2841 1077 2908 sint
1090 2840 1258 2910 adorandae

102 2952 267 3038 σχπικῶς,
282 2948 415 3032 hocest,
430 2957 559 3036 propter
577 2946 697 3035 σχέσιν
715 2968 773 3013 scu
790 2943 976 3012 relationem
995 2968 1092 3034 quam
1112 2946 1258 3014 obtinent

102 3051 138 3116 od
158 3061 333 3140 prototype
355 3072 426 3138 quae
448 3058 682 3139 repraesentant.
726 3047 806 3113 Illas
825 3070 898 3135 quae
919 3058 1070 3135 cognatos
1092 3059 1124 3116 et
1146 3049 1256 3117 affines

101 3168 264 3223 versantur
273 3155 449 3237 relationes,
455 3177 498 3220 ex
507 3162 627 3219 neturae
636 3152 857 3239 conjunctione
864 3151 918 3217 vel
925 3152 1044 3218 mutuis
1055 3153 1256 3241 pactionibus

101 3260 255 3342 oriundos,
290 3260 467 3326 communis
501 3280 603 3325 sermo
640 3257 790 3347 σχέσεων
825 3258 972 3344 designet
1008 3257 1254 3345 appellcmento.

101 3359 246 3430 Plaustro
259 3362 368 3429 liceret
376 3360 595 3449 exemplorum
606 3360 772 3440 invehere3
789 3360 925 3425 sufficiet
934 3359 1149 3446 probatissimi
1160 3362 1256 3427 unius

102 3462 308 3531 Grammatici
322 3464 518 3530 luculentum
531 3461 766 3529 testimonium:
788 3459 833 3525 ‘H
857 3460 973 3549 σχέσις
991 3460 1106 3548 (inquit
1123 3460 1252 3547 Suidss)

102 3562 153 3631 ἐπὶ
175 3572 242 3635 τῶν
266 3566 348 3654 πρός
370 3592 404 3632 τι
427 3566 568 3649 λέγεται,
594 3564 662 3631 οἷον
686 3562 768 3652 πρὸς
792 3562 919 3650 πατέρα
947 3560 1022 3642 υἱὸς,
1048 3562 1130 3649 πρὸς
1156 3562 1255 3651 φίλον

102 3668 207 3753 φίλος·
237 3672 343 3779 wlco
366 3668 431 3758 γὰρ
455 3668 510 3735 καὶ
536 3667 606 3757 ἔχει
631 3666 686 3733 καὶ
707 3666 819 3755 ἔχεται
845 3663 902 3731 ἀπ’
929 3663 1096 3747 ἀλλήλων,
1121 3665 1170 3733 διὸ
1199 3668 1255 3735 cal

102 3774 228 3861 σχέσεις
246 3775 488 3863 προσείρηνισι·
517 3770 599 3860 πρὸς
621 3770 656 3838 δέ
678 3797 711 3837 τι
730 3770 814 3837 εἰσὶν
834 3770 888 3836 καὶ
911 3768 953 3835 τὰ
976 3768 1061 3835 κατὰ
1082 3768 1255 3857 σύγκρισιν

102 3878 261 3961 λεγόμενα,
274 3877 342 3944 οἷον
354 3875 478 3964 μικρὸν,
490 3877 605 3958 μεῖζον,
618 3874 803 3955 διπλάσιον,
815 3872 870 3939 καὶ
884 3870 1058 3955 ἐπιστήμην,
1074 3873 1129 3939 καὶ
1139 3873 1254 3957 alodo}-

103 4004 159 4050 σις.
192 3981 267 4049 Non
282 3980 382 4068 igitur
395 3978 586 4045 vocobulum
602 3978 718 4068 σχέσις
731 4000 858 4067 prorsus
869 3975 1088 4064 insignificans
1099 3986 1131 4044 et
1141 4000 1252 4046 sensus

296 4139 306 4170 ¹
324 4139 387 4202 Peg.
402 4153 442 4197 44,
459 4150 513 4197 100,
526 4135 567 4197 88,
580 4136 619 4185 82.
910 4131 922 4165 ¹
939 4133 1000 4199 Peg.
1014 4146 1053 4198 45.

152 4492 261 4550 llobbes
272 4508 335 4562 says
346 4492 371 4547 it
381 4506 477 4547 means
488 4488 629 4558 tabitudo,
639 4486 727 4543 which
738 4487 774 4543 ho
785 4504 847 4557 says
859 4486 883 4543 is
895 4486 1014 4543 absurd:
1030 4484 1180 4543 ensuerod.
