3167 5192
328 380 394 453 216
515 414 520 419 ·
656 400 843 451 uncrrosns
865 397 1140 449 munnusrrcar.
1288 386 1395 466 [naor.
1408 400 1489 451 xm.

326 576 487 667 orry‘nalr‘bet
507 600 570 641 non
590 588 786 657 memorate,
801 599 864 663 per
885 575 1144 663 comparatsbnem
1165 574 1232 661 qiua
1251 596 1323 639 cnm
1340 572 1417 655 alu,
1436 574 1491 641 vel

326 680 403 747 alica
416 678 687 767 magnitudinibus
700 678 898 743 memoratri.
943 675 991 740 At
1004 698 1081 743 vero
1095 675 1237 741 sciscitor
1250 676 1292 741 ab
1306 674 1359 741 his
1372 688 1489 743 nosue

326 784 465 851 scientiae
480 782 678 849 finitoribus:
701 803 774 848 cum
789 792 906 847 rectam
920 779 1040 846 lineam
1053 778 1106 845 vel
1120 778 1275 865 angulum
1289 779 1489 847 rectilineum

324 888 445 957 bisecat
467 885 653 968 Geometer;
686 909 758 953 cum
780 908 799 951 e
820 884 893 951 dato
916 883 1028 949 saltem
1050 894 1168 971 puncto
1193 883 1488 971 perpendicularem

325 990 445 1059 excitat
460 998 515 1055 ant
530 988 669 1055 demittit
682 996 810 1067 rectam,
823 1010 897 1053 cum
917 1009 975 1074 per
991 986 1101 1052 datum
1121 996 1275 1075 puuctum
1295 986 1380 1052 datae
1394 1003 1488 1054 recrae

325 1092 509 1183 parallelam
523 1092 621 1174 ducit,
642 1102 698 1159 aut
712 1114 785 1158 cum
805 1102 922 1158 rectam
942 1090 1030 1156 ducit
1049 1112 1121 1177 quae
1141 1090 1249 1156 datam
1263 1112 1395 1157 curram
1412 1113 1490 1157 eon·

325 1196 446 1283 tingat3
485 1218 557 1262 eum
587 1218 681 1281 super
710 1194 785 1261 data
813 1199 900 1260 recta
927 1194 1014 1260 linet
1041 1192 1237 1280 triangulum
1267 1192 1488 1281 aequilaterum

325 1310 381 1366 aut
404 1298 593 1387 quadratum
616 1297 798 1380 constitum
829 1320 902 1363 cum
924 1319 981 1383 per
1006 1295 1067 1361 tria
1091 1296 1167 1361 data
1192 1307 1313 1383 puncta
1331 1296 1489 1363 circulum

325 1402 486 1481 describit,
509 1412 564 1468 aut
585 1400 744 1488 triangulo
764 1400 838 1466 dato
860 1400 1013 1465 circulum
1034 1398 1280 1479 circumscribit;
1307 1422 1382 1465 cum
1404 1400 1489 1465 date

325 1505 583 1573 circumferentiae
604 1517 757 1585 centrum,
779 1505 834 1570 vel
848 1504 931 1569 datae
950 1504 1068 1570 conicae
1088 1498 1235 1571 sectionis
1254 1504 1362 1569 focum
1381 1504 1490 1571 inves-

324 1612 425 1699 tigat;
449 1635 521 1679 cum
535 1611 614 1677 talia
629 1610 794 1698 complura
807 1610 940 1698 peragit,
962 1619 995 1676 et
1009 1610 1109 1676 solam
1123 1609 1382 1696 magnitudinum
1402 1611 1490 1698 posi-

324 1716 445 1783 tionem
468 1714 643 1803 spectantia
663 1711 863 1801 problemata
884 1712 1025 1793 resolvit,
1052 1734 1158 1778 aunon
1180 1712 1280 1778 officio
1302 1734 1362 1778 suo
1387 1715 1488 1800 probe

324 1819 514 1905 defungatur
541 1808 734 1886 Geometras
763 1839 843 1904 quas
869 1826 976 1882 tamen
1004 1815 1073 1882 illic
1101 1816 1348 1902 magnitudines,
1380 1819 1487 1904 quoad

324 1922 464 2009 ipsarum
492 1921 701 2008 quantitatem
723 1930 885 2006 comparat
905 1919 989 1985 inter
1013 1942 1056 1999 se,
1082 1942 1179 2008 quam
1204 1919 1303 1985 ullius
1327 1942 1487 1986 mensurae

324 2023 478 2089 rationem
510 2020 630 2088 habet?
672 2020 807 2087 Nullam
839 2043 977 2109 prorsus,
1005 2030 1040 2085 at
1068 2021 1172 2086 solum
1201 2019 1358 2087 linearum
1387 2022 1486 2087 situm

324 2126 524 2207 determinat,
549 2135 580 2192 et
600 2134 789 2213 punctorum
813 2125 1010 2212 quonmdam
1034 2124 1222 2211 positionem
1246 2124 1391 2211 inquirit.
1437 2124 1486 2192 Ut

323 2238 505 2317 preteream
528 2228 614 2315 quod
636 2238 739 2293 motus
762 2250 851 2314 aeque
872 2227 1011 2314 pensitat
1033 2225 1214 2306 Geometra,
1230 2225 1350 2313 quibus
1371 2226 1484 2313 figura

324 2341 525 2418 generantum,
553 2342 612 2397 etc.
657 2330 873 2418 Inadaequatae
898 2341 973 2396 suut
994 2331 1092 2417 igitur
1113 2340 1144 2397 et
1165 2330 1348 2416 incongruae
1370 2330 1486 2396 defiui-

323 2437 426 2507 tiones
440 2437 519 2517 istae„
535 2434 624 2501 falsis
640 2435 673 2500 iu
689 2435 882 2522 prejudiciis
897 2435 1047 2505 fundate.

391 2540 647 2631 Oognomentum
672 2540 738 2620 ille,
769 2540 915 2626 quisquis
937 2549 1013 2619 erat,
1039 2538 1145 2624 magis
1171 2538 1351 2627 appositum
1381 2538 1483 2624 assig-

323 2646 414 2713 navit
436 2645 511 2712 huic
533 2645 685 2724 scientiae,
706 2643 761 2730 qui
778 2641 950 2726 μεγεθοοῇν
972 2641 1196 2730 appellandum
1216 2641 1358 2721 ceusuit;
1381 2642 1484 2707 scien·

322 2750 401 2815 tiam
421 2772 535 2835 nempe
553 2749 636 2815 circa
657 2746 895 2834 magnitudines
915 2754 1103 2825 versantem,
1128 2768 1200 2832 quae
1219 2745 1361 2833 ipsarum
1380 2746 1484 2810 omni·

322 2873 421 2939 genas
440 2852 620 2917 affectiones
643 2849 841 2937 speculatur3
865 2848 926 2914 hoc
947 2856 1005 2930 est,
1028 2847 1170 2934 inquirit,
1193 2846 1327 2927 invenit,
1350 2845 1481 2913 demon·

323 2962 412 3018 suat.
458 2951 537 3030 Quae
560 2951 693 3037 proinde
715 2973 780 3017 non
801 2949 884 3015 male
906 2950 1093 3015 describitur
1113 2972 1133 3014 a
1155 2948 1288 3029 Proclo;
1310 2948 1480 3028 Γνωοταῆ

324 3052 474 3137 μεγεθῶν,
488 3052 542 3118 καὶ
554 3052 735 3142 σχημάτων
745 3053 873 3119 καὶτῶν
887 3053 921 3119 ἐν
932 3052 1055 3125 τούτοις
1067 3052 1227 3141 περάτων·
1243 3051 1292 3119 ἔτι
1302 3056 1367 3118 τῶν
1375 3050 1481 3135 actm

325 3159 389 3223 ‘triv
414 3155 448 3220 ἐν
476 3154 592 3235 αὐτοῖς,
624 3155 679 3222 καὶ
708 3158 823 3223 παθῶν
847 3161 911 3223 τῶν
936 3157 1011 3245 περὶ
1037 3155 1130 3237 adrat,
1155 3156 1210 3223 καὶ
1232 3158 1481 3223 edocumatos

325 3260 447 3327 θέσεων
461 3258 516 3326 καὶ
530 3258 694 3342 κινήσεων.
740 3259 792 3324 Ita
811 3260 960 3348 quidem3
983 3260 1111 3327 tametsi
1130 3260 1262 3327 minime
1281 3260 1478 3327 diffitendum

324 3361 415 3429 sitin
430 3362 490 3427 hoc
504 3361 585 3429 verti
599 3383 750 3448 magnam
769 3363 866 3452 hujus
883 3362 1023 3429 scientiae
1042 3372 1175 3451 partem,
1196 3364 1394 3451 precipuum
1412 3364 1480 3451 ejus

324 3488 416 3531 usum
433 3464 467 3531 in
481 3465 541 3531 hoc
558 3464 739 3545 consistere,
759 3464 1018 3552 magnitudinum
1037 3475 1074 3533 ut
1088 3465 1281 3553 quantitates
1300 3489 1342 3531 ex
1356 3489 1478 3553 compa·

324 3570 445 3636 ratione
466 3567 692 3656 dignoscantru
709 3578 741 3634 et
762 3568 975 3649 aestimentur;
998 3568 1059 3635 hoc
1078 3578 1135 3649 est,
1155 3578 1192 3634 ut
1211 3570 1290 3656 ipse
1308 3568 1479 3655 quomodo-

324 3696 448 3761 cunque
470 3681 700 3739 mensurentur.
747 3671 852 3752 Quare
871 3694 936 3737 nou
957 3694 1088 3759 segnem
1110 3672 1331 3760 impendemus
1353 3694 1477 3759 operam

324 3776 400 3845 huic
414 3775 644 3865 magnitudinis
660 3775 819 3841 affectioni
833 3774 1056 3842 dilucidandae.

389 3879 494 3969 Igitur
507 3880 609 3968 primo
624 3879 771 3946 vocabuli
786 3902 945 3961 mensura,
961 3888 994 3944 et
1011 3902 1053 3944 ex
1071 3880 1295 3967 consequentia
1314 3882 1379 3945 τῶν
1396 3900 1477 3943 naen·

323 4010 442 4066 aurare,
470 3984 683 4064 memorabile,
715 3983 932 4070 similiumque
962 3982 1166 4071 πορωνύμων
1193 3984 1419 4072 ambiguitates
1446 3990 1475 4045 et

376 4290 462 4346 Proof
469 4290 500 4345 of
509 4292 546 4346 its
558 4292 733 4369 inadequacy.

377 4378 403 4432 A
421 4376 514 4433 better
530 4394 611 4434 name
628 4380 765 4450 proposed
782 4380 807 4436 is
823 4381 988 4450 Meqstbikc.

376 4462 433 4519 But
450 4462 579 4519 Measure
596 4464 620 4518 is
637 4465 687 4520 the
703 4466 777 4522 main
795 4466 874 4536 point
890 4468 919 4522 iu
937 4468 986 4525 the
1004 4467 1125 4525 Science.
