3167 5192
308 343 372 409 268
633 353 820 405 uucrronus
842 352 1114 403 nnrnunsrrcr.
1249 333 1351 420 [secr.
1367 351 1451 401 rur.

305 528 450 617 jungere.
484 522 550 594 sed
564 545 637 589 cum
651 522 806 591 canentis
819 522 941 610 impetu
954 519 1069 587 calami
1083 520 1276 608 prostitutas
1289 518 1456 585 etiamnum

308 627 458 717 temporis
472 636 573 693 metas
587 626 701 691 fuerim
715 633 946 715 praetervectus,
958 624 1092 690 sufficiat
1106 624 1151 689 ita
1161 624 1231 710 jam
1244 622 1285 689 ad
1298 621 1376 701 illas,
1385 642 1457 708 quse

309 754 382 799 cum
404 740 581 819 opportuna
601 752 635 795 se
657 728 980 816 praebuerit'oroasio,
1003 728 1150 814 proxime
1175 737 1397 814 consequentur
1414 724 1459 791 de

310 843 499 922 quantorum
510 831 658 917 analogio
669 830 906 919 disquisitiones
916 840 1078 918 utcunque
1088 830 1174 897 viam
1184 828 1367 897 munivisse.
1395 825 1460 893 Vos

309 937 437 1005 interim
451 937 533 1005 bene
549 934 681 1003 valmfis
695 956 814 1022 precor,
830 933 942 1021 optimi
957 942 990 1000 et
1003 932 1227 999 humanissimi
1241 932 1404 1001 auditores.

662 1160 1120 1168 ..Ἠ-.-

743 1305 875 1373 Lmen.
897 1305 1035 1373 xvnr

371 1440 435 1509 ΒΟ
457 1463 543 1508 more
564 1462 646 1517 meo,
666 1440 857 1529 posthabitis
879 1440 1050 1528 prooemiis,
1070 1448 1103 1507 et
1124 1440 1315 1527 ambagibus
1337 1441 1464 1507 omuino

386 1545 604 1634 pretermissis
620 1547 800 1633 (posmwn
815 1553 921 1609 tamen
940 1544 1042 1625 vobis,
1063 1543 1222 1611 auditores
1241 1544 1354 1633 optimi
1372 1555 1465 1632 quot·

311 1662 389 1738 quot
402 1650 488 1731 estis,
503 1647 719 1714 omnimodam
733 1646 868 1713 salumin
883 1656 915 1713 et
929 1646 1107 1734 gratulatus
1120 1646 1208 1714 fuero
1223 1657 1416 1735 praesentem,
1431 1660 1465 1716 et

312 1755 369 1820 diu
385 1754 524 1819 futuam
538 1752 740 1839 exoptavero)
758 1750 801 1817 ad
815 1772 882 1815 rem
899 1774 950 1819 me
971 1752 1097 1818 confero
1116 1753 1278 1840 protinus;
1302 1762 1335 1819 et
1348 1752 1466 1819 diutius

311 1854 527 1921 intermissum
537 1875 671 1939 pensum
685 1852 720 1917 in
734 1874 849 1919 manus
863 1876 997 1919 resume.
1028 1852 1138 1921 Liceat
1150 1864 1254 1921 autom
1266 1856 1353 1922 boud
1363 1860 1466 1921 vestrt

311 1980 384 2025 cum
398 1956 493 2022 veuit
505 1955 628 2041 pridem
642 1954 797 2021 institutae
811 1955 960 2023 methodo
975 1956 1134 2039 inhaerere,
1150 1958 1297 2045 quodque
1311 1959 1465 2046 reliquum

312 2071 362 2129 est
375 2068 528 2147 msceptae
543 2059 626 2125 circa
643 2056 825 2125 Matheseos
845 2058 1069 2146 προηγούμενα
1088 2061 1283 2127 tractationis
1301 2062 1445 2129 densae
1454 2086 1463 2141 ;

312 2186 384 2252 quae
401 2161 530 2251 quidem
551 2182 642 2247 spero
663 2159 729 2226 fore
749 2184 823 2227 cum
842 2161 903 2227 hoc
921 2160 1055 2228 termino
1074 2172 1111 2228 ut
1129 2164 1256 2250 penitus
1275 2164 1464 2244 absolvatur,

312 2267 460 2355 quodque
478 2274 646 2353 postquam
666 2263 790 2331 tamdiu
808 2264 892 2330 circa
910 2264 1002 2331 littus
1021 2264 1181 2347 hesimus,
1198 2277 1231 2333 ct
1244 2267 1357 2335 barum
1375 2267 1464 2354 qnasi

312 2370 515 2439 scientiarum
529 2391 600 2435 oras
613 2368 760 2457 legimus,
775 2368 811 2433 in
825 2368 926 2435 altum
941 2368 1069 2434 tandem
1083 2392 1190 2457 aequor
1204 2370 1413 2458 provehemur.
1550 2426 1551 2445 2

379 2474 571 2563 Quanquam
591 2477 702 2539 revera
722 2496 802 2560 quas
823 2472 919 2539 modo
941 2472 1153 2539 discutiendas
1176 2474 1376 2561 aggredimur
1396 2498 1463 2541 ma·
1550 2484 1551 2509 ³

314 2579 411 2659 teriee,
437 2578 505 2645 sive
530 2576 692 2644 subtilitas
716 2575 868 2663 ipsarum,
891 2575 961 2641 sive
985 2584 1143 2663 spectetur
1165 2577 1297 2659 utilitas,
1321 2578 1378 2643 vix
1401 2578 1462 2645 ille

314 2682 450 2749 multum
476 2681 586 2747 abesse
611 2678 760 2745 videntur
783 2680 825 2745 ab
849 2678 964 2745 intima
988 2678 1295 2767 profumdissimeque
1320 2678 1462 2747 Mathesi.

314 2783 459 2849 Veniunt
482 2780 640 2868 siquidem
665 2779 822 2868 imprimis
847 2780 1082 2847 consideranda
1111 2781 1191 2848 ratio
1219 2782 1272 2847 vel
1301 2782 1461 2871 proportio,

315 2895 385 2951 tum
408 2883 555 2968 analogia
576 2906 633 2950 seu
651 2883 946 2972 proportionalitas3
969 2884 1050 2950 circa
1070 2907 1149 2973 quas
1173 2885 1324 2953 nimirum
1348 2887 1463 2976 aliqua·

314 2998 408 3053 tenus
421 2985 570 3052 universa
583 2984 739 3051 Mathesis
753 2994 932 3072 occupatur,
948 2985 1001 3053 vel
1015 2995 1051 3051 ut
1066 2987 1189 3073 objecta
1207 3010 1275 3069 sua,
1295 2988 1348 3056 rel
1367 3000 1403 3056 ut
1419 2989 1463 3053 in·

316 3099 490 3155 strumenta
512 3087 695 3153 inveniendi
715 3110 753 3153 ac
774 3088 1027 3169 demonstrandi;
1058 3112 1116 3157 nec
1138 3092 1318 3178 analogiam
1339 3091 1463 3181 proinde

316 3192 473 3258 immerito
496 3190 547 3257 vir
567 3190 696 3257 divinus
719 3189 871 3279 inopere
894 3190 1094 3259 divimssirm
1120 3192 1290 3279 (Timaeum
1312 3196 1461 3281 intelligo)
1548 3266 1549 3275 ἶ

317 3295 448 3376 censuit,
464 3292 584 3377 δεσμὸν
597 3291 652 3359 καὶ
667 3292 810 3382 συνοχὴν
831 3297 896 3359 τῶν
916 3293 1129 3378 μαθημάτωνι
1153 3296 1322 3381 (naariam
1342 3312 1371 3365 at
1391 3322 1464 3367 octa·

316 3400 485 3466 macarem
498 3398 732 3478 Matdcmutrnn,
749 3420 790 3462 an
810 3396 1048 3484 disciplinarum
1068 3398 1174 3485 potius
1192 3401 1358 3487 omnium).
1403 3400 1464 3467 Nee

318 3501 393 3569 iude
428 3501 497 3567 abit
532 3498 766 3566 illustrissimus
796 3498 909 3565 author
937 3499 1096 3586 praalun
1125 3502 1163 3568 da
1191 3504 1335 3571 Metlrodo
1365 3504 1466 3573 ataid

317 3606 451 3672 Ratione
465 3603 637 3669 Distribae:
667 3602 750 3681 Qun
770 3600 841 3687 (ait)
862 3602 1144 3669 animadvertebam
1161 3603 1236 3671 illue
1257 3606 1463 3693 (particulam
1547 3600 1548 3657 ζ

316 3731 431 3796 nempe
445 3706 592 3774 scientias
606 3728 678 3794 quae
692 3703 928 3770 Mathematicae
938 3702 1098 3791 dicuntur)
1113 3708 1240 3775 οιίοοοοί
1248 3711 1335 3777 eirca
1348 3712 1463 3779 dinnao
1547 3700 1548 3707 ἵ

317 3814 431 3902 nejano
458 3823 664 3890 necarentur,
695 3810 731 3875 in
754 3810 811 3875 Ιιοο
836 3820 938 3875 tannen
962 3832 1064 3875 annm
1089 3814 1257 3893 merendre,
1284 3816 1369 3901 qnod
1390 3809 1466 3881 nni!

316 3918 410 3986 alind
426 3942 520 4004 param
540 3914 703 3982 relationes
723 3916 788 3981 cirre
802 3916 1017 4001 proportiones
1038 3916 1199 4002 quadan,
1214 3942 1283 4005 quta
1303 3920 1339 3987 r‘n
1361 3922 1403 3989 tn
1421 3940 1462 3983 re·

550 4061 663 4111 ¹‘I'nson
675 4059 757 4125 Smyr.
769 4074 826 4123 pag.
839 4072 902 4119 13¹3
920 4058 1001 4119 Plato,
1017 4058 1150 4126 ΜΝ.
1163 4062 1233 4124 1048.

745 4220 871 4228 ..ω-ιηἸ
876 4220 1058 4227 ----

372 4284 541 4340 conclusion

370 4370 386 4400 ⁴*
399 4370 485 4425 What
500 4370 551 4425 bns
568 4370 706 4439 preceded
723 4372 747 4426 ia
764 4371 904 4441 prelatory
923 4375 1031 4427 matter.

371 4456 504 4525 Analogy,
522 4455 667 4523 according
684 4459 713 4511 to
731 4456 833 4526 Theon,
854 4457 940 4518 Plato.
960 4456 1108 4525 eortasius,
1128 4456 1174 4513 &a
