3167 5192
543 387 668 436 enarro
691 387 928 438 amorreum.
1294 375 1313 437 7

154 560 244 626 tione
259 557 378 644 dignus
392 557 560 638 videretur,
576 557 611 624 id
626 557 739 625 saltem
755 567 918 626 assecutus
932 568 991 640 est,
1006 569 1043 624 ut
1057 560 1091 624 in
1105 558 1313 625 illustrissimi

159 660 298 727 Comitis
324 660 509 729 Hollandiae
535 660 609 746 (viri
634 660 797 748 praeciput
825 661 911 748 apud
932 661 1168 727 serenissimum
1189 661 1314 748 Regem

154 763 262 850 gratia
275 763 427 844 florentis,
442 773 475 830 et
489 761 680 830 Cancellarii
694 764 792 829 vestri
806 764 940 829 summis
954 764 1051 830 etiam
1065 764 1247 852 proceribus
1264 766 1314 830 in·

155 866 307 948 videndo,
330 877 408 932 tnnc
428 866 546 932 honore
566 865 797 954 praefulgentis)
818 866 974 932 familiam
993 868 1121 949 ascitus,
1140 870 1314 936 secretiori·

155 972 218 1037 bus
233 971 303 1058 ejus
319 970 462 1036 consiliis
476 980 508 1034 et
522 969 623 1036 literis
641 969 708 1056 (qui
723 970 910 1057 potissimus
924 981 973 1037 est
991 981 1024 1036 et
1042 993 1194 1059 perquam
1214 971 1314 1038 hono·

154 1074 264 1140 rificus
279 1072 365 1162 apud
379 1073 548 1162 optimates
562 1072 716 1138 clientela
735 1072 836 1157 locus)
857 1073 1096 1155 admoveretur3
1120 1099 1216 1163 quam
1233 1075 1313 1144 adeo

155 1176 313 1263 singulari
335 1176 534 1255 dexteritate,
557 1175 746 1256 sinceritate,
769 1175 940 1262 diligentie
965 1175 1113 1264 Spartam
1135 1179 1312 1260 exornavit,

154 1289 193 1345 ut
206 1279 393 1367 neutiquam
408 1277 588 1343 mirandum
604 1277 655 1357 sit,
672 1275 748 1342 dum
769 1277 896 1364 patroni
914 1301 965 1344 res
983 1290 1165 1366 procuraret
1183 1281 1312 1368 optime,

155 1383 226 1448 suis
245 1383 350 1470 ipsum
370 1403 434 1448 non
452 1381 589 1469 pessime
612 1380 824 1467 prospexisse,
844 1380 999 1469 bonaque
1024 1383 1126 1470 frugis
1149 1383 1273 1471 aliquid
1294 1407 1313 1450 e

154 1497 223 1552 tarn
237 1487 365 1575 copiose
379 1508 482 1552 messe
496 1484 658 1574 proprium
673 1485 707 1550 iu
725 1483 872 1552 horreum
891 1495 1077 1574 reportasse.
1122 1485 1177 1554 Sic
1196 1488 1313 1576 ampli-

155 1591 251 1656 ficato
265 1613 322 1679 per
340 1589 506 1656 honestam
527 1589 687 1654 solertiam
707 1609 805 1654 censu
823 1588 893 1676 pari
909 1589 1080 1676 prudentie
1096 1589 1236 1656 decrerit
1253 1592 1311 1672 uti,

155 1715 216 1759 nec
232 1691 354 1780 egregii
375 1691 494 1757 laboris
508 1690 646 1756 fructum
664 1689 726 1755 sibi
745 1711 861 1777 passus
880 1700 929 1755 est
943 1689 1028 1758 elabi
1049 1692 1191 1780 turpiter,
1206 1692 1313 1759 infeli·

155 1797 236 1864 citer
254 1796 401 1862 abortire.
445 1793 521 1860 Non
539 1795 574 1860 in
595 1793 779 1882 splendidos
802 1793 895 1860 illum
912 1794 1010 1860 luxus
1029 1795 1182 1882 erogarit,
1197 1819 1257 1862 nec
1277 1798 1313 1865 in

154 1899 258 1966 foedas
280 1899 422 1988 proludit
440 1899 639 1986 voluptates:
658 1920 722 1962 uon
745 1896 839 1983 (sicut
861 1897 1021 1986 plerisque
1040 1921 1127 1965 nunc
1147 1923 1209 1967 usu
1222 1901 1313 1969 uenit

154 2003 326 2091 opulentis)
349 2003 520 2070 otiosorum
541 2001 745 2068 vernularum
769 2001 901 2089 stiparit
921 2023 955 2067 se
974 2002 1131 2090 frequenti
1149 2004 1311 2085 satellitio,

153 2127 214 2173 nec
223 2107 412 2194 magnificos
426 2104 646 2172 conviviorum
661 2115 833 2194 apparatus
846 2104 1033 2172 adornavit:
1048 2129 1112 2172 non
1125 2107 1311 2196 popularem

152 2209 352 2298 impendisse
367 2208 507 2296 captavit
526 2230 645 2289 summ,
662 2229 720 2273 nec
739 2205 878 2294 politicis
898 2208 1104 2297 semetipsum
1119 2211 1311 2278 factionibus

152 2312 328 2379 immersit:
354 2322 388 2378 at
411 2313 488 2378 vita
512 2333 615 2398 genus
636 2309 769 2397 frugale,
796 2309 985 2392 modestum,
1015 2313 1223 2401 tranquillum
1244 2339 1313 2380 arn·

152 2415 314 2505 plexatus,
329 2414 493 2504 sapientias
507 2437 544 2480 ao
558 2412 669 2501 pietati
683 2435 803 2480 vacans
816 2415 919 2494 unice,
934 2413 1052 2480 modici
1071 2418 1221 2504 temporis
1234 2442 1312 2506 erga

153 2543 191 2587 ae
203 2519 430 2610 parsimoniam
444 2517 551 2592 coluit,
566 2527 602 2583 ut
624 2516 850 2605 sempiternam
864 2539 975 2584 versus
994 2517 1074 2584 alios
1088 2519 1312 2589 liberalitatem

152 2633 323 2689 exerceret.
376 2620 427 2687 De
450 2619 539 2708 prole
568 2619 780 2706 suscipienda,
806 2618 860 2684 vel
888 2619 987 2706 stirpe
1014 2624 1075 2686 sub
1102 2623 1310 2708 propaganda

151 2747 269 2816 parum
284 2723 436 2804 solicitus,
450 2734 571 2812 patrem
591 2745 626 2790 sc
640 2722 750 2809 egenis
764 2723 921 2810 prestitit,
937 2723 1004 2789 suis
1019 2722 1131 2790 Musas
1141 2727 1311 2812 penatibus

152 2829 312 2918 ascripsit,
333 2829 499 2895 universos
519 2827 582 2892 sibi
602 2838 743 2915 posteros
757 2826 848 2893 velut
867 2826 1050 2915 adoptavit3
1073 2830 1258 2917 neutiquam
1277 2833 1313 2900 id

151 2933 219 2999 sibi
241 2934 331 3021 pensi
346 2931 455 3000 datum
475 2931 655 3012 arbitratus,
680 2941 715 2996 ut
737 2953 838 2998 unum
859 2931 1000 3018 aliquem
1023 2933 1157 3000 efficeret
1178 2935 1313 3022 signiter

96 3102 110 3115 ,
151 3035 354 3124 locupletem,
377 3035 435 3101 sad
458 3047 494 3101 ut
514 3035 723 3123 plurimorum
743 3035 925 3102 necessitati
950 3036 1142 3112 subveniret,
1166 3040 1311 3106 omnium

150 3139 343 3206 industriam
372 3148 598 3228 compensaret,
628 3161 687 3205 nec
712 3147 748 3204 ut
780 3139 938 3227 privatam
967 3138 1097 3206 domurn
1124 3141 1311 3230 adimpleret
1428 3197 1433 3207 .

149 3245 246 3332 copia
259 3243 316 3311 sed
330 3253 365 3310 ut
383 3253 486 3311 totum
497 3265 599 3330 genus
613 3244 791 3310 humanum
805 3243 939 3310 scientia
957 3243 1162 3310 collustraret.
1201 3245 1311 3326 Quan-

149 3371 252 3438 quam
272 3347 359 3414 haud
373 3347 476 3414 videri
500 3347 595 3414 debet
616 3347 669 3414 vel
692 3345 824 3412 familia
837 3369 903 3414 auae
921 3347 1103 3434 neglexisse
1125 3347 1231 3430 decus,
1253 3361 1310 3416 aut

148 3453 248 3520 famae
266 3454 316 3519 sui
329 3453 468 3518 nominis
482 3451 643 3519 ullatenus
657 3451 810 3532 offecisse,
825 3452 943 3539 quibus
965 3452 1044 3518 adeo
1058 3451 1217 3518 durabilia
1234 3477 1310 3520 con·

149 3556 260 3624 stituit
282 3565 496 3636 monumenta,
521 3577 717 3644 quarumque
739 3555 926 3621 memoriam
947 3553 1179 3620 immortalibus
1204 3554 1309 3624 Musis

149 3659 397 3729 commendarit.
432 3659 466 3725 N
466 3683 517 3725 am
533 3666 680 3725 accuratu
693 3658 787 3724 modo
801 3659 893 3724 lance
906 3681 972 3724 rem
987 3657 1228 3745 perpendamus,
1243 3682 1309 3726 non

149 3765 218 3831 alia
232 3770 418 3852 quacunque
433 3763 487 3828 vit
509 3785 669 3850 generosa
683 3756 868 3851 propaginis
887 3760 989 3847 gloria
1009 3759 1146 3848 seipsam
1165 3761 1310 3828 dissonu-

149 3879 208 3934 net
231 3867 335 3949 latius,
351 3877 406 3934 aut
424 3867 545 3934 radices
565 3889 639 3932 suas
654 3866 750 3932 altius
771 3865 887 3951 infigat
905 3863 1083 3944 aeternitati,
1105 3885 1201 3950 quam
1220 3864 1309 3934 Lite·

149 3993 258 4038 rarnm
281 3971 345 4037 sibi
374 3971 513 4038 favorem
535 3968 741 4049 demerendo;
769 3967 887 4056 quibus
912 3967 1019 4055 ipsum
1042 3967 1164 4035 scilicet
1182 3979 1308 4058 tempus

149 4097 280 4140 suarum
295 4097 399 4142 rerum
414 4074 590 4142 custodiam
604 4073 775 4160 assignare,
791 4070 1017 4138 conscientiam
1030 4069 1112 4137 solet
1125 4072 1306 4155 accredere3

148 4199 346 4266 quarumque
357 4199 481 4266 semper
491 4175 647 4244 indefesso
656 4174 771 4263 spiritu
784 4194 900 4238 canora
912 4171 1005 4238 famae
1019 4172 1154 4240 buccina
1167 4173 1305 4242 inflatur.

150 4279 314 4348 Intereant
337 4291 462 4369 oportet
484 4279 610 4360 Litora,
635 4278 745 4344 lumen
774 4275 982 4362 extinguatur
1006 4275 1110 4341 omnis
1135 4277 1305 4358 memoriae,

149 4382 357 4450 diffusissimt
377 4383 523 4452 barbaria
546 4405 650 4448 rerum
674 4381 771 4446 iacies
792 4380 954 4460 obruatur,
972 4401 1068 4465 quam
1092 4377 1306 4446 Lucasianum
