3167 5192
121 395 209 442 sacr.
226 377 291 462 111.]
445 397 631 446 nncrrosns
654 397 929 446 nnunssrsrrcs.
1226 375 1267 440 51

118 579 214 644 cludit
238 579 277 644 ad
301 603 480 660 numerum,
507 581 593 668 quod
620 582 738 648 indicio
764 582 807 648 sit
831 581 1063 668 magnitudinis
1090 592 1122 646 et
1147 577 1270 645 numeri

118 692 282 771 conceptus
299 683 358 748 vix
376 693 482 748 mente
501 707 594 770 posse
615 685 767 772 disjungi,
789 707 862 750 cum
884 707 943 750 nec
961 685 1091 750 nomine
1108 680 1270 770 potuerint

118 787 260 874 separari.

177 889 297 956 Verum
312 889 465 978 liquidius
482 892 649 978 apparebit
667 891 727 957 hoc
746 913 788 957 ex
809 897 923 957 natust
940 890 1064 956 numeri
1084 889 1180 978 paulo
1194 887 1269 954 dili·

116 994 236 1080 gentius
251 999 387 1059 excussa
399 1002 625 1082 perpenstque.
671 995 825 1076 Quocirca
842 1005 870 1061 1.
891 995 1045 1075 Adverto,
1060 993 1146 1081 quod
1158 991 1268 1058 nullus

117 1099 239 1164 omnino
259 1119 410 1163 numerus
430 1120 472 1162 ex
492 1121 526 1162 sc
544 1097 719 1185 quidquam
738 1099 887 1165 distincte
906 1099 1075 1185 significet,
1091 1097 1193 1162 cuivis
1213 1095 1269 1160 de·

115 1203 280 1267 terminato
295 1201 437 1287 subjecto
452 1201 630 1281 conveniat,
646 1202 746 1267 ullam
766 1225 833 1267 rem
853 1212 938 1268 certo
952 1201 1144 1268 denominat.
1189 1199 1268 1264 Ete-

115 1305 178 1369 nim
202 1304 422 1390 unusquisque
447 1327 597 1370 numerus
618 1305 755 1391 quodvis
783 1329 884 1372 unum
909 1316 1062 1392 quantum
1086 1325 1176 1390 aequo
1195 1303 1268 1388 jure

115 1405 236 1472 denotet
257 1417 292 1471 et
313 1406 512 1471 denominct:
536 1407 587 1472 Ae
609 1407 744 1494 quilibet
765 1431 849 1474 unus
870 1431 1020 1474 numerus
1041 1407 1129 1473 omni
1147 1416 1266 1494 quanto

115 1507 227 1592 pfflter
249 1508 382 1575 attribui
405 1518 527 1595 potcst;
558 1518 595 1573 ut
616 1533 646 1575 v.
658 1533 689 1596 g.
715 1509 799 1575 linea
818 1511 941 1597 quaevis
964 1512 997 1576 A
1021 1509 1122 1598 possit
1141 1507 1267 1573 indiffe-

115 1623 212 1676 renter
233 1611 388 1700 appellari
410 1611 526 1692 unitas,
549 1612 623 1692 duo,
647 1612 699 1678 vel
721 1624 795 1694 tres,
819 1613 872 1679 vel
894 1626 1037 1701 quatuor,
1060 1612 1112 1679 vel
1138 1611 1267 1678 alterius

116 1717 250 1802 cujusvis
263 1715 390 1782 numeri
406 1725 650 1802 cognomentum
665 1715 839 1782 adsciscere
857 1718 921 1803 (vel
943 1717 972 1782 si
993 1717 1096 1782 mavis
1117 1714 1265 1803 simplex,

116 1818 239 1906 duplex,
256 1817 386 1906 triplex,
402 1817 455 1883 vel
474 1817 755 1906 quomodocunque
774 1819 945 1908 multiplex
962 1820 1025 1885 dici
1043 1818 1170 1906 poterit)
1191 1840 1268 1905 qua·

115 1931 202 1986 tanus
222 1921 366 1986 indivisa
386 1943 522 2001 manere,
545 1921 689 2002 bisecari,
712 1923 863 2003 trisecari,
886 1922 1107 2010 quadriseeari,
1127 1922 1181 1987 vel
1203 1920 1267 1986 alio

116 2025 222 2109 quovis
239 2022 337 2090 modo
357 2023 455 2088 secari
475 2033 598 2109 potest3
623 2025 690 2110 (aut
709 2047 749 2090 ex
768 2027 912 2112 quolibet
929 2025 1073 2114 partibus
1090 2025 1266 2112 aggregari,

116 2147 168 2191 seu
188 2128 336 2214 componi
346 2127 366 2211 ;)
391 2137 423 2192 et
443 2127 513 2213 pari
535 2127 629 2194 modo
651 2128 758 2214 quivis
778 2129 863 2194 idem
885 2153 1044 2210 numerus,
1059 2141 1097 2195 ut
1119 2139 1148 2208 5,
1163 2137 1268 2216 potest

117 2236 238 2302 attribui
254 2236 498 2324 quibuscunque
511 2236 639 2324 quantis
655 2239 698 2320 A,
710 2239 750 2318 B,
769 2239 804 2319 0,
815 2249 848 2305 et
862 2239 934 2305 aliis
949 2239 1093 2320 infinitis,
1110 2249 1268 2328 quatenus

116 2336 169 2401 illa
195 2349 341 2404 constare
370 2348 503 2425 possunt
532 2361 573 2403 ex
600 2347 619 2404 5
646 2339 802 2426 partibus.
857 2341 953 2407 Unde
981 2353 1068 2430 patet
1099 2367 1266 2409 numerum

117 2443 254 2525 quemvis
281 2440 371 2506 haud
393 2440 563 2528 quicquam
585 2440 750 2528 designare
780 2443 867 2523 certi,
890 2443 943 2509 vel
966 2445 1114 2524 absoluti,
1138 2444 1195 2510 sed
1216 2453 1268 2511 ut-

117 2565 233 2630 cunque
251 2567 313 2632 pro
331 2544 459 2610 arbitrio
480 2555 589 2632 aptum
603 2557 714 2610 natum
726 2568 795 2611 esse
809 2547 913 2611 cuivis
928 2557 1046 2632 quanto
1061 2547 1268 2633 designando.

118 2655 144 2712 2.
173 2645 330 2728 Observa,
354 2646 454 2713 Prout
475 2647 595 2733 singuli
616 2647 740 2712 numeri
763 2647 894 2713 seorsim
916 2658 948 2714 et
969 2648 1114 2714 absolute
1135 2648 1269 2736 spectati

117 2749 192 2814 nihil
206 2751 283 2816 certi
307 2749 497 2835 significant,
514 2750 560 2814 ita
579 2748 658 2815 duos
677 2749 741 2834 (vel
762 2749 882 2836 plures)
900 2773 1046 2816 numeros
1060 2751 1143 2816 inter
1156 2773 1190 2816 se
1205 2749 1270 2816 col-

118 2849 192 2918 latos
209 2853 335 2919 nullam
351 2875 392 2918 ex
407 2873 441 2918 sc
457 2851 696 2918 determinatam
716 2851 948 2932 habitudinem,
964 2876 1021 2918 seu
1037 2852 1270 2940 proportionem

119 2955 223 3036 sortiri,
244 2965 305 3022 aut
323 2953 472 3020 indicare.
517 2953 689 3020 Ternarius
710 2979 762 3020 err.
784 2979 832 3042 gr.
853 2956 894 3020 ad
911 2957 1070 3022 binarium
1092 2979 1151 3023 neo
1170 2980 1212 3022 ex
1234 2979 1268 3023 se

120 3060 363 3145 sesquialteram,
384 3081 442 3124 nec
465 3059 566 3124 ullam
589 3057 685 3122 aliam
708 3067 826 3124 certam
850 3059 1083 3148 proportionem
1108 3060 1268 3148 indigitat.

122 3155 167 3226 Sit
187 3163 270 3228 enim
293 3162 381 3228 linea
402 3161 434 3226 A
457 3161 668 3249 tripalmtris3
692 3183 732 3226 ex
755 3184 818 3248 quo
840 3162 873 3226 A
893 3173 1023 3230 vocetur
1044 3173 1118 3243 tres,
1140 3163 1201 3229 boo
1223 3175 1272 3230 est

121 3274 177 3330 tres
190 3267 309 3354 palmi;
333 3277 366 3332 et
385 3263 471 3333 linea
492 3267 525 3332 B
544 3266 720 3355 bipedalis;
744 3266 829 3332 unde
850 3268 884 3332 B
902 3278 1101 3355 nuncupetur
1121 3267 1194 3349 duo,
1210 3268 1271 3334 lroc

121 3377 164 3432 est
185 3369 244 3436 duo
267 3369 385 3458 pedes;
414 3369 516 3456 liquet
536 3368 635 3434 istum
656 3370 830 3435 ternarium
852 3369 894 3436 ad
917 3370 1003 3437 hunc
1024 3371 1183 3437 binarium
1204 3395 1270 3437 non

121 3467 229 3538 habere
247 3472 483 3562 proportionem
505 3471 754 3559 sesquialteram,
774 3475 844 3558 (nec
866 3473 951 3537 enim
972 3473 1128 3538 ternarius
1150 3472 1271 3559 palmo·

121 3594 184 3638 rum
198 3574 239 3640 ad
252 3575 412 3641 binarium
428 3575 544 3663 pedum
561 3597 594 3640 se
609 3576 706 3642 habet
721 3585 757 3640 ut
775 3584 794 3642 3
814 3574 856 3640 ad
874 3576 916 3660 2,)
938 3574 1160 3641 multominus
1175 3575 1271 3640 aliam

123 3679 259 3759 quamvis
273 3679 327 3745 his
341 3679 481 3745 numeris
495 3701 689 3766 expressam,
703 3677 778 3744 licet
794 3679 912 3744 babeat
926 3677 1064 3744 aliunde.
1095 3677 1166 3744 Imo
1182 3688 1271 3765 patet

123 3778 272 3848 binarium
292 3782 401 3863 istum,
422 3805 485 3870 quo
504 3782 589 3848 linea
608 3781 794 3870 bipalmaris
812 3781 1042 3862 denominatur,
1063 3781 1113 3847 illi
1135 3781 1268 3862 binario,

125 3903 181 3967 quo
206 3884 364 3973 bipedalis
393 3886 520 3952 effertur
549 3884 644 3965 linea,
674 3885 861 3972 neutiquam
892 3885 1063 3972 exaequari.
1116 3883 1271 3951 Similiter

126 3991 151 4048 3.
172 3985 307 4070 adnoto,
324 3987 482 4055 Numeros
496 4011 537 4054 ex
553 4011 586 4056 se
601 4011 659 4054 nec
673 3989 811 4055 invicem
830 3988 904 4054 addi
925 4011 1026 4077 posse,
1043 4011 1101 4055 nec
1115 3989 1268 4072 subtrahi,

173 4242 213 4315 (l)
247 4247 312 4315 Any
323 4245 441 4302 number
451 4263 514 4316 may
525 4246 626 4303 denote
637 4259 691 4316 any
701 4243 868 4315 magnitude.

130 4413 144 4462 2
155 4326 237 4479 yffi&
250 4329 314 4387 Two
324 4331 458 4388 numbers
468 4332 538 4388 have
549 4348 585 4387 no
597 4331 711 4387 definite
726 4332 885 4403 proportion
896 4353 904 4400 ;
920 4329 964 4388 lor
975 4331 1106 4401 instance,
1118 4339 1135 4389 3
1147 4334 1270 4390 fastand

176 4497 219 4571 (³)
250 4502 315 4558 'luc
325 4505 456 4562 numbers
466 4509 566 4562 cannot
578 4504 613 4560 be
623 4504 716 4561 added
728 4520 760 4558 or
771 4503 939 4574 subtractsd,
950 4505 986 4576 by
997 4506 1046 4563 the
1057 4523 1132 4563 same
1143 4505 1272 4562 instance.
