3167 5192
1413 55 1481 204 ’κ

320 400 384 465 248
661 420 846 469 anemonas
869 418 1142 470 mruuuumcm
1298 409 1405 493 [uum.
1419 429 1470 479 xv.

319 587 435 675 aliquo,
456 586 614 675 reliquum
634 608 761 674 prorsus
782 586 944 655 ineffabile
964 589 1033 655 erit.
1077 588 1180 678 Cujus
1203 592 1377 660 affectionis
1397 594 1472 662 cele·

316 690 488 759 berrimum
503 700 535 755 et
549 688 862 777 pervulgatissimum
876 690 1060 779 exemplum
1075 702 1228 779 praestant
1247 694 1332 761 latus
1353 706 1387 763 ct
1407 696 1471 763 dia·

317 805 416 861 meter
430 793 585 881 quadrati,
602 816 673 880 quae
688 792 734 857 sie
748 793 928 859 afficiuntur
940 794 1024 860 inter
1034 818 1079 875 se,
1094 806 1131 861 ut
1147 796 1237 863 nulla
1255 821 1471 888 quemcunque
1556 853 1557 868 r

317 899 462 989 proxime
476 898 517 964 ad
531 906 672 963 atomum
690 896 841 963 'accedeus
859 897 977 964 lineola
995 899 1146 965 metiatur
1163 910 1344 990 utrumque.
1388 904 1470 970 Atei
1552 893 1556 902 ¹

317 1003 434 1071 millies
449 1002 618 1068 millesima
631 1024 704 1089 pars
718 1001 824 1082 unius,
836 1012 915 1089 puta
927 1002 1045 1083 lateris,
1059 1003 1235 1091 applicetur
1247 1007 1349 1088 alteri,
1364 1032 1471 1097 nempe

317 1109 481 1187 diametro,
497 1105 549 1173 vel
564 1105 723 1173 auferatur
737 1106 779 1171 ab
794 1112 833 1172 ed
847 1107 970 1193 quoties
985 1106 1054 1174 fieri
1075 1119 1190 1196 potest,
1213 1133 1337 1199 semper
1358 1112 1399 1177 ad
1418 1135 1471 1179 ex·

318 1224 452 1278 tremum
474 1208 607 1275 restabit
627 1207 759 1295 aliquid,
775 1217 807 1274 et
829 1231 993 1296 nunquam
1015 1209 1173 1297 complete
1194 1212 1250 1279 fiet
1271 1215 1472 1300 congruentis

317 1314 369 1382 vel
384 1312 509 1381 divisio.

381 1416 427 1483 Et
440 1416 502 1482 hoc
515 1415 644 1503 quidem
660 1427 707 1481 est
725 1414 809 1481 illud
828 1414 973 1483 mirabile
991 1426 1173 1505 symptoma
1192 1418 1279 1505 quod
1297 1420 1471 1489 humanum
1549 1431 1555 1482 i

316 1543 397 1609 pcnc
410 1528 538 1607 captum
553 1528 689 1606 superat,
705 1527 737 1584 et
751 1518 866 1585 horum
880 1519 1021 1587 insuetos
1035 1520 1149 1587 merito
1169 1531 1295 1611 torquet
1303 1549 1313 1604 ;
1336 1523 1371 1590 id
1388 1524 1472 1612 quod

315 1622 420 1689 adhuc
446 1620 577 1687 fortasse
599 1619 776 1685 mirabilius
797 1619 953 1702 videatur,
974 1621 1070 1688 modo
1092 1623 1307 1711 perpendatur
1331 1648 1395 1691 una
1418 1627 1472 1693 rel

314 1725 422 1805 altera,
445 1745 541 1811 quam
563 1722 775 1809 subjiciemus,
799 1723 1084 1791 observatiuucula.
1131 1734 1159 1790 l.
1197 1724 1316 1808 Primo,
1338 1728 1424 1816 quod
1444 1732 1472 1795 si

314 1838 528 1917 proponantur
542 1825 875 1892 incommensurabilis
887 1827 951 1893 duo
966 1836 1087 1914 quanta
1101 1828 1146 1909 A,
1161 1830 1201 1911 Β,
1217 1831 1320 1917 possit
1334 1832 1471 1900 inveniri

274 1984 285 2001 r
313 1940 468 2021 quantum
482 1928 625 1995 alterutri
639 1930 672 1993 A
687 1929 971 1994 commensurabile
985 1929 1128 2017 qualibet
1148 1930 1184 1995 iu
1205 1932 1410 2018 proximitate
1431 1936 1472 2003 ad

312 2036 352 2114 B,
369 2031 422 2099 vel
444 2032 591 2099 differens
614 2055 633 2097 a
654 2033 687 2097 B
707 2031 814 2098 minus
835 2054 932 2121 quam
954 2032 1141 2119 assignabili
1163 2035 1276 2122 quavis
1296 2038 1473 2124 quantitate

315 2137 362 2222 (id
383 2135 470 2223 quod
494 2134 644 2201 facillime
669 2134 877 2201 demonstrari
900 2144 1014 2222 potest,
1038 2145 1072 2201 et
1095 2148 1303 2220 consectatur,
1326 2140 1361 2206 ni
1385 2143 1469 2210 male

312 2240 523 2321 commemini,
540 2262 557 2307 e
572 2239 733 2305 lemmatio
748 2238 896 2325 quodam,
912 2239 997 2326 quod
1015 2239 1151 2307 habetur
1169 2241 1420 2312 demonstratum
1436 2249 1470 2315 in

311 2348 394 2415 libro
408 2346 500 2415 tertio
515 2346 738 2435 sphaericorum
754 2343 927 2411 Theodosii
933 2347 970 2430 ¹).
1007 2344 1106 2413 Unde
1120 2358 1207 2435 patet
1220 2348 1304 2416 illud
1317 2351 1471 2442 quicquid

311 2464 368 2535 eat,
384 2476 403 2518 a
418 2474 481 2540 quo
499 2460 689 2539 quantorum
710 2446 779 2514 haec
796 2447 1158 2517 incommensurabilitss
1177 2453 1317 2540 exurgit,
1331 2456 1384 2522 vel
1403 2480 1469 2545 quo

310 2553 629 2624 incommensurabile
644 2560 799 2639 quantum
814 2561 993 2639 exsuperat,
1010 2552 1062 2619 vel
1076 2575 1142 2620 non
1157 2555 1286 2644 attingit
1303 2556 1394 2625 aliud
1412 2582 1468 2626 ex.

309 2662 412 2751 posito
423 2668 541 2748 quanto
552 2654 845 2734 commensurabile,
859 2653 926 2720 fore
939 2653 1063 2722 infinite
1075 2678 1220 2745 parvum,
1232 2660 1340 2727 minus
1353 2664 1468 2750 quovis
1555 2675 1556 2754 3

310 2762 507 2851 assignabili‚
530 2760 583 2827 vel
604 2781 661 2847 per
682 2756 824 2823 animum
846 2756 1125 2845 comprehensibili
1146 2771 1275 2848 quanto.
1319 2762 1416 2845 Quod
1436 2778 1468 2833 et
1555 2763 1556 2824 ξ

309 2888 351 2931 ex
366 2866 507 2931 radicum
522 2861 715 2929 extractione
738 2863 952 2945 (numerorum
971 2860 1092 2927 scilicet
1109 2862 1373 2934 irrationabilium
1387 2892 1466 2958 quos

309 2967 435 3050 vocant)
453 2974 502 3031 eat
523 2964 639 3052 pariter
660 2961 882 3028 manifestum:
905 2960 1001 3028 isthic
1022 2963 1108 3029 enim
1131 2964 1172 3031 ad
1193 2988 1303 3033 verum
1325 2972 1465 3057 quaesita

308 3068 422 3137 radicis
436 3066 575 3132 valorem
590 3064 719 3152 propius
735 3085 859 3151 semper
878 3073 910 3128 ct
923 3063 1054 3152 propius
1068 3065 1290 3149 acceditur„ad
1303 3070 1465 3140 munium

302 3169 539 3262 progrediendo,
555 3190 718 3255 nunquam
731 3176 837 3232 tamen
847 3167 956 3254 justus
969 3166 1060 3233 valor
1074 3168 1208 3238 obtineri
1223 3174 1348 3261 poterit.

372 3286 401 3342 2.
447 3273 520 3339 Hoc
540 3269 811 3356 ἀξιοθαύμαστον,
828 3268 1004 3358 praesertim
1022 3292 1096 3337 cum
1115 3273 1262 3355 secundo,
1277 3299 1342 3343 non
1359 3279 1463 3347 solum

306 3379 492 3470 simpliciter
516 3372 849 3443 incommensurabilis
873 3381 950 3439 sunt
972 3383 1102 3461 quanto„
1125 3376 1181 3444 sed
1202 3390 1235 3445 et
1256 3379 1364 3468 plures
1389 3383 1463 3468 (for-

305 3482 399 3551 tassis
418 3478 571 3563 infinitos)
590 3474 976 3544 incommensurabilitatis
993 3476 1085 3566 quasi
1103 3478 1222 3565 gradus
1239 3480 1391 3550 videntur
1408 3485 1464 3552 «1.

305 3589 428 3654 mittere
439 3612 447 3667 ;
470 3592 506 3650 ut
521 3605 621 3649 unum
635 3602 749 3667 nempe
766 3589 922 3666 quantum
943 3591 1087 3669 respectu
1108 3583 1221 3670 quanti
1243 3585 1385 3673 cujusvis
1405 3612 1463 3656 0¹.

303 3694 399 3784 positi
414 3693 517 3780 magis
532 3688 595 3756 elio
607 3712 626 3795 a
638 3684 979 3754 commensurabilitate
993 3686 1102 3774 procul
1116 3688 1289 3776 elongetur.
1313 3690 1359 3758 Et
1373 3693 1461 3761 aliud
1554 3779 1555 3782 Ἴ

663 3843 671 3874 ¹
690 3839 755 3889 Vide
766 3838 887 3889 Oavallcr.
900 3838 984 3889 Basse.
997 3854 1022 3905 p.
1035 3838 1092 3903 μό.

354 4100 388 4167 (1)
424 4092 1462 4167 Wemay,aainthecxtraeflonofrootaapproaobncorcrandncarer

302 4182 420 4238 without
429 4180 509 4251 limlt,
519 4180 572 4237 but
582 4196 633 4236 cau
644 4196 729 4236 never
740 4180 828 4237 attam
839 4183 991 4236 mess

353 4270 388 4337 (2)
422 4266 512 4322 'lbere
523 4282 571 4323 are
582 4266 700 4337 demean
712 4266 743 4322 of
751 4264 1057 4336 incommensurability.

353 4349 1460 4409 'l'huslulluclid’slllementsitisubewutbctsomeliucsmincommcn-
1554 4349 1555 4412 i

300 4436 1149 4509 rurablenotonlyrrlthaliuebutrrltbauypcwerolit
1182 4436 1461 4510 Somcbiquadratas
1554 4449 1555 4478 1

299 4540 348 4583 are
359 4522 621 4582 incommensurablc
632 4522 698 4579 with
709 4522 892 4594 blqaadrateo
902 4522 962 4579 ote
971 4522 1054 4592 given
1065 4520 1200 4593 quantity.
