3167 5192
401 367 467 437 188
703 383 892 436 memores
913 383 1153 436 susurrares.
1281 365 1388 456 [mor.
1405 381 1459 432 ιιι.

400 554 506 642 cipere
526 562 634 621 tamen
655 553 752 621 etiam
772 561 928 641 potestat
946 550 1282 633 dealiisinnumeris3
1305 549 1460 637 siuempe

401 656 445 724 sit
465 679 540 744 pars
562 656 697 722 aliorum
720 677 886 743 corporum
912 655 992 722 alios
1013 663 1118 721 motus
1135 653 1333 721 habentium.
1370 651 1419 720 Ut
1433 651 1462 718 si

401 760 474 848 quis
488 758 657 826 ambulans
671 759 707 824 in
720 758 798 823 navi
812 756 1003 844 lmobqium
1017 758 1053 824 cir
1066 761 1147 844 pert
1158 765 1271 843 gestet,
1287 755 1355 841 ejus
1369 753 1462 819 horo-

401 861 481 950 logii
503 863 616 930 rotulae
636 864 731 929 unico
754 871 879 928 tantum
900 871 990 928 motu
1010 860 1073 927 sibi
1091 860 1218 948 proprio
1232 859 1461 937 movebuntur;

402 966 460 1032 sed
473 966 711 1054 participabunt
727 965 827 1030 etiam
845 987 887 1032 ex
908 964 982 1045 alio,
998 973 1155 1052 quatenus
1169 963 1327 1050 adjunctae
1340 959 1462 1028 homiui

403 1070 583 1136 ambulanti
603 1091 702 1134 uuam
724 1089 798 1134 cum
819 1066 876 1133 illo
895 1067 1042 1132 materiae
1059 1075 1181 1154 partem
1202 1074 1408 1152 component3
1430 1071 1463 1128 et

404 1193 447 1236 ex
461 1170 524 1236 alio
538 1179 696 1257 quatenus
709 1178 804 1235 erunt
818 1169 976 1257 adjunctae
990 1168 1121 1255 navigio
1136 1168 1170 1233 in
1184 1167 1265 1232 mari
1280 1165 1462 1246 fluctuanti3

404 1281 437 1338 et
459 1295 501 1338 cx
525 1271 589 1338 alio
612 1281 770 1358 qnatenus
789 1271 948 1358 adjunctae
968 1270 1030 1360 ipsi
1051 1271 1150 1350 mari;
1174 1279 1206 1336 et
1230 1268 1366 1356 denique
1388 1267 1462 1348 alio,

404 1382 562 1462 quatenus
576 1373 734 1461 adjunctae
748 1374 810 1462 ipsi
825 1383 925 1455 terrae,
941 1374 1098 1462 siquidem
1112 1380 1181 1438 tota
1193 1382 1277 1438 terra
1291 1380 1463 1436 moveatur.

405 1476 589 1562 Omnesque
610 1474 647 1541 hi
666 1485 774 1542 motus
794 1482 911 1542 revert
927 1485 1019 1542 erunt
1040 1475 1075 1540 in
1094 1473 1206 1541 rotulis
1223 1473 1304 1554 istis,
1320 1472 1376 1539 sed
1389 1471 1464 1559 quis

405 1601 471 1646 non
492 1577 584 1645 facile
604 1588 671 1645 tam
691 1578 787 1644 multi
810 1578 905 1644 simul
927 1578 1077 1666 intelligi,
1093 1601 1152 1646 uec
1172 1577 1271 1644 etiam
1284 1598 1392 1644 omues
1407 1597 1463 1661 ag-

406 1682 494 1749 nosci
515 1690 657 1768 possunt,
679 1681 813 1748 sufficiet
833 1682 963 1748 unicum
986 1683 1088 1763 illum,
1109 1683 1165 1770 qui
1187 1681 1333 1770 proprius
1347 1687 1396 1746 eat
1410 1701 1464 1746 cu

402 1786 520 1873 jusque
534 1785 671 1873 eorporis
685 1787 721 1850 iu
735 1785 806 1872 ipso
821 1785 1026 1852 considerare.
1063 1785 1114 1852 Ac
1124 1795 1275 1874 prutenos
1285 1783 1341 1850 ille
1351 1782 1464 1848 unicus

406 1887 560 1974 cujusque
575 1886 713 1974 eorporis
728 1897 844 1968 motus,
859 1887 915 1974 qui
931 1888 961 1955 ei
975 1889 1122 1977 proprius
1136 1896 1194 1968 est,
1209 1888 1310 1955 instar
1324 1887 1463 1974 plurium

406 1996 513 2075 potest
532 1988 724 2054 considerari
734 2015 743 2069 ;
766 1999 804 2055 ut
821 2013 893 2056 cum
913 1989 948 2056 in
968 1992 1047 2058 rotis
1066 2013 1214 2058 curulum
1228 1989 1308 2056 duos
1323 1989 1464 2056 diversos

407 2090 646 2176 distinguimus,
664 2113 764 2174 unum
785 2093 907 2160 scilicet
928 2094 1011 2161 circa
1032 2095 1172 2183 ipsarum
1193 2115 1297 2174 axem,
1312 2102 1345 2160 et
1365 2093 1465 2159 alium

407 2201 528 2259 rectum
556 2193 731 2259 secundum
758 2193 990 2282 longitudinem
1015 2197 1077 2265 viae
1106 2219 1163 2286 per
1186 2219 1285 2284 quam
1310 2195 1464 2262 feruntur.

409 2293 475 2363 sed
493 2296 579 2384 quod
600 2296 673 2363 ideo
695 2297 777 2364 tales
798 2309 903 2366 motus
924 2323 989 2366 non
1012 2301 1077 2367 sint
1098 2305 1208 2367 revers
1222 2298 1363 2366 distincti
1376 2307 1466 2385 patet

408 2421 451 2466 cx
466 2422 512 2480 eo,
528 2399 615 2486 quod
628 2400 878 2488 utrumquodque
897 2411 1052 2489 puuctum
1068 2401 1206 2489 corporis
1220 2399 1306 2489 quod
1320 2407 1466 2468 movetur

407 2523 506 2568 unam
528 2513 653 2570 tantum
675 2503 815 2590 aliquam
838 2504 955 2571 lineam
974 2503 1140 2572 describat.
1185 2503 1255 2570 Nee
1271 2503 1366 2570 refert
1379 2503 1466 2589 quod

408 2603 472 2671 ista
485 2604 571 2671 linea
583 2629 672 2694 saepe
681 2608 724 2672 sit
734 2607 830 2674 valde
845 2615 994 2688 centone,
1006 2615 1039 2674 et
1053 2607 1125 2673 idco
1140 2630 1160 2672 a
1173 2606 1317 2695 pluribus
1332 2604 1464 2672 diversis

408 2707 548 2774 motibus
571 2710 680 2795 genita
698 2707 854 2791 videntum,
877 2709 953 2796 quia
973 2731 1146 2797 possumus
1164 2707 1332 2794 imaginari
1354 2707 1464 2774 eodem

408 2808 503 2875 modo
516 2832 738 2896 quemcunque
752 2810 870 2878 lineam
888 2813 984 2878 etiam
1002 2821 1129 2892 rectam,
1145 2833 1216 2899 quoe
1231 2810 1373 2877 omnium
1388 2810 1465 2876 sim-

407 2910 583 2998 plicissima
596 2920 654 2992 est,
670 2934 713 2977 ex
726 2912 862 2978 infinitis
878 2912 1012 2980 diversis
1030 2914 1170 2981 motibus
1185 2922 1285 2978 ortam
1299 2935 1378 2980 esse.
1415 2911 1466 2982 Ur

267 3041 355 3092 i.1.
407 3013 437 3080 si
451 3013 537 3078 linea
549 3013 747 3080 ABferatur
760 3037 871 3081 versus
892 3014 961 3092 OD,
976 3027 1009 3083 et
1023 3016 1133 3084 eodem
1154 3025 1294 3103 tempore
1311 3025 1465 3104 punctum

407 3116 441 3180 A
456 3115 574 3182 feratur
588 3138 697 3182 versus
711 3117 752 3197 B,
767 3116 853 3184 linea
871 3128 957 3186 recto
973 3121 1052 3201 AD,
1069 3143 1164 3208 quam
1184 3120 1244 3186 hoc
1263 3129 1416 3206 punctum
1430 3120 1464 3186 A

408 3216 573 3298 describet,
599 3240 665 3284 non
690 3219 798 3284 mium
823 3221 976 3308 pendebit
1001 3245 1021 3287 a
1047 3223 1171 3291 duobus
1196 3222 1335 3289 motibus
1359 3221 1463 3301 rectis,

407 3320 450 3386 ab
473 3322 506 3385 A
530 3319 565 3386 in
586 3320 619 3385 B
639 3329 672 3386 et
694 3321 737 3387 ab
757 3321 825 3387 AB
844 3323 878 3388 in
908 3323 977 3405 01),
1000 3345 1096 3411 quam
1118 3325 1203 3391 linea
1223 3346 1329 3405 curva,
1350 3345 1422 3410 quae
1445 3345 1465 3390 a

406 3424 523 3510 quovis
538 3433 616 3490 rotae
637 3434 755 3513 puncto
774 3426 971 3509 describitm,
987 3427 1104 3516 pendet
1119 3451 1138 3492 a
1153 3436 1241 3493 motu
1258 3435 1342 3492 recto
1357 3435 1389 3493 et
1403 3425 1464 3492 cir·

405 3527 515 3594 cultu.
559 3527 611 3594 Ac
632 3527 764 3616 proinde
784 3531 932 3617 quamvis
953 3553 1038 3619 saepe
1058 3529 1137 3598 utile
1156 3530 1198 3596 sit
1218 3553 1319 3596 unum
1338 3539 1463 3598 motum

405 3630 441 3696 in
461 3630 570 3720 plures
589 3641 696 3719 partes
718 3632 781 3699 hoc
802 3643 898 3721 paeto
919 3633 1114 3721 distinguam
1135 3633 1177 3700 ad
1198 3633 1369 3700 faciliorem
1393 3634 1464 3720 ejus

406 3733 657 3820 perceptionem
682 3733 827 3802 absolute
854 3745 961 3804 umen
986 3736 1145 3824 loquendo
1169 3758 1252 3804 unus
1278 3745 1402 3802 mutum
1427 3737 1462 3802 in

405 3858 596 3924 unoquoque
609 3840 1052 3924 corporeeatuumerandus.”
1077 3842 1129 3909 Ita
1145 3841 1314 3909 Cartesiaa.
1337 3839 1463 3928 Nempe

406 3961 479 4005 cum
495 3938 681 4025 magnitudo
696 3941 854 4028 quaepiam
868 3940 986 4009 exinde
1000 3943 1086 4030 quod
1107 3942 1180 4011 aliis
1203 3944 1297 4010 modo
1312 3942 1462 4032 quopiam

405 4040 592 4121 adnectitur,
608 4041 735 4108 illorum
754 4053 860 4110 motus
880 4044 926 4112 ita
944 4045 1100 4134 particeps
1120 4056 1177 4127 est,
1193 4055 1230 4112 ut
1249 4047 1291 4112 ab
1305 4067 1342 4112 eo
1357 4043 1462 4132 quoad

405 4143 503 4210 situm
532 4166 626 4210 suum
653 4144 854 4233 aliquatenus
881 4146 1114 4229 determinetur,
1142 4147 1202 4215 iste
1230 4159 1335 4215 motus
1365 4147 1461 4234 hujus

405 4244 664 4331 compositionem
686 4248 778 4335 quasi
801 4271 874 4337 pars
896 4249 1082 4337 ingreditur,
1099 4252 1141 4319 ab
1159 4251 1314 4340 exemplis
1328 4250 1461 4338 posthac

404 4344 616 4432 adjungendis
638 4371 689 4415 res
712 4349 903 4419 luculentius
927 4352 1103 4439 apparebit.
1147 4351 1255 4420 Motus
1275 4364 1381 4420 autem
1400 4351 1462 4418 hoc

404 4447 499 4520 modo
519 4451 666 4538 componi
686 4464 820 4540 possunt
838 4455 1036 4541 Progressiut'
1052 4477 1125 4524 cum
1141 4456 1362 4544 Progressiot's,
1381 4456 1461 4528 Pro-
