3167 5192
301 377 344 442 46
636 393 822 442 uscurosss
845 391 1120 440 unsaramma.
1298 375 1408 461 [auen.
1426 393 1466 441 ιι.

301 585 406 629 remus
429 561 633 641 luculentius,
659 584 731 628 cum
754 561 794 626 de
819 559 924 626 modis
953 559 1138 626 inveniendi
1165 583 1202 626 ac
1224 559 1466 626 demonstrandi
1563 568 1564 581 ¹

302 666 539 733 Mathematicis
556 688 685 752 agemus
700 666 741 732 de
755 665 922 732 industria
1563 740 1564 755 χ

369 769 496 858 Suppar
517 792 612 836 causa
634 769 790 856 praestitit,
810 778 847 834 ut
868 768 1052 854 Logisticen
1070 791 1195 856 quoque
1216 766 1361 835 consulto
1382 789 1466 854 prae-
1563 759 1564 763 ¹

302 873 447 952 terirem3
477 895 535 938 neo
557 872 638 936 inter
660 882 764 958 partes
787 870 969 936 Matheseos
990 879 1222 958 computarem,
1245 869 1321 956 quia
1341 870 1467 936 scilicet

202 1005 206 1009 ·
303 976 370 1042 haec
394 975 519 1042 nullum
542 975 637 1039 habet
660 973 855 1052 distinctum,
880 983 912 1038 et
937 972 1001 1037 sibi
1026 971 1188 1058 proprium
1212 971 1381 1058 objectum,
1408 971 1467 1038 sed

302 1078 469 1144 artificium
489 1077 687 1144 solummodo
701 1075 862 1164 quoddam
881 1074 994 1154 tradat,
1014 1074 1050 1138 in
1069 1073 1466 1158 Geometrit(velAritl1·

302 1183 426 1265 mctict)
444 1181 620 1261 fimdatum,
637 1187 700 1268 qut
714 1179 951 1266 magnitudines
970 1190 1002 1244 et
1018 1200 1165 1244 numeros
1184 1177 1277 1244 certis
1296 1178 1392 1258 notis,
1411 1179 1466 1244 rel
1563 1198 1564 1201 ’

303 1284 457 1372 symbolis
479 1283 676 1370 designandi,
696 1287 760 1370 qut
782 1303 921 1346 summas
943 1281 1083 1368 ipsorum
1104 1290 1137 1344 et
1157 1278 1350 1346 differendas
1370 1281 1467 1347 colli·
1563 1342 1564 1359 ,

302 1387 399 1475 gandi
418 1411 454 1454 ac
474 1385 685 1475 comparandi.
730 1384 827 1450 Unde
843 1384 974 1448 minime
995 1382 1159 1448 constituit
1178 1394 1299 1470 partam
1319 1382 1466 1471 aliquam
1563 1366 1564 1445 l

302 1489 492 1572 Matheseos,
509 1514 529 1555 a
543 1489 732 1568 Geometrit,
748 1487 801 1552 vel
816 1487 1027 1552 Arithmetict
1041 1486 1231 1566 distinctam,
1250 1485 1307 1552 sed
1325 1486 1362 1550 in
1380 1487 1466 1576 ipsis
1563 1472 1564 1501 ¹

302 1596 429 1662 omnino
445 1595 630 1662 continetur.
675 1592 721 1658 At
735 1591 913 1677 graviorem
928 1590 1006 1654 mihi
1022 1590 1127 1654 dicam
1141 1590 1264 1656 intendi
1279 1613 1373 1677 posse
1387 1614 1466 1658 sen·

301 1699 356 1778 tio,
373 1711 499 1788 propter
518 1698 620 1784 ipsam
641 1695 883 1760 Arithmeticam
908 1695 1072 1778 (hactenus
1094 1695 1294 1760 scientiarum
1315 1693 1464 1761 habitam

301 1801 366 1866 fere
383 1803 590 1888 potissimam)
607 1800 867 1865 emathematum
881 1797 973 1885 quasi
987 1797 1106 1863 linibus
1120 1796 1329 1876 eliminatam
1346 1798 1463 1864 saltam
1563 1852 1564 1887 ,

165 1947 190 1993 '.
301 1904 429 1968 omnino
444 1903 705 1992 praetemrissam3
727 1902 839 1968 fecisse
853 1925 917 1968 non
936 1901 1067 1982 inficior,
1083 1913 1117 1966 at
1125 1923 1193 1988 quo
1209 1901 1291 1988 jure,
1306 1901 1464 1988 quoniam
1559 1942 1564 1995 3

298 2007 367 2092 jam
383 2017 557 2094 opportune
571 2029 634 2072 non
650 2005 733 2087 licet,
749 2006 896 2094 proximt
910 2007 944 2070 in
958 2005 1091 2072 lectione
1106 2005 1296 2092 disceptabo.

754 2417 885 2485 LEOT.
908 2417 997 2484 1115

301 2564 568 2727 LEOTIONE
584 2565 786 2655 praecedente,
802 2589 874 2633 oum
891 2566 931 2634 de
946 2565 1241 2633 Mathematicarum
1257 2565 1461 2634 scientiarum

384 2671 554 2756 partitione
576 2670 792 2757 disquirerem,
820 2669 1039 2756 quadantenus
1061 2671 1184 2736 astruxi
1206 2670 1367 2737 Mathesiu
1390 2695 1463 2739 om-

298 2795 373 2838 nem
392 2773 583 2841 Geometn'ae
605 2775 749 2842 tanninis
769 2773 924 2840 contineri
944 2783 975 2839 et
995 2774 1216 2840 circumscribi.
1261 2774 1309 2840 Et
1325 2777 1461 2864 quidem

300 2875 338 2941 de
353 2877 483 2962 reliquis
500 2885 568 2940 tum
587 2876 769 2940 memoratis
787 2875 946 2942 neminem
966 2876 1101 2942 arbitror
1119 2877 1322 2944 vehementer
1340 2902 1462 2968 repug-

299 2985 456 3056 naturum,
481 2976 559 3062 quin
585 2976 626 3040 ad
652 2975 866 3042 Geometriam
888 2977 952 3043 illae
974 2979 1051 3043 satis
1072 2979 1236 3046 commode
1255 2980 1460 3052 reducantur.

299 3077 408 3166 Ipsam
422 3101 497 3144 vero
513 3079 756 3145 Arithmeticam
777 3081 863 3168 quod
881 3104 899 3147 e
918 3080 1149 3149 Mathematum
1167 3107 1264 3150 censu
1282 3085 1462 3174 dispunxe-

298 3181 368 3260 rim,
393 3191 425 3249 et
447 3181 677 3249 nobilissimam
702 3184 866 3251 scientiam
890 3207 956 3265 suo,
983 3210 1077 3273 quem
1103 3197 1152 3253 tot
1176 3189 1282 3254 secula
1304 3193 1460 3277 possedit,

298 3283 400 3371 gradu
419 3285 509 3372 quasi
532 3283 707 3372 dejecerim,
731 3309 816 3352 nunc
837 3286 994 3353 difficilior
1014 3289 1170 3356 incumbit
1190 3291 1271 3356 mihi
1292 3293 1461 3381 provincia

298 3409 408 3454 causas
423 3387 612 3455 obtendendi
627 3389 817 3476 probabiles,
833 3401 927 3478 atque
941 3391 1080 3458 idoneas.
1103 3392 1292 3482 Quanquam
1304 3397 1459 3468 obtestari

297 3513 427 3579 possum
449 3513 500 3556 me
520 3491 703 3577 neutiquam
726 3491 760 3557 id
780 3515 884 3577 agere,
904 3515 1107 3561 numerorum
1128 3506 1165 3561 ut
1186 3498 1361 3580 scientiam,
1378 3523 1459 3572 sane

297 3596 461 3684 pulchram
481 3605 513 3660 et
532 3595 709 3683 perutilem,
730 3617 748 3661 e
766 3595 904 3661 Mathesi
923 3597 1032 3664 tollam
1049 3599 1186 3687 penitus,
1207 3613 1262 3668 aut
1281 3603 1456 3675 secludam.

296 3699 402 3767 Absit.
448 3698 556 3788 Ipsam
571 3722 644 3765 vero
659 3699 763 3787 potius
777 3710 815 3764 ut
829 3699 902 3766 sede
915 3703 1043 3790 proprid
1058 3703 1209 3770 dimotam
1224 3705 1405 3793 legitimum
1420 3712 1457 3777 in
1560 3748 1561 3783 3

296 3801 399 3868 locum
422 3823 581 3889 reponam,
599 3800 778 3888 nativaque
800 3799 999 3881 Geometriae,
1016 3827 1036 3868 a
1056 3811 1120 3892 qut
1141 3805 1267 3873 divulsa
1288 3821 1345 3889 est,
1362 3813 1457 3902 stirpi

295 3928 402 3970 rursus
422 3904 558 3970 inseram
573 3913 605 3968 et
618 3902 801 3968 coadunem.
846 3902 997 3984 Quinimo
1016 3928 1057 3973 ne
1073 3918 1139 3972 tam
1159 3908 1275 3975 illustri
1291 3915 1456 3981 varenda-

295 4028 357 4093 que
372 4005 544 4092 refragarer
556 4004 742 4079 auctoritati,
757 4003 899 4091 adeoque
912 4006 1050 4073 immane
1068 4010 1160 4076 vobis
1179 4011 1374 4098 paradoxum
1394 4019 1455 4084 ob-

295 4107 463 4187 truderem,
478 4105 589 4193 religio
604 4105 683 4172 mihi
698 4105 787 4186 foret,
803 4105 865 4172 uisi
880 4129 953 4172 cum
968 4122 1120 4199 susceptas
1138 4135 1240 4180 calmae
1261 4117 1452 4188 confiderem

295 4207 475 4290 admodum,
491 4221 558 4276 tum
574 4231 764 4298 magnopere
778 4220 921 4297 putarem
936 4234 978 4276 ex
992 4236 1025 4278 re
1045 4212 1186 4282 futurum
1203 4217 1302 4307 ipsius
1322 4219 1453 4292 Mathe-

346 4403 1396 4481 amioumtapnoruaumaaabotaoouoetionotuatm

346 4494 360 4520 ⁴·
379 4489 547 4548 An'thmotlo
557 4491 583 4547 ia
593 4494 624 4547 to
635 4491 672 4548 bc
683 4492 814 4551 included
825 4495 853 4550 in
865 4495 1021 4568 Geometry.
