3167 5192
326 382 391 451 236
681 400 867 453 nucrrouss
889 399 1163 451 annueramus.
1301 382 1404 469 [unca
1418 399 1471 447 rr.

325 571 360 639 id
375 571 461 658 quod
480 582 597 639 seuam
617 582 764 641 natiuam
786 574 894 654 habet,
916 583 950 639 et
971 594 1096 660 semper
1112 570 1223 638 eodem
1242 568 1337 635 modo
1355 568 1471 656 respicit

326 698 364 741 ea
377 684 497 763 quanta
512 698 584 741 cum
599 677 717 764 quibus
736 688 945 766 comparatur,
964 686 1020 743 aut
1033 677 1152 765 quibus
1166 674 1370 741 dimetiendis
1382 674 1474 739 inser·

325 780 374 845 vit
384 804 393 860 ;
415 779 499 845 unde
519 780 625 862 habet,
648 781 735 868 quod
751 781 936 848 immediate
956 783 999 847 sit
1020 792 1132 870 aptum
1152 788 1264 845 natum
1282 800 1391 845 eorum
1407 800 1474 865 pro·

326 882 523 971 portionibus
552 884 740 969 generaliter
768 884 1035 951 determinandis:
1071 894 1104 950 et
1132 892 1360 969 cousequenter
1387 880 1475 945 etiarn
1552 909 1553 972 j

325 980 543 1071 singularibus
566 987 706 1075 ipsorum
729 987 962 1075 quantitatibus
983 986 1195 1066 notificandis,
1221 985 1316 1051 modo
1341 984 1476 1070 singula·

326 1090 402 1154 riter
416 1090 523 1177 ipsum
537 1099 649 1157 notum
664 1101 870 1179 supponatur.
908 1091 980 1171 Quo
994 1100 1088 1179 pacto
1101 1088 1211 1155 circuli
1225 1087 1335 1153 radius
1354 1099 1388 1153 et
1400 1087 1476 1151 latus

327 1192 473 1279 quadrati
500 1194 686 1261 nannnliur
711 1195 920 1262 determinata
944 1205 1038 1261 sunt:
1068 1193 1185 1272 radius,
1207 1191 1352 1279 inquam,
1375 1189 1476 1256 circuli

325 1295 433 1361 taliter
462 1294 697 1379 determinatur,
728 1298 879 1386 quoniam
908 1297 1063 1363 similium
1093 1318 1222 1362 arcuum
1250 1295 1422 1373 subtensae,
1449 1302 1477 1359 et
1552 1303 1554 1364 ἲ

326 1396 472 1463 similiter
485 1408 646 1485 uteunque
660 1400 773 1486 positae
787 1401 940 1487 quaelibet
956 1400 991 1465 in
1010 1398 1126 1465 circulo
1140 1406 1233 1465 rectae
1247 1396 1341 1463 lineae
1355 1418 1477 1483 propor-

326 1497 446 1565 tionem
461 1499 502 1566 ad
516 1502 641 1567 radium
656 1502 787 1569 eandem
808 1503 938 1584 habent,
958 1515 991 1570 et
1009 1526 1052 1569 ex
1070 1501 1222 1569 relatione
1237 1500 1279 1566 ad
1293 1500 1419 1567 radium
1437 1499 1478 1563 ita
1552 1491 1554 1554 l

328 1602 506 1688 quantitate
521 1604 780 1687 determinantur,
801 1616 890 1672 uteo
905 1605 1109 1693 singulariter
1126 1604 1347 1683 determinato,
1362 1624 1477 1688 semper
1552 1685 1553 1702 ἵ

327 1728 435 1771 earum
455 1707 616 1793 quantitas
637 1731 702 1775 una
720 1708 924 1795 singulariter
943 1708 1177 1776 determinatur.
1222 1706 1322 1773 Utin
1341 1728 1477 1793 quocun·
1552 1777 1553 1788 ,

328 1828 390 1893 que
413 1808 539 1889 cuculo,
563 1812 681 1897 majore
704 1810 752 1876 nil
772 1810 867 1877 refert
887 1834 930 1876 an
950 1811 1081 1891 minore,
1103 1810 1188 1875 latus
1209 1809 1373 1896 hexagoni
1393 1806 1474 1875 radic

328 1923 479 1996 aequatur,
495 1912 583 1977 sinus
598 1923 701 1979 rectus
716 1914 873 2000 graduum
888 1921 928 1979 30
942 1913 1024 1979 radii
1038 1912 1190 1979 dimidius
1204 1922 1262 1992 est,
1278 1912 1398 1979 chorda
1410 1934 1475 1999 gra·

326 2012 425 2080 duum
441 2022 481 2080 90
495 2016 578 2081 radii
591 2018 733 2103 potentis
752 2018 853 2106 dupla
872 2028 938 2084 est:
961 2017 1046 2085 unde
1066 2017 1095 2083 si
1114 2016 1343 2084 determinetur
1360 2024 1395 2083 et
1405 2038 1476 2103 eog-

326 2126 474 2183 noscatur
493 2118 563 2204 ipsa
583 2119 754 2207 singularis
775 2122 857 2187 radii
875 2122 1037 2209 quantitas
1060 2120 1132 2206 (hoc
1150 2130 1208 2200 est,
1228 2119 1384 2186 sisennus
1397 2120 1475 2185 asti·

325 2219 459 2285 mationi
484 2221 647 2305 subdatur,
673 2223 726 2289 vel
749 2246 880 2291 numero
906 2223 1125 2290 denominetur
1149 2222 1284 2310 alicujus
1309 2222 1476 2309 singularis

326 2322 462 2409 cognita
490 2326 658 2411 mensura)
691 2326 869 2392 innotescat
899 2326 975 2391 inde
1004 2324 1113 2391 statim
1141 2323 1298 2389 dictarum
1325 2324 1474 2391 linem

325 2427 496 2514 quantitas.
543 2426 699 2496 Similiter
714 2430 874 2515 congnito
888 2428 986 2495 latere
1000 2427 1157 2516 quadrati,
1171 2448 1321 2495 excessus
1337 2427 1472 2495 dimetri

325 2551 422 2619 supra
436 2530 529 2612 latus,
550 2542 582 2599 et
600 2531 735 2599 aliarum
755 2526 886 2599 definite
904 2532 1079 2620 positarum
1098 2532 1133 2597 in
1153 2531 1307 2618 quadrato
1326 2525 1473 2598 lium
1552 2581 1553 2584 ,

327 2634 489 2721 quantitas
504 2634 596 2702 facile
611 2645 758 2723 certoque
772 2634 987 2722 dignoscatur.
1032 2634 1229 2721 Hujusmodi
1242 2656 1319 2701 vero
1332 2634 1475 2703 determi-

326 2736 470 2803 nationes
484 2736 625 2819 adhibet,
641 2749 674 2804 et
688 2738 771 2803 circa
784 2736 865 2804 tales
880 2736 1092 2803 dimensiones
1111 2747 1283 2825 occupatur
1297 2735 1474 2805 Geometria

325 2839 514 2921 theoretica3
537 2864 609 2927 qnae
629 2864 743 2930 nempe
763 2864 828 2907 nou
846 2849 915 2907 tam
934 2839 1117 2907 immediate
1130 2840 1343 2927 singularium
1356 2843 1475 2929 magni·

296 2968 300 2979 ·
324 2942 474 3009 tudinum
496 2945 700 3029 quantitates,
722 2968 819 3033 quam
836 2944 1067 3013 universalium
1085 2944 1224 3011 rationes
1246 2945 1474 3033 investigans

325 3048 441 3134 quibus
463 3058 570 3113 tamen
594 3046 806 3134 singularium
832 3049 1045 3116 dimensiones
1070 3048 1185 3125 fluunt,
1210 3050 1264 3115 rel
1282 3050 1319 3115 in
1344 3052 1386 3118 iis
1407 3051 1474 3118 fun·
1552 3089 1553 3132 ,

326 3148 450 3215 dantur.
1552 3141 1553 3166 ¹

390 3252 568 3320 Arbitrarie
583 3275 657 3319 vero
672 3252 922 3319 determinantur
935 3253 999 3321 illa
1013 3276 1169 3321 mensuras
1178 3276 1250 3340 quae
1264 3254 1474 3342 singulmihua

324 3353 527 3422 dimetiendis
544 3355 673 3443 quantis
688 3354 906 3443 applicantur;
929 3378 1001 3442 qna
1019 3378 1133 3443 nempe
1151 3377 1226 3424 cum
1245 3356 1369 3425 nullam
1386 3358 1427 3425 ad
1444 3359 1474 3425 id

323 3482 365 3526 ex
387 3480 422 3524 se
445 3456 634 3545 peculiarem
656 3456 869 3545 aptitudinem
890 3456 1038 3536 habeant,
1063 3480 1106 3523 ex
1127 3457 1262 3524 infinitis
1282 3458 1335 3527 sui
1355 3462 1474 3547 generis

325 3563 397 3629 aliis
412 3562 454 3629 ad
464 3561 593 3629 libitum
608 3559 796 3647 seliguntur,
808 3582 851 3626 ex
864 3569 957 3648 pacto
971 3560 1024 3626 vel
1038 3560 1185 3629 instituto
1199 3561 1393 3650 deputantur
1405 3564 1475 3631 huic

322 3667 425 3735 officio
439 3664 600 3733 metiendi.
646 3664 781 3744 Qualem
796 3664 943 3731 obtinent
959 3664 1253 3733 determinationem
1272 3688 1397 3754 passus,
1414 3678 1474 3735 sta·

323 3771 405 3855 diua,
428 3768 559 3849 arundo,
580 3768 738 3848 schoenus,
758 3766 893 3855 aliaeque
907 3790 979 3855 quae
998 3780 1164 3837 armantur
1182 3770 1218 3837 in
1231 3793 1293 3839 usu
1305 3773 1473 3852 communi,

323 3897 465 3962 quasque
480 3871 651 3939 Geometm
670 3872 827 3959 practicus
847 3871 985 3937 adsumit
1003 3872 1039 3939 in
1057 3873 1262 3959 peculiarium
1282 3877 1474 3962 magnitndi·

322 3998 400 4041 num
414 3975 620 4042 dimensione.
665 3972 785 4041 Verum
805 3994 870 4039 non
889 3984 939 4040 est
952 3974 1040 4061 quod
1053 3974 1103 4041 his
1118 3977 1196 4043 satis
1216 4001 1237 4043 a
1254 3999 1288 4044 se
1302 3980 1474 4068 perspicuus

286 4130 290 4137 .
323 4077 443 4142 diutius
458 4077 669 4143 immoremur.

813 4217 1064 4227 ..----—-—-...

375 4322 434 4377 une
445 4321 657 4381 determination
668 4342 729 4397 may
741 4326 777 4383 be
788 4326 925 4384 uuirmaal
936 4329 993 4385 and
1002 4327 1121 4397 natunl,
1132 4344 1166 4383 or
1176 4326 1321 4398 arbitrary.

375 4408 534 4465 Univemal:
553 4410 618 4467 thus
628 4412 657 4467 in
668 4428 750 4482 every
761 4414 844 4471 circle
855 4415 905 4472 the
915 4416 1017 4473 sibeos
1025 4415 1070 4473 30⁰
1080 4416 1106 4471 is
1116 4413 1233 4471 halitbe
1244 4412 1348 4484 radius,
1359 4413 1409 4471 hc.

376 4492 522 4563 Arbitrary
533 4514 538 4551 :
557 4511 587 4551 as
603 4512 620 4550 a
634 4512 710 4567 pace,
721 4514 738 4552 a
754 4500 813 4567 rod,
824 4499 872 4556 &u
