3167 5192
309 343 372 410 120
647 360 834 410 nncnouns
857 362 1129 411 annuntiantem.
1265 344 1372 431 [Lacr.
1388 366 1464 415 tur.

310 529 478 615 Estldrqo
490 540 542 594 eat.
565 527 736 614 Equidem,
748 528 857 609 fateor,
872 530 1139 595 antecedenterad
1150 531 1292 597 omnium
1304 532 1464 599 scientiam

307 632 539 718 quodammodo
554 630 820 719 praecognoscitur
833 642 865 696 et
883 633 1140 720 praesupponitur
1159 634 1294 721 subjecti
1315 636 1464 721 cognitio,

307 734 360 799 vel
381 734 543 820 conceptio
565 732 719 819 quaedam,
742 744 899 820 quatenus
921 734 1024 799 omnis
1053 735 1228 824 propositio
1250 736 1407 803 conflatur
1426 762 1465 804 ax

307 837 451 903 terminis
473 835 691 925 incomplexis,
710 836 766 921 qui
786 858 850 900 non
866 835 957 901 aliter
971 836 1166 925 apprehendi
1180 839 1305 926 possint
1319 862 1418 927 quam
1432 850 1465 905 ut
1559 884 1560 889 κ

307 964 411 1007 rerum
431 941 634 1028 significativi
657 939 909 1027 qualemcunque
932 939 1117 1005 habentium
1139 942 1319 1021 essentiam,
1339 943 1401 1009 hoc
1421 956 1466 1009 est

307 1067 404 1131 quarn
424 1044 628 1133 concipiendo
648 1043 700 1109 vel
720 1043 925 1131 supponendo
946 1044 1031 1130 quod
1051 1044 1132 1124 sint;
1156 1045 1213 1109 sed
1234 1068 1298 1109 non
1316 1046 1388 1111 ideo
1408 1058 1466 1112 ter·

306 1149 386 1214 mini
405 1149 600 1237 incomplexi
619 1145 758 1213 τὸεῖναι
779 1145 978 1234 implicantes
1000 1158 1074 1211 sunt
1095 1148 1250 1237 principia
1271 1149 1467 1216 demonstra·

306 1251 439 1331 tionum,
455 1251 511 1317 sed
525 1250 656 1315 materia
670 1250 776 1337 potius
790 1247 842 1314 vel
858 1260 963 1336 partes
978 1249 1118 1336 ipsorum
1133 1250 1314 1337 integrales.

371 1354 480 1419 Etiam
507 1354 588 1418 illud
609 1353 812 1419 vehementer
836 1352 989 1441 improbo,
1013 1354 1099 1441 quod
1121 1354 1254 1420 affirmet
1275 1354 1466 1423 Aristoteles

307 1456 520 1523 definitionem
544 1456 627 1521 nihil
651 1456 815 1537 affirmare,
839 1456 891 1521 vel
916 1456 1055 1543 accipere
1078 1468 1221 1523 neutram
1245 1470 1367 1545 partem
1397 1482 1467 1525 con·

306 1559 522 1641 tradictionis;
546 1560 606 1625 hoc
625 1569 682 1638 est,
705 1558 791 1646 quod
811 1568 916 1623 sumat
940 1558 1156 1624 definitionem
1178 1582 1243 1627 non
1264 1584 1321 1649 pro
1343 1562 1469 1648 integra

306 1666 535 1745 enunciatione,
552 1663 607 1731 sed
622 1674 745 1729 tantum
761 1686 818 1750 pro
834 1663 902 1748 ejus
917 1662 1104 1751 praedieat03
1127 1673 1163 1728 ut
1184 1687 1216 1728 v.
1225 1686 1257 1750 g.
1281 1665 1368 1753 quod
1383 1666 1468 1731 Ani-

305 1768 373 1833 mal
399 1769 553 1833 rattoraale
577 1768 619 1833 sit
645 1767 788 1833 definitio
819 1767 967 1847 hominis,
995 1776 1093 1855 eaque
1123 1769 1244 1835 ratione
1273 1770 1466 1858 principium

196 1890 199 1895 ’
306 1869 598 1949 demonstrationis3
625 1892 689 1935 non
711 1881 816 1935 autem
839 1868 908 1933 haec
929 1870 1127 1951 enunciatio;
1158 1871 1258 1937 Horae
1279 1885 1323 1937 est
1344 1872 1468 1939 animal

305 1974 467 2038 rationale.
514 1974 561 2038 At
575 1972 671 2051 enim,
687 1971 845 2059 quomodo
860 1995 924 2037 non
942 1973 1126 2039 adversatur
1147 1974 1208 2040 hoc
1228 1975 1271 2040 ab
1292 1976 1363 2062 ipso
1386 2000 1467 2063 prae-

306 2078 426 2143 stitutae
450 2075 628 2143 definitioni
653 2075 811 2164 principii,
834 2074 920 2162 quod
940 2100 1053 2165 nempe
1075 2076 1117 2142 sit
1140 2076 1299 2164 πρότασις
1324 2078 1465 2163 darcon

306 2180 463 2266 quomodo
477 2202 541 2246 non
555 2188 711 2266 repugnat
725 2178 873 2266 principii
888 2190 1009 2245 naturae
1024 2202 1061 2245 ac
1076 2179 1231 2267 qualitati,
1246 2203 1318 2267 quae
1333 2182 1466 2269 requirit

306 2294 342 2349 ut
364 2283 406 2348 sit
426 2306 546 2363 verum,
565 2283 671 2348 taliter
692 2306 803 2348 verum
825 2294 861 2348 ut
883 2307 924 2349 ex
946 2306 983 2349 eo
1005 2284 1127 2370 possint
1147 2284 1211 2348 alia
1231 2306 1306 2349 vera
1328 2284 1466 2351 deduci?

309 2387 404 2474 (Cum
419 2411 533 2477 nempe
546 2388 662 2455 veritas
677 2388 719 2453 sit
734 2387 872 2474 qualitas
887 2388 1116 2453 enunciationis
1134 2387 1288 2475 perfectae,
1303 2411 1368 2453 non
1391 2390 1465 2454 sim-

304 2492 398 2581 plicis
417 2492 554 2572 termini,
575 2514 632 2557 nec
654 2514 695 2557 ex
716 2490 813 2577 hujus
835 2489 1085 2578 apprehensione
1105 2490 1275 2577 quicquam
1295 2491 1461 2573 eliciatur.)

304 2596 410 2677 Quare
425 2596 566 2663 definitio
580 2594 761 2660 nominatur
775 2594 816 2657 ab
832 2592 901 2679 ipso
924 2592 1016 2658 thesea
1031 2593 1182 2681 qaudam,
1199 2593 1227 2659 si
1241 2594 1288 2659 nil
1303 2595 1396 2681 ponit
1412 2607 1463 2661 aut
1558 2646 1559 2677 3

304 2699 441 2765 asserit?
484 2698 555 2779 Quo
571 2697 706 2783 denique
720 2706 813 2783 pacto
828 2694 892 2775 fiet,
908 2705 945 2759 ut
959 2717 1024 2759 non
1041 2718 1204 2783 perperam
1224 2707 1256 2761 et
1274 2697 1463 2784 perabsurde

304 2802 365 2867 hoc
387 2801 481 2866 modo
505 2809 631 2886 sumpta
656 2798 798 2864 definitio
820 2820 892 2863 cum
915 2797 1085 2863 axiomatis
1112 2800 1194 2885 (quae
1218 2810 1293 2864 sunt
1313 2801 1463 2866 enuncia·
1558 2796 1559 2803 '

304 2904 406 2969 tiones
432 2902 589 2990 perfectae)
618 2924 689 2965 cum
722 2900 964 2987 hypothesibus,
992 2922 1063 2986 quae
1090 2901 1159 2989 ipso
1185 2902 1314 2967 docente
1340 2902 1462 2992 aliquid

305 3015 458 3083 asserunt,
485 3004 519 3068 in
544 3002 664 3067 ratione
688 3002 837 3090 principii
863 3013 1092 3091 comparentur,
1120 3004 1361 3092 conjungantur,
1390 3030 1463 3071 oon-

304 3106 459 3174 veniant?
500 3104 626 3171 Revert
648 3104 799 3185 definitio,
823 3128 894 3191 quos
916 3104 1191 3171 demonstrationis
1217 3108 1350 3173 habetur
1376 3109 1462 3196 prin·

304 3212 432 3299 cipium‚
448 3220 496 3276 est
510 3208 688 3274 enuntiatio
703 3208 870 3296 completa,
887 3208 926 3273 de
947 3208 1088 3296 subjecto
1106 3210 1265 3297 proposito
1285 3210 1460 3298 praedicans

304 3315 444 3402 aliquam
467 3313 568 3400 ipsius
594 3313 800 3392 affectionem,
827 3311 938 3377 utilem
961 3311 1031 3377 aliis
1053 3311 1223 3379 educendis
1248 3314 1459 3402 passionibus

304 3420 374 3500 Est,
390 3419 530 3506 inquam,
549 3415 728 3504 syllogismi
745 3416 913 3503 apodictici
932 3416 1105 3503 propositio
1125 3418 1270 3504 quaedam
1290 3420 1459 3507 praecipua,

302 3546 428 3590 cauum
443 3531 597 3610 quatenus
611 3520 680 3585 fieri
694 3528 808 3607 potest,
824 3518 991 3585 ostendens
1006 3521 1228 3608 symptomatis
1243 3521 1458 3588 demonstrati.

303 3627 456 3694 Definitio
478 3626 606 3714 quidem
624 3623 827 3711 incomplexe
851 3622 914 3705 (vel
933 3623 1139 3711 praedicatum
1159 3624 1351 3691 definitionis
1370 3648 1457 3689 conr·

303 3735 418 3824 plexae)
434 3731 550 3822 poterit
564 3752 641 3809 csse,
657 3727 833 3815 saepissime
852 3739 909 3808 est,
927 3728 1067 3794 medium
1087 3728 1139 3794 vel
1159 3740 1379 3815 argumentum
1401 3752 1459 3794 ex·

303 3836 445 3904 truendae
471 3831 730 3900 demonstrationi
754 3842 923 3919 repertum,
948 3829 1185 3919 delectumque3
1215 3832 1359 3899 sednon
1386 3830 1458 3897 idco

303 3939 493 4028 principium
506 3947 565 4017 est,
580 3959 644 4003 non
659 3934 762 4021 magis
776 3956 872 4022 quam
888 3947 983 4000 totum
998 3944 1030 4001 et
1044 3960 1127 4023 pora
1144 3945 1218 4001 sunt
1237 3934 1308 4000 ideo
1328 3932 1458 3999 demon·

304 4042 463 4107 strationis
486 4038 651 4128 principia,
678 4038 753 4125 quia
778 4037 1022 4124 pronunciatum
1046 4036 1137 4117 illud,
1166 4038 1275 4102 Totum
1300 4049 1343 4101 est
1362 4048 1458 4125 paru

303 4147 415 4232 majus,
430 4142 593 4232 principiis
608 4152 798 4208 accensettu.
844 4140 948 4207 Taceo
963 4140 1049 4227 quod
1070 4164 1135 4205 non
1156 4162 1381 4228 usquequaque
1401 4162 1458 4205 ve·
1555 4166 1556 4179 ¹

303 4271 373 4317 rum
388 4247 440 4327 sit,
456 4244 616 4311 axiomata
629 4267 693 4309 non
707 4266 801 4333 posse
815 4242 1020 4309 demonstrari
1042 4239 1077 4327 (ἃ
1095 4240 1141 4325 μή
1160 4242 1233 4308 ἐστι
1252 4242 1362 4326 δεῖξαι)
1383 4241 1457 4329 quia

712 4384 872 4391 ψ-
875 4382 1031 4391 --—-—-—

374 4466 401 4520 A
414 4460 564 4519 Definition
575 4459 600 4515 is
611 4476 628 4515 a
640 4459 821 4530 Proposition.
