3167 5192
107 404 208 453 sacr.
224 388 318 473 1111]
452 404 638 454 caenosus
660 405 933 455 unruuunrrcnr.
1206 385 1271 452 125

106 574 172 655 μέν
195 600 252 641 σοι
274 574 317 643 τὰ
338 574 572 662 προβλήματα.
617 574 707 641 Hinc
728 574 879 641 Rivaltus
901 573 1108 657 e'rrerdtypara
1128 573 1271 641 eubodio

106 678 334 765 interpretans,
356 679 494 745 sundri
511 701 627 745 nomen
648 678 785 766 imponit
807 678 1044 744 definitionibus
1067 675 1269 765 quibusdam,

105 803 182 867 quae
197 792 236 846 ut
249 781 362 869 opinor
375 781 445 847 loco
458 804 517 847 sno
531 782 723 847 exciderant.
755 780 820 849 Sed
834 780 1043 847 Archimedes
1063 804 1118 869 per
1137 778 1271 863 ἐπιτάγ-

106 911 200 967 ματα
219 883 269 949 nil
288 884 376 949 aliud
395 884 573 971 intelligere
593 885 729 966 videtur,
745 909 841 973 quam
863 885 1094 973 propositiones
1116 884 1269 972 quasdam

106 987 310 1053 lemmaticas
324 988 360 1053 in
377 987 452 1053 libri
472 989 633 1074 sequentis
650 988 785 1055 decursu
804 989 975 1069 exhibitas,
991 987 1032 1055 ed
1050 986 1269 1075 primariorum

108 1091 344 1157 theorematum
364 1089 662 1157 demonstrationem
683 1092 870 1179 requisitas3
902 1093 932 1158 ei
953 1092 1051 1177 igitur
1071 1089 1112 1156 τὰ
1136 1088 1271 1173 ἐπιταγ-

107 1218 201 1274 ματο
224 1204 301 1259 sunt
322 1216 395 1280 qua
417 1193 528 1261 ordine
554 1206 729 1282 sequuntur
752 1196 804 1261 vel
828 1196 1007 1263 inseruntur
1028 1194 1268 1282 propositiones,

107 1296 150 1361 ad
173 1298 306 1363 illarum
329 1297 430 1363 instar
453 1296 639 1378 cohortium,
663 1321 742 1386 quas
763 1298 904 1365 historiae
926 1297 1081 1364 Ιῖοιοοοω
1102 1298 1270 1385 scriptores

108 1398 331 1482 ἐπιτάγματα,
347 1400 491 1466 cohortes
506 1400 722 1480 subsidiarias,
739 1399 842 1467 solent
856 1399 1027 1488 appellare.

174 1500 371 1589 Quanquam
384 1502 449 1569 fere
463 1502 605 1590 suspicor
619 1501 846 1569 Archimedem
861 1502 1017 1589 ejusmodi
1032 1501 1188 1569 vocabulo
1205 1524 1269 1569 non

109 1628 217 1683 usum,
233 1604 292 1670 sed
304 1606 535 1693 exscriptorum
549 1604 655 1671 forsan
671 1605 793 1671 incuria
807 1605 969 1692 irrepsisse
985 1604 1200 1687 dutrdqparu,
1213 1626 1270 1690 pro

109 1710 165 1775 ἐπὶ
183 1711 303 1775 ταῦτα·
324 1707 367 1776 τὰ
386 1707 441 1775 ἐπὶ
459 1712 561 1774 ταῦτα
577 1710 690 1797 χρείαν
705 1708 824 1797 ἔχοντα
842 1707 885 1780 εἰς
904 1707 1089 1792 ἀποδείξεις,
1106 1733 1174 1796 qum
1184 1732 1271 1797 ρνα-

110 1826 195 1878 terea
224 1812 432 1899 aulp’a'eiuatur
453 1810 499 1876 ud
524 1812 810 1877 ἅονηοοοῖναῖίοοοοο
839 1810 943 1877 utilia.
989 1810 1179 1897 Quanquam
1206 1834 1271 1877 non

109 1916 247 1981 diffiteor
270 1916 469 2001 epiteprnetia
493 1936 618 1993 nomen,
643 1913 827 2001 hujusmodi
849 1914 944 1981 rebus
963 1914 1153 2001 appositum,
1174 1915 1270 1983 etiam

109 2018 232 2085 alicubi
246 2016 332 2105 apud
347 2017 494 2104 Pappum
507 2027 634 2097 extare3
654 2016 701 2082 sic
715 2028 822 2083 tamen
836 2028 873 2083 ut
887 2016 1044 2105 quomodo
1059 2018 1102 2085 sit
1116 2018 1270 2107 accipien-

110 2123 186 2189 dum
202 2121 263 2186 vix
277 2144 320 2187 ex
334 2130 485 2186 contextu
498 2119 592 2187 liceat
606 2120 759 2187 divinare.
798 2120 862 2187 Sed
877 2120 945 2187 hac
960 2121 994 2186 ἐν
1007 2120 1147 2209 παρόδρ

173 2224 223 2289 Εῖ
237 2247 314 2289 sane
329 2245 437 2289 vereor
451 2232 487 2288 ut
509 2245 566 2289 vos
587 2224 693 2289 minus
715 2223 871 2291 delectent
893 2224 944 2291 has
964 2225 1154 2293 volitatoriae
1176 2251 1271 2293 σκια-

109 2328 240 2417 μαχία,
256 2328 308 2393 hae
328 2326 426 2406 tricae,
444 2326 496 2391 hae
516 2326 806 2408 cuminisectioues;
827 2350 878 2393 me
897 2340 979 2395 certe
1002 2329 1097 2395 taedet
1118 2329 1269 2417 ipsarum,

111 2455 168 2499 nec
182 2432 255 2499 sinc
267 2429 408 2518 quadam
421 2429 521 2493 animi
538 2427 694 2509 molestia,
710 2429 787 2495 dum
810 2430 980 2516 aliqualem
1002 2430 1158 2498 coniector
1180 2430 1270 2519 ἀκρί-

110 2538 215 2615 βειαν,
243 2534 277 2600 in
306 2532 466 2622 quandam
495 2530 772 2618 ἀπεραντολογίαν
801 2532 948 2621 delapsus
974 2533 1086 2601 sentio.
1131 2533 1181 2601 Ut
1209 2535 1271 2600 hic

112 2637 287 2724 quaestione
309 2644 427 2702 memet
447 2633 617 2722 expediam
638 2656 747 2720 ocyus,
767 2633 905 2721 reliquas
926 2634 1171 2720 pretermittens
1192 2634 1271 2703 alio-

113 2764 182 2807 rum
209 2739 393 2819 sententias,
419 2737 459 2802 de
484 2736 590 2823 reipsa
617 2738 664 2802 sic
688 2745 795 2801 statuo
819 2736 957 2803 breviter
982 2746 1015 2803 et
1039 2738 1271 2807 consentienter

113 2843 300 2911 antedictis:
322 2840 553 2928 Principiorum
576 2839 764 2926 simpliciter
784 2839 831 2905 ita
848 2838 1013 2919 dictorum,
1031 2839 1092 2907 hoc
1112 2850 1161 2909 est
1181 2841 1271 2909 iude-

113 2944 367 3013 monstrabilium
387 2965 459 3032 quas
480 2942 516 3007 in
535 2942 625 3009 nulla
642 2942 793 3029 qutpiam
815 2941 947 3008 scientia
968 2942 1175 3010 demonstrari
1196 2968 1270 3034 pos·

114 3061 197 3130 sunt,
211 3059 269 3115 aut
288 3048 416 3129 debent,
437 3046 501 3112 duo
519 3056 596 3113 sunt
614 3068 741 3133 genera,
761 3044 967 3133 Hypotheses
990 3047 1055 3133 (vel
1076 3047 1267 3136 Postulata),

114 3165 144 3219 et
156 3152 379 3219 Definitiones.

176 3254 386 3342 Hypotheses
401 3261 477 3319 sunt
494 3249 733 3339 propositiones,
748 3248 884 3336 alicujus
904 3250 949 3317 rei
967 3252 1097 3319 modum
1117 3255 1267 3343 aliquem,

115 3358 278 3433 actionem,
294 3364 350 3423 aut
364 3364 485 3421 motum
500 3352 662 3420 evidenter
680 3350 866 3438 possibilem
887 3364 1091 3437 assumentes,
1112 3358 1166 3423 vel
1185 3359 1268 3425 affir-

116 3471 245 3527 mantes.
290 3457 332 3524 E.
344 3482 377 3545 g.
403 3456 546 3524 Ponatur
562 3465 717 3543 punctum
735 3442 866 3540 aliquod
883 3478 903 3519 a
920 3455 990 3521 locu
1007 3458 1040 3521 A
1059 3457 1100 3522 ad
1117 3459 1222 3525 lucum
1237 3462 1271 3527 B

116 3566 184 3633 ferri
202 3574 295 3633 motu
314 3563 433 3631 directo
453 3571 487 3627 et
506 3559 686 3628 indeflexo:
717 3558 787 3639 Vel,
809 3557 970 3625 Punctum
992 3560 1037 3626 ita
1058 3560 1132 3627 ferri
1153 3572 1266 3649 potest.

117 3666 254 3735 Ponatur
272 3676 359 3733 recta
378 3664 462 3731 linea
482 3662 566 3728 circa
585 3683 686 3727 unum
706 3670 884 3726 extremum
905 3660 1047 3728 defixum
1070 3662 1134 3748 (vel
1154 3664 1267 3731 immo·

118 3774 192 3857 tum)
208 3770 317 3853 rotari,
333 3768 432 3835 donec
446 3768 479 3833 in
495 3767 634 3853 primum
649 3765 746 3831 situm
761 3764 958 3835 revolvatur:
984 3766 1055 3849 Vel,
1077 3779 1162 3835 recta
1181 3769 1267 3837 linea

118 3876 170 3941 tali
183 3886 276 3964 pacto
290 3873 387 3939 rotari
406 3881 520 3961 potest.
565 3870 730 3935 Ponuntur
751 3869 823 3935 duae
844 3881 936 3937 recte
958 3870 1052 3938 lineas
1074 3894 1264 3957 concurrere,

119 3980 167 4045 rel
180 3980 367 4045 intersecare
379 3999 415 4043 se
429 3975 576 4054 invicem,
591 3974 638 4038 sio
651 3982 688 4037 ut
703 3982 774 4059 post
788 3995 952 4039 occursum
972 3976 1088 4042 abeant
1106 3976 1140 4043 iu
1159 3988 1265 4066 partes

120 4081 271 4150 diversas:
295 4080 368 4162 Vel,
383 4080 455 4148 dua
468 4088 561 4145 rectae
575 4085 709 4164 possunt
722 4076 769 4143 ita
782 4099 974 4147 concurrere.
1012 4079 1153 4149 Ponatru
1167 4083 1265 4151 trisu-

541 4211 551 4245 ¹
568 4210 626 4262 Lib.
639 4222 688 4261 vn.
700 4224 760 4274 pag.
773 4224 830 4271 ομ.

168 4427 194 4480 A
210 4425 338 4483 doubtful
356 4424 472 4496 reading
491 4425 520 4483 in
541 4426 731 4483 Archimedes.

168 4511 253 4569 'l'hore
271 4529 320 4571 are
338 4516 394 4569 two
412 4512 496 4571 kinds
513 4513 546 4571 oi
563 4513 724 4585 Prindpies,
743 4508 993 4585 Hypothesessud
1012 4510 1183 4569 Definitious
