3167 5192
97 385 301 469 11111111]
434 400 619 453 1111111111
641 398 915 449 1111111111.
1192 382 1255 449 129

97 581 128 637 et
147 572 329 659 perutilem,
352 572 510 638 elementa
528 569 721 638 Geometriae
742 574 828 636 novt
848 534 998 635 methodo
1020 567 1145 655 digesta
1169 590 1257 635 eom·

98 674 298 761 plectentem,
323 674 376 740 cui
397 696 513 739 nomen
536 672 613 738 fecit
635 671 783 739 Euclides
804 673 987 752 1111111111,
1014 671 1105 737 illum
1131 671 1254 739 adverti

96 777 324 865 principiorum
348 786 468 843 natura
487 786 520 841 et
538 775 735 841 distinctioni
756 774 955 840 elucidandis
976 798 1134 841 summam
1156 798 1254 862 quam

97 880 199 966 potuit
212 903 323 947 curam
338 890 371 946 et
389 879 598 945 subtilitatem
613 877 816 967 impendisse,
832 900 904 943 cum
919 878 954 943 in
968 878 1120 965 prooemio
1140 878 1254 965 operis,

97 992 162 1048 tum
175 983 355 1071 prasertim
369 982 405 1049 in
417 982 459 1048 iis
469 1004 541 1069 quae
555 980 666 1069 primae
681 980 908 1047 elementorum
922 980 1129 1068 propositioni
1144 980 1256 1046 imme-

97 1085 178 1151 diate
196 1086 372 1174 praeposita
385 1095 470 1151 sunt.
515 1084 556 1150 In
575 1085 645 1172 ejus
664 1083 775 1171 aliqua
793 1084 887 1164 dicta,
910 1085 938 1149 si
957 1084 1046 1171 prius
1066 1084 1257 1149 obtulissent

97 1211 137 1269 se,
155 1189 268 1257 forsan
281 1190 430 1257 nonnihil
448 1194 659 1268 annottssem,
680 1187 736 1253 sed
755 1209 855 1274 quum
874 1186 957 1253 nihil
976 1186 1040 1253 fere
1061 1186 1254 1265 contineant,

97 1292 178 1377 quod
199 1304 370 1379 acceptum
391 1290 555 1357 commode
576 1290 730 1355 dissideat
750 1314 771 1355 a
791 1289 908 1357 nostris
930 1289 1087 1376 cogitatis,
1115 1299 1146 1355 et
1169 1289 1255 1376 quod

97 1396 161 1483 ipse
180 1419 252 1463 non
272 1395 443 1482 aliquando
461 1393 711 1483 perstrinxerim,
732 1416 868 1481 cumque
887 1392 966 1459 satis
986 1414 1141 1481 superque
1160 1392 1256 1459 fuerit

97 1498 261 1565 inhaere
280 1498 487 1585 disputatum,
506 1496 791 1584 impraesentiarum
810 1496 930 1562 1111111
949 1496 1125 1583 praeteribo,
1146 1504 1256 1583 postea

97 1608 200 1665 tamen
214 1622 293 1665 cum
306 1600 430 1687 objecta
443 1599 538 1665 fuerit
557 1599 786 1686 opportunitas,
806 1620 906 1663 unum
920 1596 1072 1676 fortassis,
1093 1606 1148 1662 aut
1163 1596 1256 1661 alter·

97 1723 149 1765 um
162 1712 323 1789 punctum
338 1702 548 1781 discumurus,
563 1724 601 1766 ea
614 1700 772 1788 precipue
787 1699 904 1786 quibus
919 1698 1109 1765 Cluuianum
1124 1697 1164 1763 de
1179 1696 1256 1764 defi-

98 1805 228 1872 nitionis
243 1811 358 1871 111111
376 1805 565 1871 sententiam
580 1804 767 1891 impugnare
781 1804 918 1871 videtur.
964 1800 1099 1869 confero
1119 1824 1170 1867 me
1186 1802 1256 1887 jam

99 1908 137 1973 ad
156 1909 311 1997 specialia
329 1908 475 1995 quaedam
495 1908 536 1974 de
554 1907 724 1995 postulatis
745 1907 812 1993 (vel
830 1906 1075 1996 hypothesibus)
1099 1904 1255 1971 definitio·

98 2012 199 2094 nibus,
216 2022 252 2077 et
265 2011 434 2077 axiomatis
448 2010 656 2077 observanda.

160 2115 278 2197 Quoad
301 2114 505 2203 hypotheses,
534 2114 695 2181 observari
720 2125 825 2201 potest
852 2115 1027 2201 generatim
1050 2138 1157 2181 earum
1182 2139 1254 2181 eum

100 2220 342 2287 fundamentum
363 2241 421 2284 seu
440 2219 530 2299 ratio,
550 2228 620 2285 tum
639 2219 786 2285 materies
807 2229 838 2284 et
852 2220 1006 2287 11111111.
1050 2218 1255 2286 Fundamen-

100 2333 166 2389 tum
180 2334 216 2390 et
236 2323 317 2389 ratio
336 2321 562 2409 hypothesium
585 2321 682 2407 (siout
695 2321 859 2389 innuimus
874 2322 1000 2411 saepius,
1021 2344 1096 2388 nam
1116 2324 1255 2409 effugere

101 2448 161 2492 non
183 2448 356 2515 possumus
383 2424 532 2512 quamvis
552 2424 649 2491 inviti
670 2425 749 2512 quin
770 2426 881 2491 eadem
906 2426 1042 2493 subinde
1066 2434 1254 2513 repetamus,

102 2530 184 2615 quod
208 2549 287 2594 saue
310 2549 376 2593 non
398 2526 548 2593 abhorret
576 2526 618 2590 ab
647 2526 833 2614 hujusmodi
861 2527 1033 2593 lectionum
1057 2528 1196 2615 ingenio,
1224 2537 1256 2593 et

103 2632 300 2720 aliquatenus
334 2629 484 2719 prodesse
520 2638 634 2718 potest,
670 2654 743 2697 eum
781 2653 823 2696 ex
862 2652 899 2697 eo
937 2630 1093 2696 dictorum
1131 2652 1253 2709 sensus,

102 2758 252 2825 mensque
274 2734 409 2801 dicentis
434 2734 612 2801 elucescant
636 2734 752 2801 clarius
776 2744 809 2799 11
828 2734 924 2801 altius
942 2734 1127 2820 infigantur)
1151 2734 1254 2822 hypo·

103 2836 248 2920 thesium,
277 2837 419 2924 inquam,
452 2835 695 2906 fundamentum
724 2845 773 2903 est
802 2836 932 2903 evidens
961 2836 1166 2924 experientia,
1196 2858 1253 2903 111

103 2964 155 3027 per
181 2964 312 3009 sensum
341 2940 479 3026 aliquem
509 2961 572 3025 quo
605 2938 778 3006 forinsecus
812 2940 920 3005 oblata
951 2941 1151 3035 percipimus,
1187 2943 1255 3011 sive

102 3067 154 3131 per
174 3044 400 3111 conscientiam
423 3043 582 3123 intimam,
605 3048 670 3129 qut
692 3053 797 3109 motus
819 3043 969 3125 internos,
991 3055 1022 3111 et
1045 3046 1255 3114 immanentes

105 3150 193 3215 nobis
217 3148 356 3215 actiones
377 3146 598 3235 persentimus.
643 3145 738 3212 Nihil
762 3147 849 3214 enim
871 3150 1007 3236 supponi
1029 3151 1132 3233 debet,
1164 3152 1255 3241 cujus

105 3252 223 3319 nullum
238 3251 493 3340 experimentum
509 3250 612 3331 edere,
633 3250 719 3337 quod
738 3274 803 3317 non
819 3253 964 3340 apposito
978 3254 1086 3342 aliquo
1107 3255 1254 3343 exemplo

107 3356 284 3421 confirmare
297 3355 451 3435 valemus,
474 3363 531 3420 aut
551 3353 730 3421 illustraret
753 3378 826 3421 eum
845 3378 909 3421 non
924 3357 989 3423 aliu
1009 3358 1130 3424 ratione
1154 3359 1256 3445 possit

107 3456 288 3547 hypothesis
313 3456 510 3544 possibilitas
539 3456 674 3537 ostendi,
704 3456 744 3522 de
772 3462 836 3544 qut
864 3468 971 3523 tamen
1000 3468 1085 3525 certo
1114 3470 1256 3526 constare
1305 3522 1315 3539 ,

108 3558 196 3626 (111111
215 3559 362 3640 auditori,
385 3559 550 3625 scientiam
572 3558 734 3625 ambienti.
795 3559 836 3625 E.
853 3582 884 3645 g.
916 3558 1115 3647 Hypothesis
1140 3560 1254 3648 optica,

109 3662 189 3747 quod
211 3686 232 3728 a
256 3662 371 3750 quovis
396 3661 512 3749 objecti
536 3660 674 3727 visibilis
697 3672 816 3749 puncto
844 3661 990 3750 (physico
1019 3662 1144 3747 saltem)
1172 3673 1256 3730 reeta

109 3762 187 3831 linea
199 3766 367 3846 luminosa,
379 3789 436 3833 seu
450 3764 574 3831 Radius
589 3766 632 3831 ad
645 3766 772 3831 oculum
787 3766 1075 3853 ubieunquesitum
1093 3766 1139 3852 (in
1150 3767 1255 3833 medio

111 3869 220 3935 scilicet
240 3870 449 3955 homogeneo)
473 3868 662 3956 porrigatur,
691 3890 756 3934 non
782 3868 873 3935 aliter
902 3878 984 3935 esset
1012 3866 1254 3955 admittendum,

27 4011 28 4048 3
111 3970 166 4035 nisi
186 3972 292 4039 fulciri
317 3982 424 4058 posset
446 3970 604 4057 ejusmodi
626 3972 749 4036 notorio
773 3972 1000 4058 experimento,
1027 3973 1112 4060 quod
1137 3974 1257 4063 ubique

113 4075 259 4160 objectum
282 4074 444 4163 aspicitur,
468 4074 531 4140 nisi
561 4096 674 4162 corpus
700 4097 835 4162 opacum
862 4076 979 4143 alicubi
1003 4076 1037 4143 iu
1062 4084 1147 4145 recth
1173 4080 1255 4148 illud

27 4209 28 4212 ¹
113 4172 184 4242 inter
200 4188 231 4243 et
245 4187 407 4265 aspectum
427 4172 513 4243 linet
530 4176 717 4243 collocatum
734 4177 889 4264 impediat
898 4204 906 4258 ;
930 4178 1114 4247 incredibile
1133 4184 1256 4252 videre-

27 4415 28 4418 ,
159 4350 262 4421 Spectat
280 4350 406 4406 remarks
424 4368 459 4407 on
476 4348 650 4423 hypotheses,
668 4351 832 4421 definitione,
850 4350 906 4407 and
924 4353 1035 4410 axioma

27 4471 28 4480 1
158 4434 273 4493 Evident
292 4437 497 4507 1111111111
515 4439 563 4494 the
581 4438 742 4494 foundation
762 4440 794 4494 of
810 4439 910 4509 special
927 4438 1098 4511 hypotheses

159 4519 207 4575 lln
239 4522 349 4591 Opdcsl
366 4538 435 4591 rays
1167 4538 1173 4554 ⁴

192 4626 220 4672 a.
233 4626 269 4676 11.
1132 4619 1171 4682 17
