3167 5192
397 382 441 450 34
662 411 666 418 ·
744 401 931 453 munuum
953 401 1092 454 ermon.
1291 383 1399 470 [sacr.
1416 401 1460 451 11.·

462 566 528 634 IX.
571 565 681 648 Porro,
696 567 933 636 subnotandum
948 579 1006 651 est,
1025 569 1129 658 quoad
1143 569 1237 638 binos
1254 589 1346 636 casus
1361 589 1461 657 supra

396 679 557 752 mactatos,
580 693 653 736 cum
667 669 731 736 duo
746 671 852 738 media
872 671 1086 738 diversimode
1104 670 1315 760 comparando
1336 670 1408 738 duae
1424 693 1461 738 se

398 783 614 861 representant
634 759 861 862 propbrtiones,
884 775 992 857 altera,
1015 775 1221 842 terminorum
1239 773 1336 840 situm
1355 783 1462 840 trans·

399 875 555 963 ponendo,
586 877 717 942 alterius
754 876 891 959 inversa,
925 878 1146 944 refractionum
1184 877 1256 943 ideo
1294 899 1463 944 mensuras

402 979 520 1066 (quoad
532 978 614 1063 heac)
630 979 745 1046 iisdem
759 979 903 1045 terminis
917 980 1133 1067 designabiles
1151 979 1261 1046 ordine
1275 980 1462 1068 permutari.

399 1083 450 1152 Ut
463 1083 492 1148 si
507 1082 541 1148 in
555 1081 746 1170 primocasu
761 1081 850 1148 sinus
864 1091 968 1148 rectus
983 1083 1094 1170 anguli
1109 1082 1279 1149 incidentis
1294 1105 1328 1149 se
1343 1083 1464 1150 habeat

400 1183 442 1253 ud
456 1184 562 1251 sinum
576 1192 697 1250 rectum
711 1184 823 1271 anguli
840 1184 976 1266 refracti,
998 1187 1080 1252 sieut
1099 1186 1132 1252 A
1147 1185 1189 1251 ad
1203 1186 1242 1266 B,
1266 1186 1301 1251 in
1321 1170 1463 1253 secundo

400 1288 489 1354 sinus
510 1287 680 1354 incidentis
705 1288 747 1353 ad
770 1287 876 1354 sinum
901 1288 1028 1354 refracti
1052 1311 1086 1355 sa
1112 1289 1236 1355 inverse
1261 1290 1395 1356 habebit
1420 1301 1465 1356 ut

402 1393 436 1457 B
458 1391 500 1457 ad
523 1392 575 1472 A;
601 1390 752 1457 nimirum
776 1391 812 1456 in
834 1391 1085 1478 praecedentibus
1107 1391 1228 1478 figuris,
1256 1399 1375 1479 quanto
1396 1392 1465 1486 ZD

231 1508 393 1577 [linquo]
404 1495 505 1583 major
520 1504 568 1562 est
581 1517 678 1584 quam
692 1495 760 1576 ZB,
776 1494 811 1559 in
823 1494 929 1581 prima
943 1495 1139 1582 Hypothesi3
1156 1506 1244 1563 tanto
1260 1505 1384 1582 constat
1396 1497 1465 1561 ZD

402 1599 557 1666 minorem
572 1621 641 1665 esse
655 1606 752 1687 quain
766 1599 833 1680 ZB,
850 1597 885 1662 in
899 1599 1056 1681 secundt3
1078 1599 1193 1666 mediis
1208 1599 1329 1666 scilicet
1343 1600 1465 1666 iisdem

316 1712 318 1714 ’
401 1701 671 1791 permanentibus.

466 1917 512 1985 X.
557 1916 713 2005 Denique,
740 1939 814 1985 eum
839 1919 937 1986 medii
963 1919 1015 1986 eui
1040 1915 1147 1986 radius
1171 1915 1323 2007 impingit
1349 1939 1465 2007 super-

401 2021 505 2087 ficiem
527 2021 679 2087 hactenus
701 2020 970 2110 adsumpserimus
991 2023 1130 2110 planam,
1154 2020 1381 2088 advertendum
1405 2043 1465 2086 su-

401 2132 516 2211 perest,
532 2123 678 2210 quamvis
693 2121 751 2189 illa
764 2145 862 2190 curva
877 2125 929 2206 sit,
944 2125 1055 2192 eodem
1065 2134 1172 2190 tamen
1184 2123 1304 2212 absque
1314 2123 1464 2190 sensibili

402 2227 584 2294 discrimine
616 2247 685 2294 sese
713 2228 808 2296 modo
837 2252 904 2296 rem
933 2229 1058 2310 habere,
1089 2251 1126 2294 ac
1155 2228 1304 2317 sipiano
1330 2251 1463 2294 curvam

402 2330 600 2418 superficiem
626 2330 731 2412 isthic,
754 2331 810 2396 ubi
833 2331 940 2398 radius
959 2332 1101 2412 occurrit,
1124 2330 1321 2419 contingenti
1342 2329 1462 2418 impin-

402 2443 499 2520 geret.
537 2431 665 2499 Incidet
692 2455 807 2520 nempe
836 2433 944 2499 radius
968 2433 1098 2500 ABOD
1121 2433 1155 2498 in
1184 2455 1312 2500 curvam
1340 2433 1460 2500 lineam

408 2537 507 2620 (ΖΒΕ,
533 2558 631 2625 quam
657 2536 699 2602 ad
720 2535 901 2602 incidentiae
923 2549 1075 2624 punctum
1097 2538 1130 2602 B
1149 2546 1261 2623 tangat
1282 2547 1367 2604 reeta
1387 2537 1460 2604 EF.

265 2646 299 2697 ‘·
348 2681 355 2698 ·
403 2639 538 2707 Prorsus
567 2642 678 2709 codem
706 2642 802 2710 modo
827 2642 1016 2730 refringetur
1041 2643 1102 2709 iste
1127 2643 1235 2710 radius
1262 2643 1304 2709 ad
1329 2665 1460 2709 curvam

408 2745 507 2826 QBR,
531 2745 658 2833 quoad
682 2756 802 2812 rectam
827 2749 897 2829 EF,
920 2747 983 2812 nisi
1005 2746 1091 2835 quod
1112 2747 1209 2813 isthic
1233 2769 1324 2813 arcus
1349 2745 1403 2813 Du
1424 2747 1460 2813 in

282 2932 285 2937 ¹
401 2847 512 2913 rariori
537 2848 643 2914 medio
664 2849 815 2932 decursus
837 2859 1019 2936 tangentem
1046 2849 1253 2938 aliquousque
1275 2861 1459 2938 praetergre-

402 2945 498 3013 ditur.
544 2948 585 3015 Id
606 2949 691 3036 quod
713 2951 865 3017 eximiam
887 2951 969 3017 radii
991 2951 1199 3018 subtilitatem
1222 2951 1457 3033 considerando,

403 3071 562 3138 quamque
590 3052 764 3141 perexiguo
790 3053 888 3119 distet
909 3053 1076 3120 intervallo
1098 3067 1251 3142 punctum
1274 3053 1293 3120 δ
1313 3078 1333 3120 a
1354 3077 1460 3122 curvae

402 3153 520 3219 vertice
540 3154 581 3234 B,
604 3154 727 3221 nullam
751 3156 881 3222 omnino
907 3156 1090 3228 sensibilem
1121 3158 1197 3242 (imo
1222 3181 1280 3224 nec
1301 3157 1459 3245 imagina-

402 3255 512 3341 bilem)
534 3256 663 3323 inducet
678 3257 899 3325 differentiam.
944 3259 1128 3339 Quantillus
1144 3260 1229 3326 enim
1247 3260 1308 3328 istc
1322 3260 1460 3327 circulus

403 3379 474 3426 esse
489 3357 593 3442 debet,
609 3359 643 3425 in
659 3382 723 3448 quo
737 3361 856 3427 chorda
870 3360 929 3442 Βδ,
947 3362 1029 3429 radii
1044 3363 1213 3429 latitudine
1226 3363 1334 3452 paullo
1348 3363 1458 3451 major,

402 3483 510 3527 arcum
524 3461 694 3530 subtendet
708 3463 817 3551 aliqua
831 3487 904 3531 cum
919 3465 987 3554 ejus
1002 3465 1147 3532 sensibili
1161 3476 1250 3554 parte
1264 3465 1462 3552 comparabi-

402 3563 493 3631 lem?
521 3574 626 3652 potest
646 3567 749 3654 igitur
768 3567 907 3655 angulus
932 3566 1008 3634 ΖΒδ
1030 3567 1161 3656 aequalis
1184 3568 1319 3658 supponi
1341 3567 1461 3654 angulo

402 3662 507 3748 ZBF3
532 3690 596 3756 quo
615 3691 763 3737 concesso
782 3671 904 3760 reliqua
923 3672 1023 3738 fluent
1037 3671 1147 3739 eodem
1162 3682 1280 3752 tenore,
1300 3693 1364 3760 quo
1379 3693 1464 3759 pru-⁴

304 3830 307 3835 ,
403 3769 557 3838 cedentia.
604 3771 691 3852 Quin
715 3795 781 3838 una
806 3774 960 3840 rationem
990 3774 1196 3842 exhibuimus
1222 3774 1460 3863 suppositionis,

403 3893 475 3961 quae
493 3873 613 3962 passim
634 3877 677 3943 ab
696 3875 821 3964 Opticis
842 3878 1013 3966 accipitur;
1036 3878 1082 3943 ita
1100 3888 1207 3944 tamen
1221 3877 1371 3966 precario,
1394 3897 1462 3942 non

403 3984 441 4041 ut
454 3976 591 4044 subinde
605 3978 731 4044 nullum
746 3979 780 4044 in
794 3981 997 4047 audientibus
1012 3981 1194 4070 scrupulum
1209 3980 1386 4068 relinquat3
1401 4001 1463 4046 nee

404 4088 441 4146 ut
454 4101 578 4167 semper
592 4080 731 4148 adsensu
743 4083 835 4149 firmo
850 4084 1047 4153 concedatur.

469 4274 533 4342 XI.
578 4276 631 4343 Ita
655 4271 821 4367 primarias
846 4280 924 4347 istas
949 4280 1032 4348 circa
1060 4279 1219 4347 radiorum
1248 4279 1462 4347 inflectionem

405 4376 609 4466 Hypotheses
624 4381 688 4467 (vel
701 4382 877 4451 Axiomata
892 4384 1021 4465 malitis,
1037 4396 1092 4451 aut
1107 4384 1330 4469 Theoremata)
1344 4384 1462 4472 quibus

405 4480 507 4547 omnis
525 4481 683 4551 incumbit
701 4484 818 4573 Optica
838 4487 1054 4576 cujuscunque
1072 4488 1197 4576 generis
1217 4487 1359 4569 scicntia,
1380 4509 1461 4575 qua·
