3167 5192
300 440 365 507 294
636 449 822 507 menoses
845 448 1117 507 rrsrrrunsrrcn.
1165 450 1168 455 “
1232 440 1339 527 [neor.
1353 460 1462 511 xv111.

364 626 438 692 Hoc
457 626 553 693 etiam
575 616 759 694 observtsse
778 626 906 693 videtur
924 624 1083 693 Aristides
1094 624 1330 707 Quintilianus,
1358 648 1463 715 quum

300 727 517 795 Geometn'cas
537 739 568 795 ct
586 729 814 795 Arithmeticas
834 740 1025 818 quantorum
1047 728 1185 817 σκέψεις
1203 730 1250 795 ita
1268 729 1462 818 distinguit;

299 833 420 897 Διττοῦ
439 830 529 902 ὄντος
548 835 605 898 τοῦ
625 835 742 906 ποσοῦ,
756 834 814 898 τοῦ
833 830 893 916 μὲν
912 835 1068 921 συνεχοῦς
1088 830 1258 901 &mem
1277 830 1360 897 οὖσιι
1380 859 1464 915 γεω-

298 935 422 1022 μετρία,
439 934 521 1001 κατὰ
536 934 668 1018 μέγεθος
681 936 823 1002 ποιοῦσα
836 932 910 1005 τοὺς
922 933 1041 1019 λόγους
1056 933 1119 999 ὅλα
1138 932 1251 1021 μέρεσι
1269 936 1334 999 τῶν
1352 932 1465 1002 αὐτῶν

298 1038 528 1127 συγκρίνονσιι·
557 1036 596 1103 τὸ
625 1037 660 1103 δὲ
690 1036 942 1121 δισσοημυτικὸν
972 1036 1165 1127 ἀριθμητικὴ
1194 1036 1461 1121 γνωμοτεύουσιι,

298 1146 473 1233 μερίζουσα
487 1145 525 1211 τὸ
539 1144 625 1226 ὅλον,
641 1142 700 1216 τὰς
714 1148 779 1210 τῶν
791 1147 897 1233 μερῶν
910 1143 993 1232 πρὸς
1012 1144 1147 1226 ἄλληλα
1165 1150 1305 1211 ποιεῖται
1325 1146 1463 1235 συγκρί-

299 1273 375 1317 σεις.
420 1247 500 1327 Quas
524 1249 623 1314 verba
648 1248 725 1313 satis
750 1249 883 1313 obscura
908 1246 954 1311 sic
979 1246 1110 1335 accipio,
1135 1248 1232 1313 Ratio
1263 1248 1462 1315 Geonaetn'cc

297 1364 458 1437 comparat
471 1352 643 1439 inaequalia
659 1352 720 1417 duo
739 1364 867 1439 quante,
883 1352 939 1417 doc
957 1364 1009 1432 est,
1034 1364 1129 1417 totam
1150 1364 1178 1417 et
1195 1364 1332 1439 partem,
1347 1375 1463 1418 secun·

297 1452 375 1518 dom
395 1478 469 1519 suos
488 1455 627 1543 ιροοιτιιη
650 1455 837 1542 quantitates
841 1480 858 1538 ,·
880 1466 914 1519 at
935 1456 1017 1520 rotro
1038 1456 1247 1520 Am'ttoatica
1268 1468 1463 1543 quantorum

297 1556 501 1644 inaequalium
522 1557 714 1643 differentius
737 1568 877 1644 spatam
903 1568 1128 1645 consequentem
1154 1557 1328 1637 leoninum,
1351 1568 1383 1622 et
1402 1580 1462 1622 ec·

297 1684 414 1727 cescum
428 1660 600 1726 conderet
613 1672 648 1725 ut
655 1672 767 1748 partes
781 1659 997 1724 concedentes.

364 1762 430 1830 Sed
448 1762 621 1851 respondeo
643 1760 791 1841 secundo,
815 1760 920 1825 forsan
942 1759 1105 1842 Euclides,
1126 1782 1198 1827 cum
1219 1771 1362 1828 veterum
1382 1762 1462 1829 aliis

297 1873 390 1930 antea
410 1864 525 1945 citatis,
544 1864 639 1929 istam
658 1862 905 1928 Arithmeticam
925 1873 1115 1950 quantorum
1135 1862 1254 1951 σχέσιν
1271 1886 1336 1929 non
1356 1886 1462 1951 agno-

296 1968 387 2048 verit,
409 1966 522 2032 saltem
542 1988 562 2031 a
580 1965 760 2032 Geometn's
779 1964 902 2031 nullam
921 1966 1101 2032 habendam
1121 1967 1189 2054 ejus
1207 1968 1362 2033 rationem
1381 1990 1461 2034 cen-

296 2070 411 2150 suerit3
431 2068 570 2157 satisque
584 2068 715 2156 proinde
730 2068 837 2134 visum
852 2070 881 2135 si
895 2069 999 2151 fucrit,
1016 2070 1043 2136 si
1062 2069 1205 2136 definitio
1225 2094 1283 2139 sua
1300 2094 1460 2158 congrue-

296 2183 343 2241 ret
358 2172 505 2240 omnibus
523 2181 555 2238 et
574 2172 650 2237 solis
668 2172 739 2238 istis
756 2182 946 2260 quantorum
965 2174 1167 2261 συγκρισεσι,
1182 2196 1263 2262 quas
1280 2175 1459 2242 secundum

296 2276 504 2365 quantitatem
527 2274 699 2341 instituunt
721 2274 910 2342 Geometrae.
955 2273 1042 2341 Nam
1064 2286 1255 2363 quantorum
1281 2276 1458 2345 dimensio-

295 2380 390 2446 nibus
405 2389 437 2446 et
451 2379 534 2460 aliis,
550 2376 655 2466 quoad
670 2379 808 2467 speciem
823 2389 855 2445 et
873 2379 971 2445 situm
985 2379 1280 2460 determinantibus,
1295 2380 1347 2466 qni
1363 2379 1459 2447 Geo-

295 2495 404 2551 metras
424 2482 511 2570 scopi
528 2481 682 2571 praecipui
701 2493 776 2548 sunt
796 2492 852 2547 aut
869 2482 939 2564 soli,
960 2483 1100 2549 sufficere
1118 2482 1245 2549 videtur
1263 2482 1353 2548 istius
1369 2482 1458 2549 rela-

294 2589 391 2655 tionis
416 2584 635 2655 consideratio.
679 2583 713 2649 N
713 2607 749 2650 ec
775 2584 871 2650 aliam
895 2584 958 2651 fere
984 2585 1103 2672 vulgus
1129 2586 1234 2673 ipsum
1261 2595 1454 2672 quantorum
1567 2596 1568 2679 l

293 2692 431 2779 concipit
447 2690 651 2756 relationem:
679 2688 796 2754 etenim
816 2710 888 2753 cum
907 2689 1006 2775 vulgo
1024 2698 1170 2776 quaerunt
1187 2687 1331 2754 homines
1350 2710 1456 2776 quan-
1567 2700 1568 2733 ³

293 2808 362 2859 tum
378 2804 426 2860 cst
440 2794 500 2859 hoc
514 2792 567 2858 vel
582 2791 672 2867 illud,
687 2791 770 2856 nihil
783 2790 950 2879 inquirunt
965 2790 1063 2873 aliud,
1079 2815 1175 2879 quam
1189 2791 1313 2880 quoties
1327 2789 1362 2857 id
1376 2813 1455 2857 con·
1567 2780 1568 2859 l

292 2898 374 2962 tinet
387 2906 503 2962 statam
518 2895 658 2982 aliquam
673 2902 705 2960 et
719 2894 917 2960 familiariter
934 2895 997 2960 sibi
1017 2896 1177 2982 cognitam
1194 2920 1382 2979 mensuram,
1398 2900 1453 2966 vel
1567 2926 1568 2929 ¹

292 2997 417 3085 quoties
435 2996 471 3061 in
493 2996 551 3060 illa
569 2996 757 3077 continetur,
778 2996 840 3061 hoc
859 3006 917 3078 est,
938 2995 1008 3083 ejus
1028 2997 1173 3064 adhunc
1193 3021 1374 3067 mensuram
1394 3024 1454 3067 cx·

292 3098 422 3187 quinmt
435 3096 590 3163 rationem
605 3097 850 3165 Geometn‘cam.

356 3199 452 3265 Addo
466 3198 568 3279 tertio,
588 3198 673 3285 quod
686 3199 797 3267 relatio
813 3201 987 3268 secundm
1008 3200 1228 3287 differentiam,
1249 3228 1321 3271 cum
1341 3206 1456 3294 expri-

291 3305 390 3370 mitur
408 3326 540 3370 numcrc
558 3314 810 3392 comparatcmm
829 3305 1034 3372 terminorum
1056 3306 1194 3395 aliquem
1214 3307 1452 3391 denominante,

290 3409 348 3476 vix
363 3409 467 3497 reipsa
480 3406 604 3473 differat
619 3430 639 3472 a
651 3408 773 3475 ratione
788 3407 998 3474 Geometrics.
1041 3408 1091 3475 Ut
1105 3433 1177 3476 cum
1192 3410 1264 3477 dico
1278 3412 1311 3477 B
1322 3412 1455 3479 excedit

289 3514 321 3577 A
338 3535 394 3600 per
409 3512 472 3592 se,
488 3509 573 3576 idem
596 3521 694 3577 astae
709 3510 737 3575 si
754 3509 891 3576 dicerem
910 3511 944 3576 B
961 3522 1009 3577 est
1026 3512 1238 3602 quadruplum
1258 3516 1315 3581 τοῦ
1334 3516 1379 3596 Α,
1397 3515 1453 3581 vel

289 3615 378 3681 adA
392 3613 500 3679 referri
521 3612 603 3677 sicut
624 3620 644 3677 4
666 3611 708 3677 ad
731 3620 759 3679 l.
804 3611 874 3677 Aut
896 3612 923 3677 si
945 3610 1080 3679 dicerem
1102 3614 1136 3679 B
1154 3615 1305 3682 excedere
1326 3617 1359 3682 Α
1382 3626 1452 3687 unt

287 3718 382 3786 tertia
400 3716 501 3806 ipsius
514 3716 554 3797 B,
574 3715 704 3804 perinde
724 3724 773 3780 est
792 3736 829 3779 ac
848 3714 876 3779 si
895 3714 1041 3798 dicerem,
1063 3726 1094 3783 et
1113 3716 1190 3783 hinc
1208 3718 1300 3785 facile
1319 3742 1451 3788 consec-

287 3832 382 3903 tatur,
403 3822 436 3886 B
452 3844 521 3888 esse
542 3818 777 3907 sesquitertium
798 3818 899 3906 ipsius
921 3818 964 3899 A,
987 3818 1040 3886 vel
1060 3819 1176 3887 habere
1196 3844 1229 3888 se
1249 3820 1291 3888 ad
1312 3823 1345 3888 Α
1368 3834 1406 3891 ut
1427 3834 1449 3893 3
1567 3864 1568 3915 p

287 3926 329 3992 ad
344 3936 373 3992 2.
414 3924 466 3992 Ac
480 3925 544 3992 huc
557 3923 637 3991 forte
650 3922 856 4009 respexerint,
872 3918 928 4009 qui
943 3921 1096 3988 rationem
1110 3924 1280 3991 consistere
1295 3924 1450 3996 dixerunt
1567 3930 1568 3941 ³

708 4130 1011 4143 ——-.-—--

337 4280 477 4336 Aristidas
497 4278 683 4347 Quintilianus
702 4298 738 4339 on
758 4282 809 4340 tho
830 4282 992 4341 differanoss
1012 4282 1044 4340 ol
1061 4282 1245 4341 Geometricsl
1267 4283 1324 4340 aud
1347 4284 1447 4341 Anth-
1567 4238 1568 4315 i

284 4365 395 4423 mstical
410 4364 601 4435 speculatione.

335 4450 435 4507 Euclid
446 4449 496 4506 did
506 4454 557 4506 not
567 4449 664 4506 intend
675 4453 705 4507 to
716 4451 827 4509 include
837 4469 915 4510 mors
926 4454 995 4509 than
1005 4454 1182 4525 geometrionl
1193 4452 1272 4511 ratio.

333 4538 399 4594 This
410 4552 508 4608 οτι-σοι
518 4534 585 4592 with
597 4534 646 4591 tho
656 4536 734 4592 usual
746 4537 828 4594 mods
840 4538 872 4593 ol
879 4538 1029 4609 rackoning
1041 4538 1209 4595 differsmas
