3167 5192
107 425 205 476 near.
223 407 261 493 1.]
440 421 627 473 recursans
649 421 923 472 remansuros.
1230 403 1273 470 29

106 595 161 663 vel
187 591 419 682 ἅστρομανέσι)
445 590 672 672 Genethliacis,
696 589 946 679 conjectoribus,
972 589 1100 672 dimum,
1126 600 1158 656 et
1182 589 1274 656 istius

107 698 261 764 malesani
286 696 415 763 fusuris
437 694 567 783 reliquis
588 693 786 784 propudiosis
808 692 1021 760 nebulonibus
1053 693 1274 760 attribuerem

107 802 219 888 vulgo.
264 799 361 868 Unde
387 797 499 864 Tacito
527 796 755 878 Mathematici,
788 797 895 864 emus
918 797 1078 864 dominam
1093 799 1273 886 poteaubua

107 906 256 993 infidum,
272 903 471 993 sperautrlms
479 900 601 990 fallare,
623 901 757 988 quodie
778 901 904 968 civitate
920 907 1029 968 acam
1049 925 1169 990 seraper
1189 916 1273 969 ecta-

108 1011 204 1090 ὀίων,
220 1020 250 1074 et
268 1029 387 1094 semper
401 1003 605 1071 scindetur&
649 1002 846 1091 Iegiturque
865 1004 949 1071 facta
969 1004 1066 1071 fuisse
1086 1004 1127 1071 de
1147 1003 1274 1072 Mathe-

107 1112 235 1178 maticis
248 1109 418 1196 Magisque
429 1106 524 1172 Italia
533 1105 688 1194 pellendis
699 1107 998 1174 senatusconsulta¹z
1017 1107 1272 1194 [Mathematicia

109 1214 301 1302 Magisque3
330 1235 350 1280 o
373 1211 479 1299 dispar
504 1209 698 1297 eonjugium.
745 1208 851 1278 Simili
876 1210 969 1298 plane
994 1211 1075 1298 jure,
1104 1210 1273 1300 Serpentes

108 1319 227 1384 avibus
246 1316 454 1404 geminentur,
475 1313 611 1400 tigribus
633 1312 733 1400 agni]
775 1312 897 1381 Seneca
914 1314 949 1378 in
971 1311 1274 1382 ἀποκολοκυντώσιι

108 1420 306 1488 chamna:
321 1418 433 1484 Patere
447 1417 681 1483 Mathematicus
700 1415 873 1504 adaquando
888 1441 995 1484 mrum
1012 1418 1114 1484 dacem
1131 1419 1273 1504 (genuini

108 1521 338 1602 Mathematici,
355 1519 381 1586 d
403 1517 503 1600 orl-roe,
518 1541 682 1607 nmquam
700 1541 765 1586 non
783 1541 894 1586 verum
910 1519 1030 1605 dicunt)
1048 1523 1107 1609 qut
1121 1522 1215 1588 idem
1233 1546 1274 1588 ae

40 1695 65 1726 .
107 1648 170 1712 qua
183 1626 332 1713 princeps
343 1623 454 1711 factata
468 1635 512 1688 ast
529 1623 676 1688 omnebus*
686 1623 790 1704 acub,
805 1623 947 1690 comebat
960 1625 1117 1692 mambae
1129 1625 1272 1711 epferaat.

111 1727 179 1795 Sed
199 1725 383 1815 hujusmodi
405 1747 502 1813 penes
526 1725 723 1806 Suetonium,
750 1724 909 1806 Tacitum,
933 1725 1074 1814 aliosque
1098 1726 1191 1794 istius
1211 1727 1273 1794 sevi

109 1831 281 1916 degeneres
295 1829 469 1911 historicos,
485 1839 634 1896 sexcenta
648 1839 833 1896 succurrunt
845 1830 994 1919 exempla
1001 1854 1011 1911 ;
1029 1831 1114 1898 unde
1127 1831 1270 1901 Gellius:

116 1933 236 2020 Vulpes
257 1945 361 2000 auem
383 1956 459 2020 qstos
479 1926 637 2019 periture
662 1931 808 1998 ambulo
835 1932 1000 2000 Chaldaeo
1020 1932 1121 2002 debet
1145 1947 1271 2022 oportet,

108 2037 348 2104 Mathematicus
365 2035 443 2103 dicit
448 2034 467 2103 ¹.
498 2035 578 2115 Quae
591 2035 738 2100 vocabuli
752 2034 968 2101 nobilissimas
985 2045 1019 2102 et
1035 2035 1271 2106 honestissimas

109 2140 295 2229 disciplinas
316 2138 511 2226 designantis
530 2139 676 2227 improba
696 2137 871 2226 profanatio
893 2148 1070 2226 temporum
1083 2139 1215 2206 istorum
1237 2140 1271 2205 in

108 2241 481 2332 extremambarbariem
501 2241 623 2330 impetu
641 2239 737 2306 citato
757 2239 971 2307 delabentium
992 2263 1130 2306 crassam
1143 2241 1272 2310 demon

109 2357 191 2412 strat
207 2345 384 2412 inscitiam:
406 2345 562 2432 siquidem
576 2344 718 2411 confusio
732 2345 897 2412 nominum
911 2368 1074 2433 nunquam
1088 2369 1154 2414 non
1167 2371 1271 2416 rerum

108 2450 219 2537 arguit
242 2449 443 2538 imperitiam.
487 2447 535 2515 At
559 2448 682 2516 meliori
712 2470 791 2528 aevo,
821 2473 894 2516 cum
923 2450 1008 2537 apud
1036 2449 1177 2530 Quirites
1199 2453 1272 2540 plus

109 2554 234 2641 vigeret
255 2553 388 2620 eruditio
406 2551 518 2619 melius
533 2551 704 2619 audiebant
718 2551 948 2634 Mathematici,
963 2575 1043 2640 quos
1058 2555 1101 2620 ab
1121 2554 1183 2620 ista
1196 2555 1273 2624 faece

110 2657 331 2725 circulatorum
351 2657 413 2723 sibi
427 2656 604 2723 futurorum
624 2654 855 2744 praescientiam
873 2665 1040 2742 arrogante
1061 2656 1181 2723 solicite
1194 2657 1272 2724 diri·

110 2763 173 2829 mit
194 2761 323 2829 Cicero:
345 2761 444 2842 Nam,
468 2759 523 2841 ait,
547 2783 648 2827 musas
670 2784 730 2840 eoa,
754 2761 815 2847 qai
833 2759 979 2826 ds'oa'uare
1003 2761 1161 2843 dabuntur,
1179 2787 1273 2851 passa
1326 2784 1329 2791 ’

110 2865 295 2954 respondere
325 2863 381 2932 Sol
406 2864 547 2951 mqjcrue
574 2887 669 2950 quam
704 2863 803 2930 Tetra
830 2862 898 2945 sit,·
930 2887 974 2928 aa
1005 2875 1109 2930 maura
1137 2878 1272 2951 metae

111 2969 280 3050 subiectum
302 2966 455 3054 [arenaque
475 2989 531 3032 auo
553 2963 671 3036 lamiae
685 2989 730 3030 aa
746 2963 831 3030 Solis
851 2968 981 3033 utatur?
997 2967 1054 3047 dac,
1093 2966 1175 3034 Sunt
1187 2970 1271 3036 enim
1414 3004 1417 3009 ⁴

111 3096 151 3138 aa
172 3069 473 3144 Matdauata'ccnuu
499 3092 562 3138 aco
583 3067 803 3134 Ariciam:
824 3067 969 3155 Dignum
994 3068 1097 3136 hercle
1119 3070 1271 3140 Cicerone

106 3171 452 3262 judicium-digama
465 3171 612 3260 sapum
624 3171 766 3258 bonaque.
798 3169 864 3239 Sed
877 3169 917 3236 de
927 3171 1054 3238 nomine
1065 3173 1144 3240 satis
1152 3173 1271 3242 dietum

111 3298 287 3365 superque3
310 3297 351 3341 ne
371 3273 568 3362 philologum
587 3271 693 3362 potius
716 3295 810 3360 agere
830 3273 948 3355 videar,
973 3297 1070 3363 quam
1092 3274 1271 3346 Mathema-

111 3379 436 3465 ticum-iteransque
456 3378 585 3464 antiquo
606 3401 654 3444 me
675 3376 834 3442 includere
856 3377 940 3444 lude.
985 3377 1091 3464 Igitur

177 3482 235 3548 Ad
267 3503 333 3548 rem
359 3480 533 3560 veniamus,
559 3489 591 3547 et
614 3479 653 3546 de
682 3479 864 3546 Matheseos
896 3479 1039 3567 proxime
1067 3480 1271 3569 dispiciamus

112 3585 267 3672 Object03
289 3585 411 3672 eeujua
427 3606 483 3650 seu
499 3582 597 3650 variis
611 3581 784 3671 speciebus,
801 3606 858 3649 seu
871 3581 1084 3648 diversimode
1095 3583 1272 3649 considera·

111 3689 207 3770 tione,
228 3686 385 3754 Mathesis
409 3685 479 3775 ipsa
500 3685 604 3751 varias
629 3685 663 3750 in
690 3695 795 3774 partes
819 3684 981 3752 dividitur.
1025 3683 1099 3764 Qua
1124 3707 1218 3772 super
1238 3708 1272 3752 re

111 3793 216 3880 prima
240 3790 412 3857 secundum
437 3783 571 3855 chorum
592 3787 717 3876 placita,
743 3788 965 3876 communique
986 3789 1085 3856 ferme
1107 3789 1271 3857 sentemioe

112 3917 251 3961 consona
273 3893 441 3974 trademus,
471 3901 581 3981 postea
610 3891 648 3958 de
672 3891 777 3981 reipsa
799 3891 1009 3980 disquiremus
1037 3892 1208 3974 curiosius;
1239 3904 1272 3960 et
1363 3877 1371 3890 ⁵

112 3997 206 4086 quale
227 3997 333 4087 rcipst
353 3995 508 4064 diathesis
531 3995 690 4083 objectum
712 3994 949 4084 contempletur,
973 4019 1139 4086 quousque
1158 4019 1194 4066 se
1214 4020 1271 4066 ex·

311 4131 321 4166 ¹
338 4145 356 4183 1.
369 4132 436 4183 Huc.
491 4137 497 4150 “
820 4129 831 4163 ¹
847 4132 942 4184 danai.
955 4145 975 4184 1.

309 4213 321 4248 ⁸
338 4213 394 4265 Lib.
408 4227 427 4265 1.
440 4231 494 4280 cap.
507 4227 531 4280 9.
822 4213 834 4246 ⁴
849 4213 888 4264 De
899 4213 988 4267 Dicin.

552 4348 690 4355 mu..
696 4347 856 4355 ..κὴ-.-

165 4433 196 4488 If
212 4434 227 4489 l
246 4432 330 4488 duell
345 4432 441 4502 longer
457 4447 495 4488 on
508 4431 646 4502 philology
663 4431 678 4486 1
694 4445 758 4502 may
770 4445 846 4486 wem
864 4433 896 4486 to
910 4433 1009 4486 rettrrn
1024 4434 1055 4487 to
1069 4427 1175 4501 myold
1189 4427 1272 4486 trade

112 4519 227 4590 (lating
238 4519 311 4575 been
324 4517 508 4574 Professores
518 4515 632 4591 Greek).
