3167 5192
118 394 221 447 uuor.
238 379 345 465 nuru]
468 394 656 446 merianus
677 392 954 443 ununuuaurcm.
1224 374 1286 443 271

117 565 213 647 tatis,
224 566 281 633 vel
294 586 435 631 summas
449 587 554 632 rerum
568 565 730 633 exhibitas
744 586 818 631 cum
833 563 874 631 iis
887 585 959 652 quae
970 561 1042 651 jure
1057 562 1221 645 debentur,
1233 572 1289 629 aut

117 670 242 737 merito
256 678 465 758 expectantur
479 691 670 758 comparare.

190 772 280 839 Item
302 796 375 839 cum
400 772 500 857 λόγος
522 796 628 839 rerum
650 772 801 853 valorem,
824 772 972 861 pretium,
999 771 1148 838 meritum
1173 770 1288 852 innuit,

117 874 290 964 quomodo
315 874 379 940 diei
401 874 482 943 solet
505 875 539 941 ἐν
563 874 666 942 οὐδενὶ
687 874 777 964 λόγῳ
801 874 963 942 τίθεσθαι·
996 873 1083 962 quod
1105 873 1288 959 negligitur,

119 979 345 1067 posthabetur,
360 978 578 1067 vilipenditur,
599 978 664 1045 οὐδ’
685 980 720 1045 ἐν
739 978 839 1067 λόγῳ,
861 978 925 1045 οὐδ’
949 979 983 1045 ἐν
1004 978 1139 1069 ἀριθμῷ,
1155 976 1241 1064 quod
1255 977 1290 1043 in

118 1084 220 1151 nulla
241 1085 372 1165 ratione,
395 1085 485 1151 nullo
505 1107 638 1152 numero
657 1096 715 1168 est,
738 1086 798 1153 hoc
821 1096 879 1167 est,
903 1086 1003 1151 irrstar
1026 1083 1120 1149 nihili
1142 1083 1290 1164 habetem,

121 1189 160 1253 in
174 1210 309 1255 censum
324 1209 390 1254 non
404 1188 502 1268 venit,
517 1187 703 1276 neutiquam
718 1196 928 1275 computatur.
975 1185 1160 1275 Sophocles,

377 1346 438 1409 ob<
457 1346 493 1409 ἅν
512 1349 649 1427 πριαίμην
668 1347 780 1413 οὐδενος
799 1348 889 1431 λόγου
908 1348 1024 1428 βρότον,

372 1445 476 1512 Ὅστις
495 1449 620 1508 κεναῖσιν
640 1445 755 1507 ἐλπίσιν
775 1447 962 1524 θερμαίνεται.

126 1595 208 1661 Νοα
230 1600 322 1661 cassa
342 1617 423 1661 nuce
443 1594 607 1661 hominem
628 1595 804 1683 emptitem,
820 1594 876 1683 qui
898 1600 983 1661 vana
1004 1616 1060 1682 spe
1081 1594 1191 1661 fervet.
1235 1592 1294 1662 Ἐν

127 1700 224 1789 λόγῳ
244 1697 334 1770 orote
353 1699 528 1779 ποιεῖσθαι,
544 1698 629 1765 dixit
652 1721 881 1787 nonnunquam
900 1721 958 1787 pro
973 1698 1060 1766 Deos
1074 1697 1236 1779 venerari3
1262 1708 1295 1765 et

128 1805 235 1887 λόγον
258 1803 384 1871 δικαίου
407 1803 574 1870 ποιεῖσθαι
595 1802 878 1869 Demosthenicum
900 1812 959 1885 est,
982 1824 1040 1891 pro
1064 1802 1224 1889 justitiam
1245 1825 1295 1869 re-

130 1909 257 1997 spicere
278 1908 331 1975 vel
351 1908 518 1995 suspicere,
543 1930 608 1973 nou
629 1929 687 1994 pro
709 1906 812 1991 nihilo
836 1907 959 1975 ducere.
1003 1906 1100 1973 Addo
1121 1905 1293 1989 Galeuum,

131 2012 217 2078 ’Fari
239 2010 372 2079 πάντων
394 2014 459 2077 τῶν
482 2011 680 2094 ζητουμένων
702 2010 748 2082 εἰς
769 2009 869 2094 λόγον
893 2010 959 2101 χρὴ
981 2010 1295 2097 μεταλαμβάνεσθαι

131 2114 277 2201 τοῦνομα
282 2116 302 2197 ¹,
317 2116 353 2180 in
370 2114 459 2181 omni
477 2114 697 2202 disquisitione
714 2137 830 2182 nomen
844 2116 949 2204 ipsum
964 2116 998 2181 in
1013 2115 1295 2183 considerationem

131 2218 258 2287 assumi
271 2217 377 2285 debet.

202 2320 334 2389 Scilicet
347 2320 382 2385 in
395 2317 580 2407 hujusmodi
593 2318 808 2385 locutionibus
821 2318 919 2403 λόγος
933 2319 1073 2408 aliquam
1087 2342 1192 2387 rerum
1206 2342 1297 2407 mag·

132 2424 328 2505 nitudinem,
343 2422 421 2503 vim,
435 2421 612 2511 potentiam
626 2420 748 2488 calculo
763 2421 815 2488 vel
831 2422 966 2488 aestimio
984 2421 1159 2510 subjectam
1179 2423 1296 2509 signat.

133 2527 320 2613 Parumque
338 2525 465 2592 videtur
484 2524 561 2591 hinc
580 2524 730 2591 abludere
749 2524 835 2611 quod
854 2524 951 2608 λόγος
971 2523 1106 2590 subinde
1125 2547 1183 2611 pro
1203 2530 1299 2591 camb

134 2632 184 2697 rei
202 2630 257 2697 vel
276 2629 457 2697 conditione
473 2629 611 2716 ponitur,
627 2628 688 2694 hoc
702 2637 760 2709 est,
774 2649 834 2715 pro
848 2648 885 2693 eo
899 2625 985 2715 quod
1000 2626 1190 2693 considerari
1205 2628 1300 2695 debet

133 2743 169 2801 et
200 2732 383 2821 requiritur,
415 2741 452 2797 ut
482 2730 605 2819 aliquid
634 2732 701 2797 fiat.
758 2729 863 2813 Plato,
889 2731 992 2819 Ithn‘st.
1019 2746 1083 2797 v11.
1110 2730 1156 2797 ud
1182 2730 1300 2799 mones

135 2836 298 2917 Οἷαείους,
320 2833 409 2919 ἥξειν
424 2834 552 2922 (inquit)
577 2832 776 2917 ὡμολόγησα
799 2833 854 2900 ἐπὶ
875 2830 1000 2907 τούτοις
1021 2837 1088 2905 τοῖς
1108 2832 1228 2919 λόγοις,
1247 2835 1299 2902 his

136 2938 377 3007 conditionibus
393 2939 457 3005 huc
472 2962 525 3005 me
541 2948 712 3004 venturum
732 2938 874 3025 promisi.
920 2938 1087 3026 Δέχεσθαι
1108 2936 1216 3021 λογον,
1233 2939 1300 3005 usi·

136 3052 227 3109 tatur
245 3065 265 3107 a
283 3040 499 3109 Demosthene
518 3063 575 3129 pro
589 3064 718 3108 causam
732 3063 910 3128 agnoscere,
926 3040 979 3109 vel
993 3040 1204 3110 conditionem
1218 3043 1301 3109 acci-

137 3169 226 3236 pere.
280 3145 339 3217 Εἰς
362 3146 462 3229 λόγον
489 3144 614 3233 ἀρετῆς,
644 3152 771 3233 propter
796 3144 948 3211 virtutem
973 3144 1055 3211 affici
1080 3147 1221 3233 praemio,
1246 3146 1300 3215 vel

137 3248 240 3316 laude
265 3247 415 3316 decorari.
458 3248 505 3314 Et
534 3246 578 3320 εἰς
606 3246 706 3331 λόγον
734 3246 857 3327 κακίας,
881 3269 938 3335 pro
962 3247 1042 3315 vitio
1068 3247 1154 3317 luere
1170 3272 1299 3338 poenas,

138 3354 301 3441 vituperio
315 3352 478 3433 defamari,
493 3360 569 3418 sunt
583 3351 761 3418 emtoribus
782 3349 907 3418 Graecis
929 3352 963 3418 in
985 3375 1046 3419 usu
1067 3352 1218 3440 loquendi
1238 3353 1302 3420 for-

139 3456 259 3523 mula:
280 3466 410 3544 propter
428 3455 580 3521 virtutem
599 3465 632 3521 et
648 3453 774 3535 vidum,
791 3454 853 3521 hoe
872 3463 929 3535 est,
950 3476 993 3519 ex
1011 3454 1129 3521 virtute
1148 3455 1201 3520 vel
1221 3455 1302 3522 vitio

141 3558 361 3642 consideratis,
371 3560 469 3648 juxta
482 3558 650 3625 moralium
663 3568 892 3646 praeceptorum
906 3578 1032 3622 normas
1046 3557 1247 3624 examinatis.

209 3662 262 3728 Eo
275 3672 402 3729 tantum
415 3660 484 3727 hese
504 3660 597 3727 anuli
618 3682 682 3747 quo
704 3669 861 3727 constaret
881 3682 901 3724 a
923 3658 1102 3726 Geometris
1123 3660 1302 3727 adhibitum

141 3763 278 3851 hujusce
298 3762 448 3830 vocabuli
469 3784 597 3829 sensum
616 3761 704 3827 haud
720 3760 767 3827 ita
782 3761 878 3849 longe
898 3761 1042 3828 recedere
1061 3763 1103 3830 ab
1122 3785 1185 3828 usu
1204 3762 1303 3851 scrip-

143 3879 231 3934 tores
259 3867 346 3955 apud
374 3866 454 3932 ahos
482 3875 608 3954 recepto
637 3864 779 3953 satisque
807 3864 1015 3953 pervulgato;
1049 3888 1108 3933 nec
1137 3866 1304 3935 abhorrere

143 3981 286 4037 nostram
307 3992 327 4035 a
349 3968 510 4035 communi
530 3990 617 4034 more
637 3966 789 4055 loquendi
812 3968 1081 4036 consuetudinem.

211 4072 306 4139 Idem
333 4070 458 4138 ostendi
482 4080 606 4158 poterat
630 4069 670 4137 de
695 4070 813 4135 Latinb
837 4094 914 4139 voce
939 4074 1032 4154 ναοῖο,
1060 4096 1131 4161 quae
1157 4072 1303 4143 Graecam

573 4202 584 4235 ¹
601 4205 640 4255 De
650 4204 725 4256 Mat.
738 4204 806 4256 Med.
820 4217 839 4257 1.
854 4222 877 4271 5.

201 4452 229 4506 Δ
247 4450 407 4517 condition3
424 4466 442 4505 a
458 4450 567 4505 reward
584 4466 617 4505 or
633 4449 819 4522 punishment

202 4538 240 4593 8ο
256 4537 307 4594 the
325 4537 408 4594 latin
426 4538 510 4594 ratio.
549 4538 592 4594 Its
609 4538 769 4609 etymology.
