3167 5192
312 368 377 433 288
653 378 839 429 tacrrouns
862 377 1136 427 nrrnnnrrrcn.
1243 360 1345 444 [unm.
1361 374 1474 423 xrru.

312 552 381 641 ipse
396 551 556 630 diffitetur,
572 547 710 615 rationes
725 546 880 634 quasdam
895 544 963 611 dari
979 543 1118 627 ἀλόγους
1131 553 1165 611 et
1181 542 1344 632 ᾰῤῥὴιους,
1359 544 1477 611 surdas

311 665 344 722 et
365 656 505 720 numeris
528 651 788 741 inexplicabilem
820 661 854 718 at
876 649 967 716 nulla
992 648 1086 715 datur
1113 648 1149 715 in
1171 647 1353 715 universum
1377 648 1475 729 ratio,

311 781 383 846 quae
398 758 432 824 in
447 756 589 845 cujusvis
603 755 728 843 generis
742 752 1017 841 magnitudinibus
1032 752 1144 839 nequit
1158 751 1314 819 exhiberi.
1350 750 1476 817 Nume-

185 924 194 941 ,
310 882 365 927 rus
389 859 488 947 igitur
510 858 650 946 ineptius
675 856 852 923 adsumitur
878 878 935 944 pro
961 854 1094 920 rationis
1120 853 1285 941 adaequato
1310 854 1474 941 subjecta

310 960 498 1048 magnitudo
513 959 650 1026 multum
667 959 770 1048 aptior
786 968 845 1041 est,
860 966 971 1047 utpote
992 956 1043 1024 cui
1065 955 1174 1024 nullus
1194 956 1326 1023 rationis
1347 956 1474 1035 modus.

311 1063 402 1130 nulla
415 1063 535 1151 species
550 1084 615 1129 non
629 1061 787 1128 convenit.

377 1165 524 1235 Secundo
545 1164 728 1253 respondeo,
751 1186 824 1230 omn
849 1164 897 1249 (ut
919 1162 988 1251 jam
1011 1162 1088 1231 olim
1110 1161 1237 1230 abunde
1258 1161 1340 1227 mihi
1362 1160 1474 1228 videor

311 1269 543 1359 comprobasse)
560 1267 748 1355 magnitudo
763 1267 806 1333 sit
820 1266 1016 1354 praecipuum
1033 1276 1066 1331 et
1084 1266 1186 1333 solnm
1205 1265 1331 1355 proprie
1351 1266 1473 1331 dictum

310 1396 413 1460 genus
428 1372 625 1460 quantitatis,
638 1382 670 1438 et
684 1371 806 1459 reliqua
820 1393 884 1437 nou
898 1370 961 1436 nisi
977 1369 1062 1436 κατὰ
1076 1369 1204 1459 σχέσιν,
1220 1368 1306 1435 ατὰ
1318 1366 1474 1457 μετοχὴν,

312 1474 382 1542 κατ’
398 1474 585 1560 ἀναλογίαν,
601 1476 742 1563 adeoque
756 1498 821 1541 non
835 1474 900 1540 nisi
915 1473 1099 1541 secundario
1114 1483 1304 1560 quantorum
1320 1473 1474 1539 attributa

311 1578 375 1647 sibi
389 1578 562 1659 vindicent,
579 1600 714 1665 cumque
728 1600 787 1644 nos
803 1577 837 1642 id
852 1578 933 1644 bene
953 1576 1064 1643 doceat
1082 1575 1305 1664 Philosophus,
1322 1575 1357 1641 id
1376 1576 1474 1641 ratio·

297 1702 383 1750 nem
405 1682 533 1769 exigere
554 1680 676 1762 talium,
700 1682 764 1746 τῶν
785 1678 867 1767 πρὸς
888 1678 932 1760 ἓν,
955 1678 1008 1745 vel
1030 1678 1246 1765 analogorum‚
1261 1688 1298 1744 ut
1313 1701 1386 1766 quae
1407 1678 1474 1767 pri·

311 1785 413 1852 maria
436 1795 510 1851 sunt
533 1808 641 1850 eorum
665 1793 809 1871 respectu
833 1782 1013 1849 communia
1036 1792 1250 1869 symptomata
1274 1783 1417 1863 seorsim,
1442 1792 1474 1847 et

309 1887 469 1977 imprimis
499 1887 690 1954 definiantur
719 1884 925 1971 (Ἄποδοτέον
953 1883 1034 1973 πρὸς
1063 1885 1101 1951 τὸ
1129 1890 1258 1973 πρῶτον
1286 1886 1321 1951 ἐν
1351 1884 1473 1971 ἑκάστῃ

309 1989 487 2078 κατιῃορίᾳ
510 1992 580 2060 πῶς
604 1988 685 2077 πρὸς
707 1989 808 2055 ἐκεῖνο
833 1988 977 2073 λέγεται·
999 2000 1042 2070 et,
1057 1986 1100 2053 ‘O
1123 1989 1258 2077 πρώτως
1279 1988 1335 2055 καὶ
1357 1988 1473 2061 ἁπλῶς

309 2093 445 2184 ὁρισμὸς
465 2096 529 2159 cdv
548 2090 661 2159 ἄλλων
675 2090 790 2177 ὁμοίως
805 2092 886 2174 ἐστὶ,
909 2091 999 2175 πλὴν
1020 2090 1057 2158 οὖ
1079 2090 1470 2182 erpolrwe¹),hincme1ito

306 2196 568 2285 magnitudinum
593 2196 673 2261 ratio
698 2197 839 2284 primum
861 2196 1009 2262 definitur
1032 2205 1064 2263 et
1089 2197 1268 2284 separatim,
1291 2196 1385 2284 eique
1405 2196 1469 2285 pri·

309 2303 410 2369 mario
425 2300 615 2368 conveniens
630 2299 772 2366 definitio
787 2299 835 2365 nil
850 2299 965 2380 obstat,
981 2299 1060 2387 quin
1075 2300 1116 2365 ad
1127 2300 1264 2370 aliorum
1279 2312 1468 2388 quantorum

310 2406 447 2474 rationes
462 2404 625 2492 analogice
640 2402 854 2469 transferatur.
895 2402 941 2467 Et
955 2426 1030 2469 sane
1045 2402 1198 2491 quioquid
1212 2404 1464 2491 magnitudinum

309 2508 485 2576 rationibus
506 2530 580 2574 vere
602 2506 761 2586 tribuitur,
780 2514 813 2572 et
835 2505 875 2572 de
897 2506 937 2571 iis
959 2505 1199 2589 demonstratur,
1223 2506 1256 2572 id
1278 2516 1464 2595 quantorum

308 2612 451 2679 omnium
479 2611 655 2677 rationibus
684 2617 795 2675 exacte
823 2609 988 2695 congruit;
1025 2620 1183 2698 quatenus
1211 2611 1320 2677 omnia
1348 2622 1464 2698 quanta

308 2726 402 2803 prout
418 2715 522 2804 ipsam
545 2737 637 2781 suam
658 2712 838 2779 absolutam
858 2712 1076 2798 quantitatem,
1096 2713 1142 2779 ita
1161 2714 1372 2802 respoefivam
1392 2737 1464 2803 quo,

308 2918 439 2984 habent.

307 2841 370 2905 que
384 2828 610 2904 consequenter
624 2840 644 2882 a
657 2814 879 2903 magnitudine
893 2814 1124 2902 dependentem
1143 2826 1176 2883 et
1194 2816 1462 2886 determinandam

372 3020 562 3106 Respondeo
584 3021 686 3103 tertio,
707 3021 855 3088 elementi
877 3020 919 3089 V.
943 3021 1145 3106 conditorem,
1165 3046 1238 3091 eum
1256 3024 1353 3109 (sicut
1373 3025 1463 3113 paulo

303 3122 461 3209 jamenta
480 3122 689 3207 insinuatum)
709 3123 967 3210 magnitudinum
987 3124 1123 3193 rationes
1142 3127 1236 3194 rebus
1256 3125 1464 3195 Geometricis
1554 3120 1555 3195 l

306 3222 457 3310 illigatas,
474 3223 602 3289 sibimet
623 3223 715 3289 unice
736 3237 925 3313 proponeret
946 3227 1161 3309 excutiendas,
1181 3228 1253 3295 ideo
1268 3230 1348 3295 satis
1364 3231 1463 3297 habu·

306 3326 370 3394 isse
391 3326 420 3392 si
439 3326 595 3394 duntaxat
616 3327 757 3417 ipsarum
778 3339 925 3395 naturam
948 3340 1055 3416 aperte
1077 3331 1274 3417 profiteretur
1295 3354 1462 3421 exponere

309 3428 521 3501 scientiarum
536 3432 678 3498 omnium
692 3430 929 3520 particularium
944 3431 1109 3520 Magistris
1123 3434 1184 3501 hoc
1199 3434 1233 3501 in
1247 3457 1310 3501 usn
1324 3436 1462 3523 positum

307 3542 374 3601 est:
397 3532 607 3601 Grammatici
628 3535 739 3600 modos
761 3544 794 3602 et
814 3543 957 3623 tempora
978 3535 1160 3604 describunt
1181 3548 1316 3621 tantum,
1334 3549 1374 3606 ut
1395 3563 1464 3607 ver·

306 3636 419 3705 borum
440 3636 642 3705 flectionibus
663 3636 900 3724 adsignificsta:
927 3636 1090 3705 Rhetorici
1111 3650 1218 3729 tropos
1240 3650 1271 3706 et
1292 3641 1462 3723 schemata,

306 3762 372 3805 non
393 3750 431 3805 ut
451 3741 547 3807 rebus
569 3739 728 3820 omnibus,
748 3738 805 3805 sed
827 3749 866 3806 ut
888 3740 1082 3808 dictionibus
1105 3752 1137 3810 et
1160 3744 1326 3811 sententiis
1349 3768 1463 3812 conve-

306 3842 446 3911 aientia:
470 3843 607 3910 Ethicus
622 3843 759 3909 virtutes
775 3842 896 3925 definit,
912 3868 977 3912 non
996 3856 1033 3913 ut
1049 3846 1128 3934 ipsis
1147 3848 1461 3937 comprehendantur,

736 4004 746 4036 ¹
763 4004 821 4055 Met.
835 4018 876 4055 ιιι.
891 4021 922 4067 ι;
940 4018 1025 4070 v11.4.

359 4273 382 4322 2
419 4266 582 4337 Magnitudo
601 4268 625 4323 ia
641 4270 690 4325 the
705 4270 839 4342 pn’ncipel
856 4287 918 4327 casa
933 4272 964 4326 ol
976 4272 1152 4344 proportior:
1170 4272 1218 4329 the
1234 4274 1461 4334 othercmesare
1554 4258 1555 4265 ἵ

305 4369 475 4494 wodiml'llle
487 4438 630 4496 definitior
642 4440 666 4495 is
678 4441 711 4498 lit
722 4442 765 4497 for
776 4442 824 4499 the
835 4445 986 4514 particular
998 4444 1103 4502 sciense
1116 4446 1147 4501 of
1157 4446 1311 4516 Geometry.
