3167 5192
106 364 207 413 uuor.
224 346 290 433 1x.]
446 362 634 413 uucrrouns
656 360 932 413 uarnsuaurcn.
1205 347 1267 415 141

105 530 211 597 nullis
230 530 392 618 gravatim
411 531 550 613 admitti,
565 533 608 599 ab
627 530 699 597 aliis
718 531 815 620 plane
834 531 932 619 rejici,
954 538 1133 621 magntque
1152 534 1273 622 passim

105 634 287 723 pertinacia
307 634 348 701 de
367 640 520 723 perpetui
537 635 725 723 quantitatis
742 634 974 717 divisibilitate,
994 636 1095 723 deque
1115 638 1273 725 composi·

106 738 197 804 tione
213 738 448 826 magnitudinis
470 742 523 826 (an
538 762 580 806 ex
596 739 860 819 indivisibilibus,
876 762 917 805 an
936 763 978 805 cx
997 740 1140 827 partibus
1160 741 1272 807 homo·
1294 794 1296 801 ,

104 842 233 929 geneis)
256 842 503 908 controversiam
522 842 656 929 agitari3
685 842 752 908 scio
771 842 883 907 multis
902 842 1079 909 involutam
1103 845 1271 912 difficulta-

105 945 209 1024 tibus,
221 944 335 1011 multis
348 946 520 1010 obnoxiam
535 945 786 1011 contradictoriis
801 946 945 1031 argutiis,
958 948 998 1012 ob
1009 948 1271 1017 intervenientem

105 1048 288 1136 prasertim
303 1047 421 1113 infiniti
435 1050 529 1115 nobis
544 1048 632 1115 hand
651 1048 789 1137 perfecte
807 1049 1122 1136 comprehensibilem
1141 1075 1273 1143 concep-

105 1162 191 1219 tum.
239 1151 305 1218 Tot
327 1152 406 1218 istas
428 1154 523 1219 tricas
545 1151 714 1231 evolvere,
725 1160 774 1217 tot
797 1151 937 1217 salebras
959 1154 1140 1241 explanare,
1163 1156 1271 1225 tritam

105 1255 191 1321 adso
202 1266 427 1342 vexatamque,
438 1254 597 1343 prolixam
609 1264 705 1341 atque
715 1253 909 1341 perplexam,
923 1256 1128 1342 quaestionem
1140 1259 1272 1346 aggredi

105 1380 175 1423 uon
190 1368 242 1424 cst
255 1359 338 1424 mihi
356 1381 441 1425 nuuc
459 1359 603 1437 animus3
626 1358 785 1444 integrum
805 1357 955 1424 volumen
974 1370 1116 1426 accurate
1135 1372 1272 1449 pertrac-

106 1472 179 1526 tata
195 1463 385 1549 compleret;
408 1462 541 1527 nimiam
561 1484 670 1527 curam
689 1470 874 1547 exposceret
892 1471 924 1526 et
942 1461 1118 1548 longiorem
1139 1487 1270 1547 moram,

106 1588 212 1653 quam
233 1588 276 1631 ex
297 1588 359 1632 usn
379 1566 460 1631 foret
479 1564 511 1631 ei
527 1565 597 1651 jam
619 1564 810 1652 impendere.
856 1562 1001 1632 Sufficiat
1015 1566 1100 1654 quod
1120 1579 1272 1657 perpetua

107 1668 331 1751 divisibilitas,
355 1679 389 1735 et
410 1668 597 1756 compositio
620 1668 808 1755 quantitatis
831 1691 875 1735 ex
898 1669 1042 1757 partibus
1066 1670 1271 1758 homogeneis

107 1772 348 1853 communibus,
372 1782 409 1837 nt
437 1772 610 1853 innuimus,
639 1771 806 1837 hominum
835 1772 926 1837 idaeis
954 1773 1036 1839 bene
1063 1774 1270 1863 respondeam

107 1876 201 1964 qnod
214 1876 318 1963 ipsam
332 1875 587 1964 praestantissimi
601 1874 745 1963 plerique
759 1874 949 1964 Philosophi
968 1878 1130 1965 posuerint
1149 1891 1182 1946 et
1198 1903 1271 1969 pro·

107 1978 307 2067 pugnarint:
331 1977 425 2044 Plato
444 1977 612 2065 imprimis,
632 1978 661 2043 si
680 1978 760 2043 fides
776 1978 963 2061 Aristoteli3
987 1979 1131 2047 Πλάτων
1152 1982 1271 2071 ἄπειρα

108 2082 169 2149 δύο
185 2081 347 2163 ἐποίησεν,
363 2079 414 2147 brt
428 2079 482 2146 nul
500 2080 557 2149 ἐπὶ
574 2080 633 2164 τὴν
651 2081 789 2164 αὔξησιν
807 2081 894 2149 δοκεῖ
910 2080 1142 2171 ὑπερβάλλειν,
1159 2086 1214 2155 καὶ
1227 2086 1272 2160 εἰς

109 2186 251 2275 ἄπειρον
270 2185 359 2261 ἰέναι,
380 2183 434 2250 καὶ
448 2184 506 2251 ἐπὶ
519 2182 579 2267 τὴν
592 2184 806 2272 καθαίρεσινι·
828 2186 1016 2253 Aristoteles
1031 2188 1099 2275 ipse
1113 2190 1224 2258 multis
1236 2192 1271 2259 in

109 2293 203 2372 locis,
226 2292 324 2380 Phys.
339 2292 437 2357 Acrae.
459 2309 507 2357 vl.
526 2300 554 2357 1.
599 2292 649 2357 De
670 2292 748 2357 Gen.
763 2304 794 2357 et
820 2291 963 2379 Oorropt
979 2292 1002 2357 l.
1013 2302 1042 2373 2,
1065 2302 1098 2359 et
1118 2295 1271 2384 peculiari

109 2396 226 2463 libello
239 2418 392 2485 perquam
410 2394 543 2475 erudito,
558 2395 635 2482 περὶ
653 2394 783 2478 ἀτόμων
801 2398 967 2483 γραμμῶν,
989 2418 1053 2461 non
1072 2406 1197 2464 tantum
1220 2423 1271 2465 as·

111 2500 201 2580 serit,
217 2500 274 2565 sed
288 2498 396 2565 valide
409 2498 542 2585 probat;
564 2508 632 2565 tota
646 2499 755 2565 schola
771 2498 960 2581 Stoicorum,
975 2499 1056 2567 etin
1071 2500 1110 2567 iis
1127 2502 1273 2569 acutissi-

112 2624 184 2668 mus
200 2601 414 2689 Chrysippus,
430 2602 460 2667 ei
474 2602 640 2688 suffragati
654 2601 813 2668 dicuntur.

178 2704 372 2771 Recentium
401 2728 527 2793 quoque
555 2704 823 2794 Philosophorum
854 2704 1082 2773 subtilissimus
1111 2706 1273 2777 Cartesius

112 2809 273 2877 calculum
288 2831 382 2875 suum
397 2808 540 2896 adponit,
555 2818 588 2874 et
601 2807 719 2873 nedum
741 2807 936 2875 divisibilem
959 2830 1027 2875 esse
1049 2810 1214 2879 materiam
1236 2814 1272 2880 in

113 2922 220 3000 partes
233 2911 388 2992 infinitas,
404 2910 461 2979 sed
475 2921 548 2977 actu
565 2910 677 2992 dividi,
697 2924 885 2999 argumento
904 2912 1054 2998 Physioo,
1074 2936 1115 2980 ex
1134 2918 1271 3005 peractis

114 3014 274 3081 continuis
288 3038 345 3103 per
359 3014 546 3081 circulorum
561 3016 811 3082 excentricomm
826 3016 996 3103 inaequalia
1014 3018 1185 3088 interstitia
1203 3046 1272 3090 mo·

113 3119 201 3185 tibus
214 3119 413 3206 deprompto,
428 3140 508 3206 pene
522 3117 725 3185 demonstrat.

177 3220 316 3287 Accedit
348 3222 492 3287 omnium
525 3220 824 3288 Mathematioorum
855 3224 1048 3291 necessarius
1080 3248 1269 3319 consensum

115 3326 262 3413 quamvis
284 3325 370 3391 enim
389 3326 448 3391 vix
470 3326 531 3391 hoo
553 3347 688 3413 usquam
712 3338 819 3413 aperte
841 3337 1034 3415 supponunt,
1055 3350 1139 3417 saepe
1164 3343 1272 3401 tamen

115 3440 196 3496 tecte
215 3438 358 3509 sumunt,
378 3438 411 3495 et
429 3429 498 3495 nisi-
510 3452 620 3496 verum
641 3429 691 3510 sit,
709 3429 848 3517 ipsorum
871 3439 1020 3496 corruunt
1040 3431 1199 3519 pleraque
1218 3436 1272 3503 de-

115 3530 368 3597 monstrationes.
405 3530 555 3610 Sumuut,
575 3531 717 3618 inquam,
737 3539 775 3597 ut
796 3531 830 3595 in
852 3530 1036 3621 definitione
1055 3544 1148 3601 rectae
1168 3536 1270 3619 linea,

117 3655 173 3700 seu
187 3634 311 3700 dicatur
324 3656 367 3701 ex
382 3656 473 3721 aequo
487 3633 554 3698 suis
568 3632 734 3720 interjecta
746 3633 884 3720 punctis,
900 3656 957 3700 seu
971 3633 1140 3702 definiatur
1152 3638 1272 3706 brevis·

117 3736 197 3800 sima
210 3735 377 3815 linearum,
392 3758 464 3822 quae
479 3734 552 3800 duci
569 3742 704 3822 possunt
719 3736 761 3801 ab
774 3758 839 3801 uno
854 3746 972 3823 puncto
986 3736 1141 3806 adalind.
1185 3740 1219 3807 N
1220 3764 1271 3809 am

118 3839 290 3925 quomodo
310 3838 396 3903 linea
414 3837 539 3904 duobus
555 3838 682 3927 punctis
699 3847 857 3921 constans,
874 3840 955 3908 inter
975 3864 1032 3909 sua
1052 3854 1171 3931 puncta
1185 3845 1273 3933 jacet

119 3940 269 4007 omnino?
312 3940 358 4005 Et
378 3940 406 4006 si
426 3950 569 4006 sumatur
588 3940 699 4007 circuli
718 3942 952 4009 semidiameter
971 3956 1128 4029 constans,
1151 3972 1193 4016 ex
1216 3950 1272 4017 ad·

167 4090 179 4123 ¹
193 4092 268 4156 Phys.
281 4104 323 4141 m.
331 4091 355 4141 6.
369 4090 450 4157 [Nam
461 4096 487 4142 et
498 4092 572 4142 Plato
582 4092 683 4141 infinita
693 4092 744 4141 duo
754 4098 887 4157 proptcrea
897 4093 957 4143 lacit
967 4097 1034 4159 quod
1046 4098 1072 4147 in
1083 4103 1222 4154 socraticus
1232 4120 1273 4155 ex.

119 4173 639 4236 mpararevideturetininfinitumabim,
652 4173 869 4239 etmdivisioue.]

810 4310 855 4319 ...ο

124 4481 151 4535 di
171 4398 310 4453 Cartcsim
320 4398 401 4453 holds
412 4401 462 4453 not
472 4398 536 4467 only
547 4397 597 4453 the
608 4398 715 4453 infinito
727 4398 887 4469 divisibility
899 4400 930 4455 oi
944 4404 1046 4457 matter
1062 4400 1113 4455 but
1130 4402 1167 4457 its
1182 4403 1272 4459 actual

151 4500 241 4540 maron.
262 4496 265 4502 ·
