3167 5192
304 372 368 439 184
639 388 825 439 neormam
847 386 1122 437 annuntiantem
1274 370 1386 456 [naor.
1401 384 1466 433 xm

305 556 482 642 aequalitas.
521 555 623 643 Atqui
635 577 699 621 non
714 555 791 622 solis
807 556 1083 643 magnitudinibus
1100 555 1232 642 (quibua
1245 554 1400 621 mnrium
1413 576 1468 642 pe-

303 658 431 724 culiaris
447 669 495 725 est
510 659 580 741 ista,
597 682 653 748 pro
673 664 737 745 qut
756 682 815 725 nos
834 670 1003 735 certamus,
1020 659 1241 745 congruentit)
1261 658 1319 725 sed
1338 658 1469 745 quantia

304 760 401 827 etiam
428 760 577 827 omnibus
603 761 819 848 homogencis,
844 761 991 849 aptisque
1014 762 1100 827 natis
1122 762 1207 828 inter
1232 784 1267 827 se
1291 762 1471 849 comparari

306 868 397 953 (puta
420 864 572 946 motibus,
597 865 807 953 temporibus,
829 865 1063 940 velocitatibus,
1084 865 1289 953 ponderibus,
1308 865 1466 948 numeria)

304 991 395 1056 aequo
410 968 492 1057 jure,
508 968 577 1055 pari
594 968 726 1049 ratione,
746 968 846 1033 simili
868 968 1019 1055 loquendi
1040 967 1232 1055 proprietate
1253 967 1355 1033 tribui
1376 968 1470 1042 solet,

303 1082 337 1139 et
358 1094 431 1139 vere
453 1072 603 1138 convenit
625 1071 801 1159 aequalitas,
821 1072 881 1139 etsi
904 1071 995 1136 nulld
1015 1070 1136 1136 ratione
1158 1070 1293 1158 quadret
1314 1082 1373 1138 aut
1392 1094 1471 1135 con·

304 1184 398 1259 gruat
412 1174 458 1241 eis
474 1174 662 1261 ἐφάρμοσις,
682 1172 739 1261 (Td
753 1173 818 1261 (γὰρ
833 1174 905 1239 ἴσον
924 1173 979 1239 καὶ
996 1173 1118 1254 ἄνισον,
1134 1173 1190 1239 καὶ
1207 1172 1245 1239 τὸ
1261 1172 1342 1241 ὅλον
1357 1173 1417 1240 md
1434 1174 1474 1239 τὸ

303 1278 407 1367 μέρος,
420 1278 475 1344 καὶ
485 1277 523 1344 τὸ
531 1281 646 1362 μεῖζον,
658 1278 712 1344 καὶ
723 1277 761 1344 τὸ
771 1277 919 1359 ἔλιιπον,
933 1278 1034 1359 κοινὰ,
1046 1278 1102 1344 καὶ
1115 1282 1180 1344 τῶν
1189 1277 1386 1367 διηρημέων
1396 1280 1474 1345 ἐπὶ

304 1386 419 1449 ποσῶν
435 1381 490 1447 rui
510 1384 575 1450 τῶν
594 1384 753 1469 συνεχῶν·
779 1381 801 1447 i.
811 1406 839 1448 e.
864 1382 1074 1449 Communiter
1091 1384 1233 1448 omnebus
1251 1385 1380 1469 qauntr‘a
1397 1408 1474 1449 oon·

306 1488 403 1553 trituris
425 1501 516 1575 atque
539 1487 681 1553 decretis
703 1487 844 1553 convertit
866 1486 1041 1573 (equalitas,
1063 1486 1108 1552 ait
1130 1486 1272 1553 Procius.
1317 1486 1365 1552 Et
1384 1488 1475 1553 alter

304 1593 532 1674 adversarius¹3
558 1594 675 1659 Annon
690 1590 797 1657 eadem
813 1603 858 1657 eat
876 1592 1065 1679 «equalitatis
1083 1594 1166 1657 ποιῶ
1185 1593 1220 1657 t‘a
1239 1592 1292 1657 tis
1309 1594 1472 1672 mabar,

303 1700 368 1765 imo
378 1710 407 1765 et
418 1699 453 1763 rie
463 1698 554 1763 rebus
562 1696 638 1760 alita
649 1694 799 1773 monibus,
811 1708 957 1781 quotquot
967 1694 1159 1781 equalitate&
1169 1708 1225 1759 aut
1238 1696 1474 1781 inoqaab’taae

304 1816 375 1867 etot
389 1803 540 1889 capuces?
578 1798 649 1877 Quo
665 1796 741 1861 facit
756 1797 953 1883 quodquam
968 1797 1052 1862 circa
1066 1797 1282 1883 aequalitatem
1297 1810 1474 1863 versantur

305 1904 475 1983 axiomata,
493 1901 700 1968 Geometricis
722 1901 888 1967 elementis
908 1911 1080 1987 praestrata,
1101 1901 1229 1986 quantia
1248 1900 1474 1968 indifferenter

305 2005 454 2071 omnibus
484 2004 712 2069 accommodari
739 2004 851 2083 solent,
876 2013 909 2069 et
933 2004 1006 2091 jure
1031 2013 1174 2092 possunt,
1201 2004 1287 2069 unde
1311 2018 1473 2071 vocantur

305 2105 473 2190 ἀξιώματα
487 2105 589 2172 κοινά.
634 2104 685 2173 Οὐ
707 2105 806 2189 μόνον
826 2106 957 2189 λέγεται
977 2106 1146 2190 μεγέθεσιν
1160 2104 1330 2187 ἀληθεύειν
1341 2106 1473 2173 τούτων

305 2210 452 2291 ἕκαστον,
473 2208 564 2275 ἀλλὰ
579 2209 634 2275 καὶ
648 2208 806 2297 ἀριθμοῖς,
822 2210 877 2275 καὶ
890 2208 1048 2290 κινήσεσι,
1064 2209 1119 2275 καὶ
1133 2210 1269 2299 χρόνοις,
1284 2212 1399 2277 iterum
1421 2212 1471 2277 ait

305 2312 448 2379 Procius.
483 2313 589 2402 Eique
604 2314 792 2401 suffragium
807 2314 868 2379 fert
882 2314 951 2403 ipae
966 2313 1208 2402 Philosophus¹3
1223 2312 1307 2380 ’Ότι
1319 2313 1385 2403 γὰρ
1402 2316 1470 2401 (in-

305 2419 384 2507 quit,
400 2419 583 2507 exemplum
599 2420 731 2485 afferens
747 2418 895 2507 principii
910 2419 1099 2503 communis)
1113 2416 1180 2485 ἀπὸ
1194 2422 1259 2484 τῶν
1271 2422 1354 2485 ἴσων
1366 2419 1469 2507 ἀφαι-

305 2523 459 2611 ρεθέντων
474 2524 531 2591 ἴσα
545 2522 586 2589 τὰ
601 2522 786 2605 λειπόμενα,
804 2521 909 2590 κοινὸν
926 2522 986 2606 μέν
1003 2523 1076 2588 ἐστι
1095 2522 1230 2589 πάντων
1245 2527 1311 2589 τῶν
1324 2528 1465 2607 mete.)
1557 2591 1558 2612 ,

305 2627 410 2715 Igitur
419 2652 438 2695 a
447 2628 653 2715 congruentid
665 2626 752 2711 (solis
763 2627 882 2714 qnippe
891 2625 1167 2711 magnitudinibus
1175 2626 1313 2713 proprit,
1322 2650 1381 2693 uec
1391 2627 1469 2692 aliia

305 2731 434 2817 quantis
460 2740 668 2819 competente,
699 2728 841 2816 adeoque
868 2729 1054 2816 neutiquam
1080 2728 1255 2815 aequalitati
1280 2738 1466 2811 coextensa,

305 2833 361 2899 sed
376 2834 476 2898 multo
492 2833 702 2898 strictioribus
717 2831 866 2897 cancellis
880 2832 1048 2916 coarctatt)
1061 2854 1224 2919 perperam
1240 2831 1365 2899 desumi
1379 2856 1468 2900 asae-

305 2935 385 2999 ritur
403 2936 593 3021 aequalitatis
613 2936 703 3002 ratio.
748 2936 853 3002 Debet
867 2936 953 3001 enim
972 2959 1014 3001 ex
1035 2935 1165 3021 Logicaa
1183 2935 1364 3021 justissimo
1381 2958 1466 3025 pra·-

306 3038 433 3124 scripto,
450 3038 582 3105 definita
596 3062 645 3105 res
660 3040 813 3105 attributo
830 3062 898 3119 auo,
913 3062 970 3126 per
985 3039 1071 3126 quod
1087 3036 1245 3118 definitur,
1260 3040 1466 3107 exactissime

306 3141 480 3226 coaequari3
503 3164 575 3208 cum
590 3148 628 3207 et
641 3143 828 3231 reciprocari
842 3151 875 3207 et
888 3143 1040 3208 converti.

371 3243 458 3309 Huic
472 3245 651 3332 exceptioni
665 3247 834 3333 primariae,
848 3247 925 3312 satis
935 3256 972 3311 ut
982 3269 1047 3311 non
1057 3246 1180 3312 nemini
1194 3245 1342 3312 videatur
1356 3268 1467 3335 preaae

305 3370 364 3415 nos
378 3349 513 3435 urgenti,
530 3372 646 3437 repono
663 3350 847 3415 summatim
867 3349 985 3430 Primo,
1001 3349 1086 3437 quod
1106 3349 1159 3415 htc
1178 3349 1247 3416 sola
1265 3350 1467 3437 magnitudi-

305 3474 383 3519 num
398 3451 562 3540 aequalitas
576 3450 701 3540 proprie
716 3462 813 3538 atque
826 3452 984 3539 praecipue
998 3451 1157 3517 definitur.

372 3554 526 3636 Secundo,
543 3554 628 3642 quod
642 3577 707 3619 non
721 3554 840 3641 injurit
852 3577 912 3619 nec
926 3555 984 3620 aba
998 3554 1120 3621 ratione
1133 3554 1203 3620 sola
1217 3553 1397 3622 definiatur.

370 3658 489 3739 Tertio,
501 3656 586 3745 quod
601 3656 670 3723 haec
685 3654 828 3723 definitio
842 3658 872 3743 (a
882 3657 1089 3743 congruentia
1103 3657 1174 3723 dico
1189 3657 1290 3747 petita
1303 3658 1463 3743 definitio)

305 3786 363 3831 auo
378 3762 482 3845 modo,
494 3771 711 3851 quantumque
725 3761 804 3827 satis
817 3772 876 3840 eat,
892 3761 1041 3827 omuibus
1051 3761 1180 3847 quantis
1190 3760 1335 3849 adepturi
1350 3762 1465 3850 possit

544 3934 553 3968 ¹
571 3933 667 3983 Ebura.
681 3950 705 3998 p.
723 3947 759 3983 ιο.
1056 3932 1067 3963 ¹
1083 3932 1143 3983 Me.
1156 3944 1194 3982 xl.
1206 3950 1231 3993 4.

358 4232 425 4287 Ana
461 4236 501 4297 (1)
537 4230 615 4287 Here
626 4248 667 4287 ue
678 4228 770 4287 deflua
781 4226 904 4299 aquaflty
915 4227 1138 4297 ermentruda
1148 4227 1218 4298 only.

459 4316 504 4388 (2)
541 4316 593 4373 We
604 4312 954 4384 haveat-ighttodothia

461 4400 508 4470 (3)
543 4401 612 4541 'sirpo
621 4400 820 4556 ilidii-iii&
831 4398 955 4469 aqmlity
969 4397 1008 4468 by
1023 4397 1197 4455 coincidence
1215 4414 1266 4455 can
1285 4398 1321 4455 ba
1337 4398 1465 4469 adapted
