3167 5192
86 418 176 467 retr.
191 400 284 486 xxa]
413 416 603 467 anemonas
624 416 900 467 nuenarianam.
1170 398 1238 471 '345

84 588 179 653 omnis
192 610 275 655 curae
289 588 415 676 degere,
433 587 585 678 nulloque
599 588 775 677 praesertim
789 610 863 655 cum
878 585 1006 675 negotio
1021 580 1130 678 sapere
1147 588 1237 676 cupi·

84 714 177 757 amus.

140 792 224 874 Quid
238 818 317 861 vero
331 795 461 862 tandem
474 794 564 861 hisee
582 797 755 885 perspectis
774 806 807 865 et
826 797 887 862 rite
906 795 1070 884 perpensis
1089 794 1233 884 impedit,

82 893 153 978 quin
165 904 330 982 utcunque
343 895 589 961 reclamantibus
604 894 782 961 Neotericis
792 894 984 962 Doctoribus
998 896 1147 961 audacter
1160 916 1234 982 pro-

81 996 257 1063 nunciemus
282 998 451 1065 Euclideae
478 998 555 1063 hnic
583 997 762 1066 definitioni
791 998 985 1065 definitionis
1015 1018 1089 1063 cum
1118 996 1231 1085 primis

79 1098 199 1184 optimae
213 1110 326 1165 notam
341 1124 379 1167 ac
389 1100 520 1167 titulum
530 1101 723 1167 convenire?
758 1099 895 1181 Quando
909 1122 1024 1187 nempe
1039 1098 1233 1166 definitionis

80 1200 198 1286 optimae
217 1203 406 1290 potissimis,
421 1226 502 1290 quas
521 1226 582 1291 ego
596 1203 726 1290 quidem
746 1204 944 1292 experientis
964 1203 1045 1269 duce
1064 1204 1231 1291 comperio,

80 1300 126 1367 rel
142 1303 339 1391 astipulante
356 1327 486 1391 possum
507 1327 677 1392 agnoscere
695 1306 826 1387 ratione,
847 1306 973 1393 legibus
995 1306 1138 1393 apprime
1158 1328 1233 1371 con·

79 1417 171 1473 sonet
214 1406 302 1473 Cum
318 1407 439 1473 scilicet
453 1407 626 1495 hypothesi
645 1408 766 1473 nitatur
782 1408 956 1475 clarissime
971 1409 1135 1497 possibili;
1158 1430 1231 1475 cum
1349 1466 1350 1470 ,

80 1507 248 1594 subjectum
267 1532 366 1575 sunm
386 1508 564 1596 distinguat
582 1509 623 1575 ab
646 1508 718 1575 aliis
738 1510 905 1590 omnibus;
928 1532 1002 1576 cum
1016 1510 1086 1597 ejus
1105 1518 1142 1575 ut
1155 1508 1231 1575 talis

79 1610 245 1694 passionem
263 1612 421 1678 exhibeat
439 1612 660 1690 neeessariam,
681 1611 893 1692 essentialem,
918 1612 1129 1700 reciprocam
1156 1632 1230 1677 eum

79 1734 115 1775 ex
127 1720 162 1779 ea
173 1714 246 1781 alie
260 1715 429 1803 passiones
443 1704 516 1779 elici
535 1714 679 1801 possint;
701 1714 842 1802 adeoque
862 1714 905 1780 sit
918 1714 1008 1781 utilis
1023 1713 1232 1781 conclusioni-

80 1812 132 1879 bus
153 1817 344 1897 astruendis,
374 1828 407 1884 et
435 1817 636 1904 procreanda
664 1817 824 1898 scientiae3
855 1838 929 1883 cum
958 1816 1097 1904 denique
1125 1815 1228 1897 facile,

81 1915 161 1999 clare,
175 1919 299 1988 directe
311 1922 407 1987 rebus
421 1919 574 2007 applicari
589 1918 700 2006 possit,
712 1929 746 1985 et
756 1919 799 1985 ad
812 1942 907 1986 nsum
921 1919 1100 2001 transferri3
1115 1928 1230 2008 preater

83 2040 151 2105 quas
163 2022 220 2087 vix
233 2023 320 2089 alias
334 2021 416 2087 mihi
430 2023 523 2087 bonoe
541 2019 736 2087 definitionis
755 2020 853 2108 leges,
874 2020 1080 2101 conditiones,
1095 2020 1230 2087 virtutes

82 2120 220 2191 hactenus
234 2125 332 2191 licuit
345 2125 530 2206 observare3
554 2146 626 2212 qnae
640 2146 713 2190 cum
726 2134 845 2193 nostrae¹
859 2126 1059 2207 conveniant,
1075 2124 1229 2213 optimam

84 2246 204 2294 asserere
217 2251 288 2294 non
301 2227 424 2294 dubito.

136 2328 226 2410 Quod
238 2330 437 2397 luculentius
451 2329 616 2418 apparebit
625 2353 668 2397 ax
677 2330 814 2397 telorum
828 2330 1024 2419 depulsione,
1036 2329 1227 2418 quibuscum

83 2426 190 2499 mense
206 2442 324 2521 petunt
341 2432 523 2512 adversarii,
543 2453 616 2519 quae
633 2442 717 2499 certe
735 2442 803 2497 tarn
826 2431 924 2499 denso
945 2432 1056 2499 nimbo
1078 2432 1226 2510 volitant,

83 2531 151 2598 adeo
169 2534 279 2602 valida
298 2535 333 2600 vi
354 2544 610 2623 contorquentur,
636 2535 677 2600 iis
698 2545 736 2601 ut
757 2534 956 2623 excipiendis
981 2532 1068 2599 haud
1093 2532 1228 2601 sufficiat

83 2656 206 2720 presens
219 2639 342 2720 Lectio,
357 2639 505 2727 proximu
517 2638 723 2705 tentabimus.

494 3062 625 3132 Lucu.
648 3061 796 3130 xxssr*

89 3216 144 3374 lli
156 3226 298 3313 proxime
311 3224 487 3293 dissertatis
501 3224 691 3293 Euclideam
708 3226 991 3315 proportionalium
1007 3226 1224 3295 definitionem

134 3338 286 3418 utcunque
301 3328 407 3394 eonati
425 3350 534 3394 sumus
554 3351 721 3417 exponere,
742 3351 844 3417 neque
858 3352 923 3396 non
938 3328 1133 3415 argumentis
1152 3332 1225 3418 qui-

87 3424 202 3499 busdam
223 3436 533 3502 κατασκευαστυιοῖς
553 3453 700 3497 asserere.
745 3431 830 3513 Quia
851 3455 927 3499 vero
948 3430 1092 3519 plerique
1113 3454 1223 3498 recen-

88 3526 166 3598 tiores
182 3559 251 3602 eam
265 3535 470 3601 vehementer
483 3536 684 3622 impugnant,
700 3544 756 3600 aut
770 3534 866 3621 plane
884 3533 1042 3619 rejiciunt,
1061 3532 1224 3620 (perpauci

91 3632 198 3715 quidem
219 3635 406 3723 simpliciter
427 3646 464 3703 ut
485 3636 598 3703 falsam
619 3636 878 3725 propositionem,
901 3634 1009 3723 plures
1031 3644 1068 3700 ut
1088 3656 1221 3721 prauam

89 3729 305 3823 definitionem)
322 3749 464 3827 superest
478 3749 514 3806 ut
528 3762 607 3826 quas
622 3739 653 3804 ei
668 3738 757 3805 dicas
771 3737 962 3833 impegerint
977 3736 1148 3803 excutiam.

138 3838 292 3930 Imprimis
306 3843 448 3909 omnium
462 3842 599 3930 pessime
612 3841 736 3908 Remum
756 3864 827 3908 eam
842 3840 987 3928 accepit¹,
1003 3839 1222 3906 acerbissimu-

91 3956 138 4020 que
155 3945 338 4030 perstrinxit
359 3946 534 4025 sententit;
557 3945 605 4011 sic
623 3955 731 4011 tamen
748 3955 786 4011 ut
804 3943 990 4033 planissime
1012 3950 1166 4011 monstret
1187 3965 1229 4027 se·

89 4043 191 4126 smne,
204 4068 263 4113 nec
276 4046 438 4114 intellecti
450 4047 578 4135 penitus
592 4050 688 4112 canat
701 4046 937 4134 pronunciasse.

558 4194 569 4227 ¹
586 4194 665 4245 aaz.
682 4208 720 4258 ιι.

129 4433 216 4495 nea
231 4440 349 4497 meurs
366 4406 516 4497 menen
533 4441 558 4496 u
575 4440 626 4497 ue
641 4438 712 4494 sue.
782 4483 789 4499 .

129 4521 870 4662 ’pipemenueueunesueonurmporuoa
1089 4592 1133 4656 44
