3167 5192
331 357 376 425 92
666 370 853 422 uncrronss
877 370 1151 419 narnensrrcn.
1318 351 1418 436 [mer.
1432 368 1469 415 n.

328 548 415 634 jecto
437 544 616 612 definiendo
638 554 722 611 recte
744 544 890 631 supponi,
913 542 966 609 vel
987 541 1112 608 adsumi
1138 564 1245 629 possc3
1278 540 1395 628 quippe
1414 562 1471 604 cun

334 651 385 716 hae
405 660 472 715 tam
491 648 662 728 essentiali,
683 658 779 728 arcto,
800 648 957 735 reciproco
978 669 1066 712 nexu
1087 646 1170 713 inter
1191 668 1225 711 se
1246 645 1428 729 cohaereant,
1445 654 1472 708 ut

334 758 400 819 unt
414 753 519 841 posita
531 752 661 838 reliqua
675 752 853 816 necessario
868 749 1122 836 cousequantur¹.

401 853 482 920 Inda
496 876 621 942 quoque
634 853 736 939 liquet
755 852 815 917 has
832 851 994 939 passiones
1014 874 1056 917 ex
1077 862 1166 937 parte
1188 852 1233 916 rei
1255 850 1323 916 fore
1345 846 1474 933 ὅμοστοί-

335 982 423 1046 χους,
445 956 652 1035 coordinatus,
675 965 708 1021 et
729 952 934 1019 simultaueas
955 959 1070 1019 natine
1096 950 1387 1041 (ἀντιστρεφούσας
1407 950 1476 1016 κατὰ

335 1058 394 1143 τὴν
412 1062 469 1125 τοῦ
487 1056 568 1124 εἶναι
585 1055 814 1139 ἅκολούθησιν)
830 1077 889 1121 nec
908 1077 1004 1120 unam
1025 1056 1067 1120 ab
1082 1055 1146 1120 aliu
1160 1055 1274 1141 magis,
1291 1078 1387 1141 quam
1401 1053 1475 1117 illum

337 1163 378 1230 ab
403 1162 464 1228 luto
489 1160 674 1248 dependere.
718 1158 814 1238 Quod
838 1170 871 1224 et
896 1158 971 1224 inde
997 1158 1080 1225 clare
1103 1160 1319 1240 confirmatur,
1344 1158 1476 1245 quoniam

335 1265 447 1331 habito
462 1264 503 1330 ad
517 1266 595 1329 istas
614 1262 778 1350 passiones
798 1272 943 1349 respectu
963 1263 1139 1348 subjectum
1158 1262 1374 1329 diversimode
1389 1270 1477 1349 potat

335 1368 497 1455 generari3
519 1376 557 1432 ut
572 1366 708 1432 circulus
721 1364 841 1430 nedum
855 1387 897 1431 ex
912 1375 1017 1430 rotatu
1031 1363 1124 1431 lineae
1141 1376 1243 1446 rectae,
1260 1352 1429 1432 sedetiam
1445 1385 1477 1427 ex

334 1472 433 1537 ductu
453 1469 771 1559 perpendicularium,
796 1492 837 1535 ex
855 1468 1044 1554 angulorum
1064 1480 1219 1535 rectorum
1239 1470 1413 1543 effectione,
1427 1477 1477 1531 tot-

335 1598 397 1662 que
410 1573 483 1640 aliis
497 1574 626 1640 omnino
637 1573 750 1653 modis,
763 1582 841 1659 quot
852 1572 948 1638 habet
959 1572 1114 1658 ejusmodi
1128 1573 1304 1661 reciprocas
1319 1572 1476 1659 passiones

335 1678 448 1765 Deque
461 1678 593 1765 reliquis
608 1675 882 1763 magnitudinibus
897 1676 1088 1764 specialibus
1103 1677 1214 1743 eadem
1229 1687 1278 1743 est
1292 1677 1384 1743 ratio.

400 1780 461 1849 Sin
474 1804 540 1846 una
553 1781 700 1867 quedam
719 1780 795 1846 talis
815 1780 921 1866 passio
942 1802 1007 1867 prae
1027 1780 1099 1845 aliis
1118 1780 1281 1845 arbitraris
1302 1778 1478 1867 suscipiatur

334 1882 377 1949 ad
391 1883 527 1970 subjecti
541 1882 769 1962 definitionem,
785 1892 916 1948 eatenus
932 1882 989 1948 illa
1006 1905 1108 1949 causae
1125 1884 1280 1949 rationem
1299 1884 1398 1962 subit,
1412 1880 1478 1946 aliu-

334 2008 406 2050 rnm
427 1994 581 2073 respectu,
601 1985 751 2071 quoniam
773 1985 861 2050 illius
884 2009 942 2051 ceu
963 1986 1060 2051 medii
1082 1977 1264 2053 interventu
1284 1987 1413 2074 reliquae
1432 2004 1477 2071 per
1547 1984 1548 2075 1

334 2087 542 2154 necessarium
558 2087 814 2174 consequentiam
829 2088 994 2167 resultant,
1009 2098 1042 2153 et
1056 2089 1269 2157 notificantur.
1317 2090 1366 2158 Ut
1384 2090 1411 2157 si
1428 2087 1477 2153 cir·

334 2190 426 2255 culus
450 2190 621 2255 definiatur
643 2213 685 2255 ex
708 2191 844 2279 paritate
867 2192 1035 2273 radiorum,
1056 2192 1129 2259 inde
1152 2194 1418 2261 demonstrabitur
1437 2191 1476 2255 in·

333 2304 481 2381 terccptae
504 2293 772 2382 perpendicularis
798 2296 987 2381 quadratum
1012 2296 1129 2383 aequari
1152 2298 1337 2383 rectangulo
1357 2320 1398 2363 ex
1418 2316 1477 2379 seg-

241 2428 245 2435 ·
333 2398 450 2464 mentis
465 2398 629 2479 diametri3
645 2408 678 2463 et
692 2398 776 2484 quod
792 2398 904 2485 anguli
918 2400 952 2463 in
967 2399 1163 2465 semicirculo
1177 2401 1255 2467 recti
1271 2401 1356 2483 sint;
1371 2399 1475 2486 eritque

332 2500 465 2590 proinde
479 2501 597 2589 paritas
612 2500 674 2566 ista
687 2500 801 2565 harum
816 2501 998 2587 passionum
1014 2502 1112 2589 origo,
1127 2505 1233 2590 quoad
1247 2505 1379 2571 modum
1392 2498 1477 2570 nostri

334 2604 505 2671 discursus.
551 2602 621 2685 Sin,
645 2613 682 2668 ut
705 2602 775 2669 fieri
801 2604 910 2691 possit,
936 2604 1072 2671 circulus
1098 2606 1282 2675 definiretur
1303 2612 1406 2699 figura
1429 2602 1476 2671 nli

332 2708 524 2795 proprietate
546 2707 688 2794 praedita,
710 2706 797 2794 quod
819 2714 982 2796 assumpte
1003 2710 1118 2795 quavis
1139 2718 1234 2799 recta,
1254 2722 1416 2802 erectaque
1435 2718 1476 2774 ut·

335 2830 460 2894 cunque
474 2809 515 2874 ad
530 2808 620 2873 illam
637 2808 891 2897 perpendiculari
909 2810 951 2875 ad
963 2810 1075 2898 figurae
1092 2815 1295 2901 perimetrum
1312 2816 1475 2889 terminals,

333 2910 525 2996 quadratum
553 2912 645 2977 istius
674 2912 945 2999 perpendicularis
971 2927 1113 3003 aequetur
1141 2920 1324 3007 rectangulo
1350 2944 1393 2989 ex
1417 2938 1477 3003 seg·

333 3012 452 3078 mentia
467 3012 562 3079 dictae
575 3023 687 3094 rectae;
710 3015 763 3081 vel
777 3017 805 3082 si
820 3017 990 3084 definiatur
1005 3020 1141 3089 circulus
1156 3024 1312 3110 ejusmodi
1327 3026 1434 3115 figura,
1449 3021 1477 3085 in

333 3120 398 3203 qua
412 3121 541 3203 sumpta
554 3118 668 3205 quavis
682 3126 778 3201 recta,
794 3130 887 3187 rectae
902 3124 944 3189 ab
959 3122 1028 3209 ejus
1042 3127 1194 3194 extremis
1213 3128 1254 3193 ad
1275 3128 1387 3215 figura
1406 3125 1478 3217 peri-
1546 3156 1547 3167 ¹

334 3228 471 3285 metrum
492 3221 775 3311 quomodocunque
797 3224 901 3291 ductoe
923 3236 1024 3293 rectos
1046 3230 1182 3316 angulos
1204 3234 1416 3314 constituant3
1443 3250 1477 3295 ex

335 3323 447 3389 harum
478 3332 708 3412 postremarum
741 3326 963 3394 definitionum
995 3331 1147 3399 utralibet
1174 3335 1260 3423 prior
1287 3336 1345 3402 illa
1374 3334 1475 3427 passio,

335 3449 448 3515 nempe
462 3428 581 3516 paritas
594 3429 764 3511 rudiomm,
775 3429 868 3497 facile
880 3431 1052 3499 deducatur
1063 3444 1096 3500 et
1105 3436 1336 3506 demonstretur
1344 3466 1353 3523 3
1370 3441 1477 3525 eritque

333 3545 499 3623 propterea
513 3533 632 3621 puritas
647 3534 711 3601 ista
729 3535 820 3601 velut
838 3538 968 3603 effeetus
989 3539 1144 3607 dictarum
1163 3544 1346 3631 passionum
1366 3564 1476 3634 respec-

333 3637 411 3716 tive,
435 3637 567 3724 ejusque
594 3636 734 3722 cognitio
759 3637 951 3725 dependebit
975 3642 1017 3707 ab
1042 3642 1169 3710 illarum
1195 3648 1309 3713 notitia
1333 3642 1476 3716 discursui

333 3744 509 3827 prestratt⁴
554 3737 748 3825 Pariterque,
764 3732 792 3805 si
812 3739 1005 3809 definiantur
1025 3756 1118 3812 rectae
1139 3749 1299 3835 parallelae
1320 3755 1362 3819 ab
1384 3770 1477 3839 nqua-

382 3927 392 3959 ¹
410 3926 564 3992 Rafiugstur
581 3928 620 3977 his
639 3928 798 3979 Aristoteles.
834 3928 894 3993 rap.
915 3942 952 3980 v1.
973 3940 997 3993 5.
1032 3934 1134 3985 lIltelovr
1149 3936 1290 4005 (inquiens)
1307 3943 1351 3991 οὐκ
1368 3944 1478 4003 ἐνδέχεται

334 4009 380 4057 τοῦ
397 4009 471 4058 αὐτοῦ
488 4008 586 4071 ὁρισμοῦ
606 4008 716 4072 ὁρισμοὺς
734 4010 800 4059 εἶναι.
842 4008 890 4059 Sed
909 4010 1077 4077 nihilominus,
1094 4016 1170 4080 juxta
1189 4018 1283 4070 dictum
1301 4022 1477 4087 1ρε1ιιι,ωρίπι

279 4098 282 4102 ’
334 4093 362 4136 st
379 4102 508 4151 nunqnam
519 4088 580 4137 sutis
590 4089 729 4150 laudatum,
742 4091 808 4139 ὅσιον
824 4093 944 4153 προτιμᾶν
961 4093 1006 4153 τὴν
1023 4096 1153 4157 ἀλήθειαν
1172 4115 1231 4149 nam
1248 4102 1322 4153 isthic
1339 4105 1390 4156 labi
1406 4103 1478 4157 Philo

334 4166 442 4232 sophum
452 4168 514 4217 mihi
525 4168 655 4219 indubium
667 4176 713 4220 ast.

388 4374 450 4441 Any
462 4372 528 4427 such
541 4379 672 4447 property
683 4394 744 4450 may
756 4382 791 4438 ba
802 4401 820 4439 a
831 4384 973 4444 defiuition
985 4390 1017 4444 of
1025 4390 1073 4446 the
1085 4392 1199 4464 subject.

386 4461 450 4529 Any
460 4464 592 4529 property
603 4477 633 4515 so
644 4468 772 4523 mamad
783 4470 809 4524 is
821 4471 870 4527 tha
880 4490 962 4530 causa
973 4476 1005 4531 os
1012 4476 1062 4533 the
1073 4484 1138 4547 red
