3167 5192
113 384 211 437 amr.
227 367 279 455 n]
460 382 648 436 memores
669 382 943 435 nunanrrron
1218 370 1281 437 159

113 573 232 640 corpus
245 549 397 633 excubat,
411 550 502 618 nulla
515 550 672 640 reperitur
690 549 825 617 actualis
846 548 1022 632 dimensio;
1045 570 1156 619 verum
1177 560 1282 639 potest

113 654 203 720 ultra
216 654 323 741 ipsam
341 675 455 742 eorpus
475 653 607 741 aliquod
627 653 787 735 constitui,
804 653 912 741 aliqua
932 654 1027 721 realis
1048 654 1204 721 dimensio
1225 676 1282 721 ex·

113 757 218 837 tendi,
233 758 296 824 boc
309 768 369 838 est,
385 758 481 823 datur
493 756 634 845 spatium
647 753 939 823 ultramundanum.
969 756 1058 823 Inter
1071 756 1131 824 hos
1145 756 1281 846 parietes

113 859 205 926 omni
220 884 278 949 per
290 861 435 928 divinam
449 860 625 949 potentiam
638 861 771 927 exclust
784 860 985 948 distentaque
999 860 1140 943 materie,
1155 861 1280 929 nullum

114 986 233 1051 corpus
248 964 379 1052 jacebit,
395 975 428 1030 at
448 964 565 1052 poterit
586 964 718 1053 aliquod
737 964 856 1053 reponi,
872 964 933 1030 hoe
953 974 1011 1045 est,
1028 964 1121 1031 datur
1141 967 1281 1053 spatium

113 1066 182 1133 illia
212 1066 426 1155 interjectum.
469 1066 559 1134 Inter
580 1067 661 1133 duas
682 1066 820 1154 denique
840 1066 1077 1154 magnitudines
1099 1068 1279 1158 adjacentes

114 1193 173 1237 seu
186 1171 366 1258 contiguas,
381 1169 473 1237 nulla
485 1169 675 1257 magnitudo
688 1179 794 1258 potest
807 1171 984 1260 interponi3
1006 1172 1067 1238 boc
1082 1182 1140 1253 est,
1152 1173 1279 1239 nullum

113 1273 215 1340 datur
239 1274 324 1339 inter
348 1274 436 1361 ipsae
460 1275 599 1362 epatium
620 1284 680 1340 aut
704 1274 921 1341 intervallum.
965 1273 1075 1342 Potest
1095 1275 1178 1341 inter
1200 1275 1280 1343 duas

114 1374 199 1442 istae
220 1386 322 1443 turres
340 1376 486 1465 protendi
506 1376 669 1443 funiculus
686 1376 927 1465 decempedalis,
944 1377 1004 1444 hoc
1018 1387 1075 1460 est,
1091 1378 1185 1444 datur
1199 1378 1281 1445 inter

114 1479 209 1568 ipsas
234 1481 374 1569 spatium
400 1502 457 1546 seu
481 1480 635 1547 distantia
660 1479 902 1569 decempedalis.
950 1479 1032 1567 (Ubi
1053 1490 1158 1569 potest
1179 1482 1281 1549 obiter

115 1585 268 1651 adnotari
286 1584 383 1674 spatii
405 1584 577 1673 cujuslibet
598 1584 770 1672 singularis
787 1596 933 1651 naturam
957 1607 1026 1653 esse
1047 1585 1280 1674 quodammodo

115 1686 373 1768 determinatam,
389 1697 422 1754 et
435 1686 669 1775 quodammodo
685 1686 905 1767 indefinitam
928 1686 1138 1754 determinata
1151 1687 1280 1776 quidem

114 1791 228 1880 quoad
252 1790 513 1858 Mathematicam
539 1790 677 1880 speciem
703 1800 736 1857 et
759 1791 971 1879 quantitatem
994 1791 1105 1879 figuras
1128 1814 1195 1858 suae
1221 1795 1281 1878 (est

115 1896 206 1961 enim
220 1894 380 1983 capacitas
389 1917 455 1961 non
465 1894 704 1982 omniscunque,
716 1894 773 1960 sed
782 1893 858 1960 talis
868 1904 901 1961 et
911 1904 1009 1960 tantae
1023 1895 1278 1982 magnitudinis),

115 1997 322 2064 indefinitam
335 1996 441 2084 quoad
455 1996 534 2063 alias
548 1996 729 2084 qualitates,
744 2006 777 2063 et
791 1996 958 2085 physicam
977 1998 1123 2085 speeiem,
1138 2021 1197 2064 nec
1214 2022 1279 2065 non

116 2100 227 2189 quoad
249 2098 498 2181 individuitatcs,
521 2108 560 2165 ut
584 2099 632 2166 ita
655 2099 777 2186 loquar,
802 2099 1078 2186 magnitudinum
1112 2102 1171 2193 (est
1193 2101 1278 2168 enim

116 2203 280 2292 capacitas
308 2203 452 2292 cujusvis
479 2202 711 2290 magnitudinis
739 2212 837 2270 tantae
859 2204 979 2292 talique
1000 2204 1104 2291 figura
1126 2206 1277 2294 praeditae,

117 2307 205 2373 inter
217 2306 320 2372 latera
332 2328 447 2394 nempe
460 2306 549 2371 vasis
563 2304 669 2372 cubici
683 2305 822 2394 spatium
836 2306 972 2373 habetur
985 2308 1163 2395 recipiendo
1178 2308 1279 2375 cuivis

116 2420 210 2477 tanto
224 2410 307 2477 cubo
321 2432 378 2476 seu
391 2432 493 2497 nqueo
508 2432 565 2476 seu
578 2432 677 2491 areo,
700 2432 765 2475 non
780 2432 854 2475 vcro
876 2418 982 2497 potest
1003 2410 1167 2497 adaequate
1189 2434 1281 2478 occu·

114 2514 195 2603 pari,
212 2513 266 2580 vel
279 2512 393 2602 repleri
409 2536 428 2578 a
442 2536 571 2601 corpore
589 2512 784 2602 pyramidali
806 2513 859 2579 vel
878 2513 1042 2602 sphaerico,
1058 2536 1161 2601 neque
1179 2514 1281 2602 majo·

117 2642 185 2686 rem
200 2619 321 2685 cubum
335 2617 510 2702 admittet).

182 2722 275 2787 Hinc
292 2743 357 2787 non
375 2714 542 2787 denotatur
556 2720 652 2809 spatii
665 2720 823 2787 vocabulo
842 2718 1017 2805 διάστημα,
1037 2719 1173 2810 quodvis
1195 2721 1280 2810 posi-

118 2826 234 2905 tivum,
257 2822 374 2890 actuali
395 2823 592 2890 dimensione
612 2822 792 2911 praeditum,
815 2834 890 2890 actu
910 2833 1078 2891 extonam
1096 2846 1139 2889 ex
1160 2846 1204 2905 se,
1226 2824 1280 2891 vel

121 2926 294 3007 divisibile,
313 2925 367 2992 vel
385 2925 599 3006 terminatum,
619 2925 673 2991 rel
694 2925 925 3014 pertransibile,
945 2926 998 2993 vcl
1018 2948 1192 3014 congruum
1213 2948 1280 2993 cor·

119 3030 268 3117 poribus;
290 3037 325 3093 at
337 3027 536 3093 solmnmodo
555 3036 646 3093 notat
664 3036 697 3094 et
715 3027 875 3114 significat
903 3052 1015 3118 corpus
1034 3029 1163 3118 aliquod
1176 3031 1282 3099 taliter

120 3142 299 3212 extensum,
315 3154 353 3198 eo
366 3131 461 3199 modo
475 3130 658 3218 figuratum,
669 3130 727 3197 tali
741 3154 896 3199 mensura
911 3132 1102 3220 adaptabile,
1117 3133 1170 3201 vel
1183 3134 1281 3201 simul

121 3243 186 3303 una
197 3236 280 3316 vice,
294 3234 349 3302 vel
367 3234 546 3301 successive
564 3256 622 3322 per
639 3244 762 3300 motum
781 3235 917 3303 existere
936 3258 1038 3324 posse.
1082 3236 1158 3304 Non
1172 3248 1280 3304 actua-

121 3340 183 3407 lem
204 3340 267 3419 aio,
289 3338 347 3405 sed
366 3350 488 3405 naturae
509 3347 635 3405 tantum
654 3361 720 3405 suae
739 3348 964 3406 consentaneas
986 3340 1129 3427 agnoscit
1151 3341 1279 3427 figuras,

123 3440 348 3521 dimensiones,
362 3448 478 3528 partes,
493 3462 608 3529 nempe
626 3440 834 3528 potentiales3
858 3441 918 3507 hoe
932 3451 1035 3529 paeto,
1052 3440 1210 3527 capacitas
1224 3441 1281 3507 ad-

123 3544 271 3612 mittendi
291 3544 431 3632 eorporis
450 3543 588 3631 alicujus
612 3543 749 3611 includit
769 3544 977 3633 capacitatem
1005 3544 1193 3611 admittendi
1221 3547 1282 3631 (re-

124 3647 275 3735 spective)
298 3646 400 3713 lineas
420 3655 454 3714 et
474 3645 674 3735 superficies;
704 3647 847 3735 potentia
873 3646 991 3714 lineam
1013 3646 1281 3736 quadrupedalem

125 3751 342 3839 interponendi
361 3752 502 3817 eontinet
520 3749 679 3839 potentias
698 3749 921 3838 interponendi
942 3749 1058 3817 lineam
1078 3750 1232 3839 pedalem,
1248 3762 1282 3820 ct

126 3854 311 3943 bipedalem,
331 3863 364 3919 et
382 3852 579 3941 tripedalem,
603 3862 636 3919 et
654 3851 733 3919 abas
754 3853 875 3919 minore
896 3875 1027 3919 numero
1052 3852 1281 3922 denominatas.

128 3955 270 4025 Potentia
283 3958 437 4025 circulum
450 3955 656 4024 interserendi
669 3955 885 4045 potentialem,
900 3957 1042 4045 implicat
1055 3957 1281 4026 rotunditatem
1410 3946 1413 3953 ¹

128 4060 304 4145 perfectam
347 4062 462 4150 Neque
475 4071 630 4151 quantum
643 4070 700 4127 aut
713 4060 807 4148 quale
821 4060 864 4128 sit
877 4058 1015 4150 spatium
1035 4060 1214 4129 immediate
1228 4064 1282 4131 vel

129 4182 167 4227 ex
179 4184 213 4230 se
225 4164 329 4253 primo
340 4162 542 4232 determinari
552 4163 605 4231 vel
616 4162 746 4252 agnosci
756 4172 871 4251 potest,
882 4186 940 4232 nec
950 4163 1014 4231 nisi
1024 4188 1081 4254 per
1088 4188 1280 4251 mensuram,

176 4406 232 4464 'l'be
242 4411 343 4465 nature
353 4407 386 4464 of
393 4424 475 4479 space
485 4408 511 4464 la
522 4409 614 4481 partly
625 4406 818 4480 determinate,
830 4406 921 4481 partly
933 4406 1085 4467 indefinite.

179 4492 592 4565 Smoebaeapacityotbody.
643 4518 648 4527 ·
