3167 5192
103 403 195 453 nram
212 389 278 474 ru]
440 410 629 461 uucrronus
649 412 925 465 naruunmrcm
1092 406 1093 411 ’
1221 400 1263 467 75

101 570 340 656 theorematum,
362 586 395 643 et
408 579 621 665 quaestionum
635 580 804 662 resolutio;
827 604 883 670 per
896 604 968 668 quse
989 580 1126 669 denique
1145 602 1260 671 propo·

101 672 250 743 sitionnm
265 681 384 746 veritas
398 682 594 770 exploratur.

162 782 193 846 8.
235 782 374 866 Ultimo,
395 787 435 853 de
449 786 686 854 Mathematicis
705 788 866 855 observari
885 796 999 876 potest,
1020 786 1105 875 quod
1123 810 1173 854 res
1188 796 1259 854 tau·

100 884 260 951 tummodo
276 887 339 953 sibi
353 900 529 976 compertas
545 889 717 976 attingunt,
730 890 856 976 ignotas
867 901 898 957 et
907 891 1043 957 incertas
1056 899 1256 978 pratereunt.

100 981 131 1046 N
131 1006 171 1049 on
190 989 382 1073 pmfiteutur
402 993 510 1059 omnia
530 994 618 1074 scire,
641 1016 701 1059 nec
722 994 871 1059 affectant
893 994 933 1059 de
952 994 1101 1060 omnibus
1122 994 1255 1076 dicere¹;

101 1107 167 1171 quae
180 1112 258 1157 vera
272 1095 379 1161 sciunt
393 1106 426 1161 et
438 1096 568 1162 invictis
587 1096 782 1182 argumentis
803 1108 941 1163 astruere
955 1106 1085 1183 queunt,
1101 1119 1139 1161 ea
1153 1097 1257 1185 profe·

99 1201 171 1257 runt
193 1203 227 1259 et
251 1196 458 1265 theorematis
482 1199 659 1281 includunt,
682 1199 722 1266 de
742 1201 873 1287 reliquis
895 1210 1010 1282 tacent,
1037 1210 1070 1266 et
1095 1200 1257 1267 abstinent

100 1298 307 1379 senteutiam
336 1302 490 1369 malentes
512 1302 671 1368 inscitiam
696 1326 786 1368 snam
809 1325 987 1388 agnoscere,
1018 1326 1114 1391 quam
1139 1313 1257 1371 temere

100 1394 224 1477 quidvis
246 1403 422 1483 affirmare;
444 1403 528 1469 nihil
549 1404 738 1484 immiscent,
761 1413 818 1469 aut
843 1403 987 1470 inserunt
1008 1405 1255 1491 argumentatio-

101 1497 200 1582 nibus,
211 1505 266 1569 rel
281 1507 511 1573 assertionibus
525 1506 592 1573 suis
606 1530 672 1573 nou
685 1506 871 1595 planissime
884 1517 1092 1595 perspectum,
1108 1519 1142 1573 et
1151 1519 1256 1575 extre-

101 1620 150 1664 mo
173 1626 246 1669 cum
271 1608 379 1693 rigore
400 1609 620 1697 exploratum
651 1609 847 1696 conjecturas
873 1632 982 1675 omues
1006 1609 1196 1695 probabiles,
1223 1618 1256 1676 et

101 1703 195 1770 bellas
215 1711 362 1795 argutias
379 1712 543 1799 rejiciunt3
567 1712 752 1777 authoritati
766 1709 813 1777 nil
828 1711 973 1778 deferrmt
983 1734 992 1789 ;
1015 1711 1180 1777 affectibus
1199 1736 1255 1778 ue-

101 1827 255 1896 quequam
271 1813 453 1901 indulgent,
474 1814 644 1881 verborum
662 1814 829 1881 illecebras
843 1814 1041 1881 detestentur
1050 1840 1058 1895 ;
1082 1815 1254 1881 sententias

102 1932 170 1977 suas
183 1916 330 1999 efferunt,
351 1919 437 1983 utin
451 1918 630 2006 Areopago,
651 1916 728 1985 ἄνευ
743 1918 868 1988 πάθους
887 1918 942 1984 καὶ
961 1917 1141 2007 προοιμίου.
1185 1919 1254 1985 Isto

102 2023 189 2098 pacto
210 2040 286 2084 suas
312 2020 463 2087 scientias
485 2021 528 2087 ab
553 2020 641 2087 omui
659 2020 732 2087 labe
752 2022 806 2089 vel
826 2021 948 2103 erroris,
968 2021 1022 2089 vel
1045 2020 1254 2088 dubitationis

102 2133 283 2188 conservant
297 2123 458 2191 immunes
472 2134 505 2191 et
518 2125 725 2213 incormptas.

161 2220 201 2286 In
219 2224 367 2313 reliquis,
385 2248 465 2312 quas
484 2225 656 2313 appellant,
678 2226 818 2293 scientiis
842 2227 935 2293 certis
956 2226 1064 2308 dubia,
1087 2227 1255 2315 compertis

102 2338 298 2415 presumpta,
316 2327 496 2395 manifestis
509 2329 651 2409 obscura,
670 2351 748 2394 vera
760 2328 850 2394 falsis
864 2328 1040 2417 promiscue
1055 2329 1255 2396 confundun-

102 2431 158 2490 tur.
200 2426 322 2494 Omnia
335 2437 516 2518 proponunt
536 2430 599 2496 sibi
619 2429 828 2511 discutienda,
849 2430 1049 2516 explicanda,
1071 2430 1254 2511 decidenda,
1281 2512 1286 2521 ι

98 2523 188 2609 juxta
205 2554 277 2618 quae
298 2533 415 2611 sciunt,
435 2554 568 2620 quaeque
586 2531 752 2619 ignorant3
777 2553 850 2597 cum
871 2540 970 2597 certas
988 2531 1125 2597 rationes
1145 2533 1256 2597 afferre

103 2647 265 2718 nequeunt,
287 2635 526 2723 qualescunque
540 2636 736 2724 conjecturas
750 2635 922 2723 proferrmt,
942 2634 1084 2723 pulchris
1098 2633 1255 2701 coloribus

102 2730 268 2819 infucatas3
293 2739 444 2805 divinam
458 2739 575 2826 saepius
589 2762 686 2826 quam
701 2739 936 2819 demonstrant3
959 2737 1096 2825 denique
1110 2738 1201 2825 quasi
1216 2738 1256 2805 de

104 2838 212 2905 uostris
231 2864 346 2907 causas
367 2852 469 2927 agunt
482 2864 579 2928 qnam
593 2852 727 2928 possunt
741 2840 947 2907 disertissime
955 2864 964 2920 3
987 2850 1020 2906 et
1033 2862 1105 2927 quse
1121 2840 1254 2929 probare

104 2954 265 3025 nequeunt,
281 2942 413 3009 student
426 2942 623 3030 persuadere.

163 3042 226 3110 Sed
238 3068 362 3126 vereor,
377 3068 419 3111 ue
431 3043 609 3111 collationis
622 3043 720 3131 hujus
734 3043 890 3132 prolixius
906 3054 938 3110 et
949 3044 1084 3111 crassius
1099 3044 1254 3113 institutae

104 3140 205 3229 pigere
213 3169 272 3213 ros
286 3147 432 3234 incipiat.
463 3146 519 3211 Ex
529 3151 595 3234 qua
603 3155 710 3213 tamen
724 3156 886 3234 utcunque
900 3147 1020 3235 liquere
1034 3157 1139 3235 potest
1150 3149 1254 3236 qualis

104 3244 143 3310 sit
161 3251 244 3336 apud
266 3250 514 3318 Mathematicus
538 3251 619 3316 ratio
641 3249 895 3331 demonstrandi;
926 3273 1040 3340 nempe
1062 3252 1145 3333 talis,
1168 3252 1255 3339 quod

105 3368 169 3415 cum
181 3374 231 3418 res
249 3353 317 3419 sibi
335 3353 511 3441 suscipiant
526 3351 797 3440 contemplandas,
818 3375 951 3441 quarum
971 3354 1006 3419 in
1026 3354 1132 3420 animo
1153 3353 1254 3420 claras

106 3458 135 3513 et
151 3452 316 3521 distinctas
334 3454 423 3521 ideas
442 3454 580 3535 habent3
603 3454 725 3542 hasque
744 3454 890 3542 propriis,
911 3454 1096 3541 adaequatis,
1116 3455 1255 3521 invaria-

105 3550 200 3640 tisque
218 3556 405 3623 nominibus
424 3556 602 3642 designent,
621 3554 664 3621 ad
682 3555 822 3643 ipsarum
842 3553 1040 3641 indagandas
1063 3554 1253 3637 affectiones,

106 3665 229 3725 ctvcres
242 3660 282 3726 de
296 3659 340 3725 iis
353 3658 570 3725 conclusiones
581 3656 837 3745 compingendae,
849 3656 1067 3722 tantummodo
1078 3655 1252 3739 notissima,

107 3758 279 3843 certissima,
290 3760 483 3851 paucissima
497 3759 643 3847 quaedam
659 3760 821 3825 axiomata
830 3759 1044 3847 praemittunt3
1062 3758 1254 3847 hypotheses

107 3858 206 3929 itidem
225 3866 434 3953 paucissimas
455 3872 656 3953 praestruunt,
680 3874 712 3930 et
733 3863 849 3929 rationi
871 3886 1068 3951 summopere
1090 3886 1252 3945 consonas,

112 4028 158 4167 ᾧ]
174 4032 299 4096 maone,
312 4051 368 4100 quae
379 4050 395 4083 a
405 4033 546 4084 Geometris
557 4032 712 4093 adferuntur,
726 4049 777 4081 nou
789 4032 948 4097 persuadent,
969 4033 1012 4083 sed
1024 4032 1217 4098 cogunt—Seu.
1230 4044 1250 4082 1.

144 4112 247 4167 .Nmr.

156 4298 195 4368 (θ)
228 4303 465 4362 Mathematicians
476 4322 541 4377 pass
551 4306 588 4377 by
600 4305 675 4361 what
684 4304 750 4377 they
762 4305 799 4361 do
806 4309 860 4390 'not
870 4304 956 4361 know.

156 4384 567 4449 Notsothcruttersouother
578 4392 706 4449 scieuces.

158 4472 376 4548 Reoepitulatr'on
