3167 5192
310 385 354 448 42
377 397 379 400 ·
651 397 838 448 anemonas
860 397 1132 446 usnnnnsrren.
1315 381 1425 464 [aner.
1441 395 1474 441 n.

312 566 534 658 principalium
550 589 714 655 corporum
729 567 963 634 mundanorum
976 567 1227 655 dispositionem,
1242 579 1276 633 et
1298 567 1386 632 situs
1402 567 1475 632 inter

313 695 347 738 se
361 680 557 758 comparatos
571 671 726 758 indagat)
746 670 919 759 Sphaerict,
938 673 1022 757 (quae
1036 693 1236 738 communem
1250 673 1409 738 omnibus
1421 693 1476 736 ca·

313 774 447 841 lestibus
470 784 674 862 apparentem
693 784 816 840 motum
835 774 995 853 diurnum,
1011 774 1142 862 ejusque
1157 776 1331 862 conjuncta
1346 787 1382 840 et
1403 774 1477 840 acci·
1557 850 1558 863 χ

314 876 422 942 dantia
430 877 650 964 persequitur,)
666 877 831 958 Theorict,
847 879 931 964 (quae
945 877 1145 965 singulorum
1158 877 1365 965 planetarum
1379 891 1477 942 motus
1557 936 1558 967 3

315 992 347 1047 et
372 981 534 1068 passiones
558 981 633 1046 inde
658 981 862 1069 procedentes
887 974 1147 1069 contemplatum:
1179 979 1308 1060 Quibus
1338 978 1478 1046 subnecti
1557 1046 1558 1067 ἶ

315 1093 448 1172 possunt
471 1107 513 1150 ex
534 1082 586 1149 his
608 1083 752 1150 deductae
773 1083 827 1150 vel
844 1083 1059 1170 dependentes
1082 1083 1308 1171 chronologia,
1330 1069 1399 1170 (vel
1415 1083 1478 1168 ejus

316 1187 431 1254 saltem
454 1210 526 1275 pars
548 1186 692 1278 τεχνικὴ)
713 1211 784 1275 que
804 1212 846 1254 ex
866 1188 1016 1276 syderum
1039 1188 1206 1277 periodicis
1228 1190 1384 1255 cursibus
1405 1199 1479 1252 tem·
1557 1222 1559 1271 ς

317 1315 428 1381 porum
452 1292 623 1358 intervalla
642 1293 700 1359 rite
723 1292 875 1380 dispescit
895 1315 933 1358 ac
953 1292 1086 1379 digerit:
1110 1291 1320 1374 Gnomonica‚
1346 1315 1422 1380 quae
1441 1313 1478 1356 ess

318 1417 485 1484 opacorum
505 1417 668 1483 corporum
694 1397 817 1462 umbris
837 1395 959 1462 diurna
992 1396 1200 1462 revolutionis
1221 1397 1403 1484 particulas
1420 1395 1479 1460 dis·

318 1497 426 1591 cernit,
449 1519 507 1563 nec
531 1520 596 1564 non
616 1498 755 1585 ipsorum
776 1497 953 1564 lucidorum
977 1498 1172 1578 altitudines,
1196 1510 1227 1565 et
1250 1497 1479 1564 declinationes

318 1602 459 1668 rimatur.
497 1599 718 1688 Cometologia
733 1624 868 1689 qnoque,
884 1602 985 1689 deque
1005 1603 1098 1668 novis
1112 1603 1213 1669 stellis
1227 1615 1320 1669 extra
1338 1602 1477 1668 ordinem
1557 1602 1558 1605 ’

320 1705 492 1793 aliquando
507 1704 760 1793 comparentibus
780 1727 879 1791 agens
901 1704 1046 1770 doctrina
1067 1705 1130 1771 hnc
1152 1705 1338 1773 referantur.
1364 1704 1479 1784 Quine-

279 1821 281 1826 ’
319 1809 406 1888 tiam,
422 1831 478 1874 cur
494 1808 690 1873 diversorum
705 1807 846 1872 locorum
866 1807 980 1872 incolis
998 1803 1148 1894 syderum
1163 1809 1223 1873 lux
1237 1809 1346 1896 quoad
1361 1827 1477 1874 rnorarn
1557 1888 1558 1901 χ

319 1909 479 1996 temporis,
495 1920 550 1974 aut
565 1910 700 1996 speciem
716 1931 817 1985 suam,
834 1918 890 1975 aut
904 1910 1011 1991 situm,
1027 1910 1208 1978 differenter
1228 1913 1394 1990 obveniat,
1410 1908 1480 1997 quia

320 2012 443 2079 telluris
458 2013 559 2077 forma
574 2011 737 2100 Sphaerica
751 2036 880 2100 prorsus
893 2014 927 2078 in
943 2020 1039 2080 caust
1051 2036 1120 2081 esse
1134 2015 1397 2104 deprehenditur,
1413 2011 1478 2078 ideo

321 2115 526 2204 Gangraphia
550 2138 675 2203 quoque
698 2115 935 2182 Mathematicis
958 2129 1156 2199 accensetur3
1187 2130 1298 2206 utpote
1322 2121 1380 2186 cui
1403 2119 1478 2183 bene

322 2218 559 2298 constituendae,
569 2217 848 2308 intelligentiaeque
860 2220 1067 2288 Geometricae
1078 2222 1118 2288 de
1129 2222 1255 2310 sphaert
1263 2221 1477 2289 conclusiones

323 2320 452 2386 omnino
475 2321 658 2387 necessariae
682 2332 765 2388 sunt.
812 2321 994 2408 Iisdemque
1017 2324 1087 2410 pari
1108 2325 1231 2391 ratione
1253 2324 1395 2392 Nautice
1420 2317 1478 2406 (vel

324 2446 374 2491 ars
389 2424 576 2512 navigandi)
594 2425 756 2506 attexitur,
768 2447 841 2513 quae
855 2449 899 2492 se.
915 2449 956 2492 ex
971 2427 1185 2513 angeliacum
1201 2423 1476 2495 Meridianofactifl

323 2527 416 2594 navis
439 2529 500 2594 iter
529 2527 657 2614 dirigit;
681 2539 713 2594 et
736 2552 754 2594 e
779 2529 959 2594 celestibus
988 2529 1205 2615 phoenomenis
1230 2531 1300 2618 ejus
1327 2531 1365 2597 in
1391 2537 1477 2596 vasto

324 2632 438 2720 pelago
454 2631 559 2698 locum
574 2643 605 2698 et
620 2631 684 2696 diei
699 2641 825 2718 tempus
840 2631 1040 2698 determinat.
1074 2631 1182 2707 Porro,
1194 2634 1344 2720 quoniam
1360 2633 1477 2700 anima·

324 2733 367 2800 lis
381 2735 462 2799 visio
477 2747 533 2820 per
548 2733 652 2798 radios
668 2733 805 2819 equoris
819 2733 936 2820 objecti
954 2734 1101 2818 (lucentis
1115 2744 1172 2799 ant
1185 2735 1347 2821 illustrati)
1364 2742 1478 2825 puncto
1557 2762 1558 2779 1

325 2834 527 2920 designabili,
550 2845 704 2899 rectarum
729 2833 770 2899 ad
790 2834 890 2900 instar
910 2835 1066 2902 linearum
1088 2859 1199 2903 versus
1222 2837 1306 2904 oculi
1328 2848 1477 2927 punctum

325 2935 454 3021 aliquod
483 2935 663 3021 ubicunque
688 2934 838 3002 collatum
866 2939 1101 3025 progredientes
1131 2940 1211 3006 effici
1240 2942 1426 3030 coneipitur,
1449 2945 1478 3002 et
1557 2950 1558 2975 ¹

325 3036 458 3125 proinde
471 3057 543 3122 quae
562 3037 601 3100 de
624 3036 717 3102 rectis
738 3036 831 3103 lineis
857 3042 902 3123 (et
925 3039 1036 3126 figuris
1055 3063 1112 3128 per
1130 3041 1202 3107 illas
1224 3043 1406 3110 constitutis
1426 3060 1478 3104 seu

326 3138 572 3226 comprehensis)
586 3138 780 3206 demonstrat
791 3140 984 3224 Geometria,
995 3144 1094 3210 radiis
1104 3145 1176 3210 istis
1186 3146 1309 3233 possint
1319 3142 1477 3235 adapnrir

325 3239 715 3307 indeinMathematicum
726 3263 856 3308 censum
871 3242 984 3332 Optiee
993 3246 1157 3334 redigitur,
1168 3269 1242 3314 eum
1253 3249 1319 3314 auis
1329 3249 1476 3335 partibus,
1557 3300 1558 3327 ,

324 3343 440 3432 Optiee
454 3344 579 3432 proprie
592 3344 678 3410 dicta
696 3347 778 3432 (quae
796 3345 922 3413 directae
937 3349 1071 3415 visionis
1090 3350 1268 3418 accidentia
1284 3349 1477 3440 perlustrat),
1557 3394 1558 3417 r

327 3447 510 3536 Catoptrica
527 3451 609 3536 (quae
628 3471 669 3515 ex
688 3449 785 3515 radiis
807 3451 850 3516 ab
864 3473 962 3539 opaco
976 3475 1105 3540 eorpme
1118 3454 1246 3522 reflexis
1263 3458 1478 3543 provenientes

326 3553 527 3643 apparentiae
556 3553 756 3640 speculatur),
788 3553 953 3640 Dioptrica
984 3559 1067 3642 (quae
1096 3559 1280 3626 radiationis
1309 3583 1329 3624 a
1357 3561 1478 3627 diverso

326 3657 431 3725 medio
440 3656 581 3723 infractae
589 3657 829 3744 consequentias
840 3657 949 3742 elicit).
973 3657 1099 3738 Quibus
1110 3661 1320 3729 adnectantur
1329 3664 1478 3730 advirum

327 3770 506 3849 spectantes
528 3771 609 3826 artes
631 3759 801 3840 ποιητικαί
805 3787 814 3842 ;
838 3760 1051 3849 Perspectiva,
1067 3787 1139 3850 que
1153 3766 1331 3832 visibilium
1345 3768 1478 3854 objecto

326 3885 396 3928 rum
417 3863 450 3927 in
471 3863 581 3928 tabuit
607 3862 721 3950 quevis
746 3864 931 3950 (prasertim
954 3865 1063 3953 plant)
1087 3868 1226 3954 speciem
1249 3891 1387 3956 congrue
1408 3890 1479 3935 con·

326 3965 481 4052 cinneque
494 3965 741 4054 repraesentandi
755 3966 940 4034 methodum
955 3969 1082 4051 edocet3
1101 3970 1272 4059 Graphice,
1288 3973 1341 4039 vel
1355 3972 1478 4039 Pictura

328 4064 539 4151 Perspectivae
554 4066 689 4132 colorem
711 4078 744 4133 et
761 4071 908 4134 umbram
923 4071 1077 4157 adjiciens
1086 4099 1095 4154 3
1120 4072 1300 4162 Sculpuua,
1316 4074 1476 4150 Cabum

329 4166 498 4250 Statuaria,
514 4169 646 4257 aliaeque
661 4184 813 4258 cognatae.

381 4327 549 4397 astronom]
560 4327 585 4381 is
603 4327 774 4400 systematic,
788 4331 910 4402 Spheric,
927 4293 1061 4401 'Phaone-3
1080 4334 1137 4391 and
1153 4335 1286 4393 herevith
1305 4336 1479 4406 chmnolom,

329 4410 487 4480 Gnomonic,
501 4411 686 4484 Cometology‚
700 4413 871 4488 Geography,
883 4417 1057 4487 Navigation.

382 4495 451 4551 Alae
463 4495 568 4567 Optiee,
581 4497 728 4569 Dioptrica,
742 4499 927 4571 Perspeetive,
939 4504 987 4560 bc.
