3167 5192
650 409 836 462 tetrronss
860 405 1132 457 usrusnsrrcrs.
1310 381 1420 470 [serr.
1437 401 1481 448 11.

784 679 915 748 LECT.
939 679 1013 745 IL*

385 849 502 932 UAM,
521 848 724 940 insuperiori
743 847 885 927 lectione,
902 847 940 912 de
959 843 1253 912 Mathematieerum
1272 839 1477 906 scientiarum
1574 877 1575 938 ι

403 953 559 1022 divisione
582 976 754 1043 proponere
783 951 938 1039 coepimus
964 946 1225 1036 disquisitionem,
1251 968 1336 1010 nnnc
1362 943 1481 1030 exequi
1574 981 1575 990 ι

316 1057 500 1124 conabimur
522 1056 710 1136 distinctius,
736 1055 806 1121 ediis
830 1053 945 1144 placitu
969 1053 1071 1142 primo
1094 1049 1173 1132 loco,
1198 1063 1265 1116 tum
1291 1071 1362 1136 quae
1386 1048 1481 1113 uobis
1574 1053 1575 1096 t

316 1159 474 1240 videntur,
500 1157 654 1226 tradituri.
700 1157 895 1245 Pythagorei
925 1153 969 1241 (oi
992 1157 1059 1221 τῶν
1082 1151 1285 1238 μαθημάτων
1310 1149 1483 1238 ἁψάμενοι

317 1265 457 1352 πρῶτον,
477 1274 514 1328 ut
528 1263 573 1328 uit
586 1260 797 1342 Aristoteles¹‚
821 1261 876 1349 qui
900 1257 1017 1326 scilicet
1038 1281 1055 1324 e
1077 1256 1198 1324 Granis
1220 1255 1363 1322 omnium
1385 1254 1482 1343 primi

318 1364 561 1432 Mathematicus
585 1363 730 1430 scientius
756 1363 938 1450 attigerunt)
966 1383 1030 1426 non
1054 1360 1116 1424 uisi
1139 1370 1272 1446 quatuor
1297 1355 1483 1423 Matheseos

318 1480 423 1559 portes
452 1478 658 1555 agnoverunt,
686 1491 781 1555 purus
808 1491 844 1532 ac
869 1465 1033 1555 primarius
1062 1463 1140 1530 dues
1171 1462 1416 1540 Arithmetiesm
1445 1486 1482 1526 sc

319 1570 553 1652 Geometriam3
584 1570 697 1636 alteras
721 1570 800 1636 dues
823 1570 941 1636 mixtus
965 1579 996 1635 ct
1020 1567 1236 1647 secundarium
1267 1565 1428 1632 Musicum
1450 1579 1482 1632 et

321 1673 516 1765 Sphaeriourn
531 1673 602 1760 (hoc
615 1685 663 1739 est
677 1673 925 1757 Astronomism)
940 1671 1030 1759 cujus
1045 1670 1209 1736 divisionis
1224 1669 1301 1748 hoec,
1313 1691 1357 1734 ex
1371 1689 1480 1734 eorum

319 1791 434 1860 mente,
450 1802 470 1843 e
484 1776 596 1842 Proclo
615 1777 754 1843 redditur
771 1776 860 1856 ratio,
880 1775 1055 1863 quodcum
1075 1774 1146 1840 duae
1167 1773 1230 1838 sint
1248 1773 1362 1860 objecti
1385 1795 1482 1858 gene-

318 1880 394 1946 ralis
413 1880 532 1968 speeies
551 1878 730 1959 multitud0,
746 1891 778 1946 et
798 1878 1001 1964 magnitud03
1024 1875 1188 1964 dupliciter
1209 1887 1314 1941 nutem
1336 1874 1481 1940 conside·

319 1980 381 2048 reri
401 1980 501 2070 possit
519 1991 668 2068 utraque3
692 1981 860 2046 multitudo
880 1980 1007 2068 quidem
1025 1978 1207 2068 simpliciter
1224 1991 1255 2044 ct
1269 1990 1427 2064 quatenus
1447 1977 1480 2042 in

321 2108 355 2151 se
370 2083 552 2158 subsistens,
567 2082 620 2149 vel
634 2083 806 2170 respective
824 2083 866 2150 ud
884 2107 986 2163 sonos,
1002 2105 1136 2170 quorum
1153 2081 1302 2170 exprimit
1321 2081 1477 2147 rationes:

320 2185 506 2272 magnitudo
521 2196 626 2251 eutem
640 2185 692 2249 vel
706 2199 798 2273 prout
813 2186 980 2252 consistere
999 2196 1111 2274 potest,
1128 2184 1179 2250 vel
1194 2197 1229 2250 ut
1242 2195 1333 2250 motu
1346 2185 1480 2250 circnm-

321 2287 436 2368 fertur;
461 2287 536 2353 hino
550 2297 715 2373 emergunt
729 2287 798 2353 iste
812 2301 945 2376 quatuor
960 2299 1063 2378 partes
1079 2285 1267 2354 Mutheseos.

388 2389 453 2458 Sed
475 2390 580 2480 ipsum
603 2390 681 2456 forte
706 2403 834 2478 prestet
859 2392 966 2458 audire
992 2391 1140 2458 Proelum
1166 2391 1211 2458 sio
1237 2389 1477 2458 enuntiantem:

320 2495 394 2567 Τοῖς
422 2493 482 2579 μὲν
510 2490 567 2561 οὖν
595 2489 828 2582 Πυθωγορείοος
857 2491 957 2560 ἐδόκει
986 2495 1129 2584 τστρσχὰ
1154 2491 1286 2582 διαιρεῖν
1312 2492 1371 2576 τὴν
1400 2491 1479 2573 ὅλην

321 2596 564 2685 Μοθημοτιοὴν
586 2594 787 2681 incarduum
819 2591 935 2680 τὸμὲν
960 2594 1058 2680 αὐτῆς
1084 2595 1159 2684 περὶ
1183 2595 1220 2660 τὸ
1245 2593 1359 2670 ποσὸν,
1382 2595 1421 2662 τὸ
1444 2594 1478 2660 δὲ

321 2700 397 2789 περὶ
411 2703 552 2783 πηλίκον
566 2697 766 2787 ἅφορίζονσι,
782 2696 837 2762 nui
855 2694 976 2764 τούτων
992 2696 1143 2786 ἑκάτερον
1164 2695 1270 2765 διττὸν
1291 2697 1477 2783 τιθεμένοις·

320 2803 367 2869 Τό
384 2829 419 2868 τε
433 2801 497 2890 γὰρ
511 2799 617 2868 ποσὸν
636 2799 656 2882 ἢ
680 2797 751 2867 καθ’
772 2795 852 2865 οὐτὸ
872 2796 930 2882 τὴν
951 2795 1135 2866 ὑπόστασιν
1149 2799 1244 2890 ἔχειν,
1260 2798 1280 2882 ἢ
1296 2799 1378 2888 πρὸς
1392 2801 1477 2867 ἄλλο

321 2904 512 2992 θεωρεῖσθαι
534 2901 619 2970 κατὰ
638 2901 769 2990 σχέσιν·
795 2901 862 2968 Καὶ
881 2901 919 2968 rd
940 2902 1080 2984 πηλίκον
1101 2901 1121 2986 ἢ
1144 2902 1236 2975 ἑστὸς
1257 2901 1277 2987 ἢ
1298 2902 1479 2988 κινούμενον

321 3005 420 3097 ἔχειν·
461 3005 529 3073 Kat
550 3003 609 3090 τὴν
627 3003 688 3090 μὲν
708 3003 941 3094 Ἀριθμητιιιὴν
962 3005 1000 3072 rd
1022 3006 1092 3073 καθ’
1115 3006 1194 3074 αὐτὸ
1216 3007 1320 3076 ποσὸν
1341 3007 1476 3096 θεωρεῖν,

320 3109 380 3195 τὴν
409 3107 444 3176 δὲ
473 3107 647 3192 Μουσικὴν
675 3108 713 3176 τὸ
741 3107 824 3200 πρὸς
852 3109 951 3178 ἄλλο.
993 3106 1177 3202 Eodemque
1202 3111 1370 3202 respiciens
1396 3111 1479 3178 Boe-

320 3211 417 3288 thius,
438 3211 529 3278 initio
550 3211 782 3294 Arithmetioes,
799 3213 899 3280 Ilium
924 3213 1049 3303 (inquit)
1074 3215 1311 3296 multitudinem,
1335 3239 1404 3302 qun
1417 3239 1479 3304 per

319 3340 352 3384 ee
364 3329 408 3382 uu
418 3315 628 3381 Arithmetica
640 3315 816 3403 epemlutnr
832 3317 1007 3406 intepretes,
1020 3316 1112 3382 iilum
1123 3341 1192 3382 vero
1205 3341 1272 3406 quae
1287 3317 1333 3384 ad
1343 3319 1477 3406 aliquid,

319 3419 442 3488 Musici
467 3417 690 3487 modulaminir
716 3426 953 3512 temperamento
974 3435 1172 3512 perrwscunt.
1209 3421 1384 3488 Immodilis
1409 3445 1478 3486 vero

316 3526 548 3614 mapnitudinie
578 3525 753 3592 Gmmetriu
781 3527 925 3591 notitiam
947 3527 1116 3616 pollicetur
1124 3553 1140 3610 ;
1167 3527 1289 3592 credilis
1317 3526 1477 3592 eomnmcm

318 3629 543 3696 Astronomicae
557 3627 734 3717 dmmplinoe
742 3627 866 3716 peritia
880 3627 1164 3694 vindicavit-Hoc
1178 3625 1264 3693 illud
1276 3629 1476 3713 quadrivium
1574 3617 1575 3628 ¹

317 3747 371 3814 est,
394 3757 454 3821 quo
477 3733 520 3797 iis
541 3731 692 3798 viandum
715 3730 766 3809 sit,
788 3729 900 3816 quibus
919 3728 1111 3798 excellentior
1132 3732 1256 3796 animm
1279 3755 1301 3795 a
1323 3731 1477 3796 nobiscum
1574 3769 1575 3774 ι

317 3840 491 3928 procreatis
510 3837 651 3904 renutu
672 3834 718 3901 od
737 3834 942 3920 inteiltpentiu
963 3836 1094 3902 certiora
1108 3834 1303 3924 perducitur.
1347 3834 1416 3902 Isto
1429 3858 1476 3900 ra-

823 3969 832 4002 ¹
852 3982 870 4020 1.
886 3970 942 4020 Met.
958 3985 981 4032 5.

760 4129 767 4132 Δ
774 4126 1009 4134 -......-—..·---..--

375 4236 389 4264 ¹
408 4227 448 4284 ot
456 4226 504 4282 tho
515 4231 594 4295 parts
605 4229 637 4283 of
646 4229 847 4286 Mathematies

373 4311 532 4380 According
543 4316 574 4366 to
585 4312 635 4368 tho
648 4314 854 4386 Pythagoreum
865 4315 932 4385 they
943 4330 993 4370 ure

372 4401 447 4456 Puro
457 4397 862 4468 Mathematicu-Arithmetio
873 4400 929 4458 ond
942 4401 1098 4470 (immota,

371 4487 428 4543 end
440 4485 536 4542 Mixed
549 4485 873 4555 theudemirum-Musio
885 4487 940 4543 end
953 4487 1086 4556 Sphaeric.
