3167 5192
327 388 391 456 142
661 402 850 455 arenosus
873 404 1146 455 ununsurrrcn.
1305 388 1408 473 [uuor.
1423 404 1464 451 rx.

324 577 521 645 versantium
535 586 651 657 mente,
667 576 770 643 tribus
786 585 913 643 tantum
930 575 1068 663 punctis,
1084 575 1144 643 crit
1162 575 1221 641 illa
1239 574 1372 663 aequalis
1389 575 1465 641 lateri

325 680 487 767 hexagoni
511 680 567 745 isti
592 680 710 745 circulo
733 680 888 767 inscripti,
911 689 1042 745 sextans
1064 702 1140 745 vero
1165 678 1328 745 circularis
1351 678 1467 743 circum·

324 784 466 850 ferentia
489 806 553 848 non
579 783 718 869 attinget
737 792 874 870 quatuor
895 792 1013 869 puncta
1037 782 1128 867 (alias
1150 782 1236 847 enim
1257 790 1327 846 tota
1352 780 1467 845 circum·

323 886 457 952 ferentia
476 886 604 973 punctis
622 895 662 951 24
679 896 846 966 constaret,
863 886 1004 973 adeoquo
1020 886 1199 973 quadrupla
1224 885 1305 951 foret
1327 884 1467 963 diametri,

323 988 715 1057 contramanifestissimas
726 988 929 1054 Archimedis
940 988 1273 1062 demonstrationeset
1284 1010 1468 1054 communem

323 1116 451 1159 sensum
462 1116 526 1181 qno
538 1093 787 1159 circumferentia
798 1093 908 1158 circuli
919 1092 1087 1179 perimetro
1099 1093 1330 1180 circumscripti
1338 1092 1468 1181 quadrati
1543 1092 1544 1133 ἲ

322 1196 427 1261 minor
441 1196 666 1283 dignoscitur):
683 1197 773 1283 atqui
784 1196 812 1261 si
827 1206 957 1261 sextans
972 1195 1157 1283 peripheria
1168 1218 1233 1261 non
1248 1196 1388 1282 attingat
1404 1216 1469 1283 qua·

323 1309 396 1364 tuor
412 1310 540 1385 puncta,
555 1299 741 1386 neutiquam
764 1300 873 1386 (juxta
894 1298 1107 1365 indivisibilia
1128 1300 1399 1387 propugnantium
1418 1298 1470 1385 hy·

323 1402 482 1490 pothesin)
500 1402 633 1469 excedet
649 1403 728 1483 tria;
751 1403 896 1467 nouerit
916 1403 1014 1489 igitur
1034 1404 1186 1469 subtsnst
1205 1409 1263 1468 sua
1283 1404 1402 1491 major3
1422 1422 1469 1467 nec

323 1506 455 1593 proinde
469 1517 555 1573 recta
569 1506 654 1572 linea
667 1505 794 1572 brevior
808 1506 868 1571 erit
882 1505 1039 1586 omnibus,
1054 1528 1126 1593 quae
1141 1505 1224 1571 inter
1237 1506 1352 1572 eadem
1366 1514 1470 1591 puncta

324 1608 398 1674 duci
408 1619 543 1697 possunt
550 1609 655 1676 lineis.
683 1607 807 1675 Similis
819 1618 1027 1695 consequetur
1042 1608 1220 1687 difficultas,
1237 1608 1265 1673 si
1280 1608 1469 1675 semidiame-

323 1723 371 1777 ter
382 1712 520 1778 circulis
535 1712 664 1800 punctis
678 1722 822 1801 constare
837 1721 1052 1797 supponatur;
1068 1732 1143 1775 nam
1159 1710 1340 1798 peripheria
1355 1718 1394 1776 60
1407 1730 1468 1794 gra·

323 1816 422 1901 duum
437 1836 501 1879 non
517 1816 653 1901 attinget
673 1823 692 1881 6
711 1824 830 1901 puncta
853 1814 943 1897 (alias
963 1814 1087 1899 integra
1106 1814 1287 1901 peripheria
1307 1812 1468 1879 contineret
1543 1868 1544 1875 ,

323 1926 362 1983 36
378 1928 504 2003 puncta,
520 1918 582 1983 hoo
596 1928 653 1997 cst,
669 1917 816 1983 diametri
831 1917 961 2005 triplum
976 1928 1008 1983 et
1026 1916 1189 1983 semissem
1203 1917 1379 1997 excederet,
1395 1912 1468 2002 quod

322 2019 433 2083 itidem
447 2020 607 2085 communi
623 2020 729 2086 sensui
743 2020 837 2086 facile
852 2020 1083 2086 demonstretur
1096 2018 1270 2106 refragari).
1304 2020 1383 2101 Quin
1396 2030 1467 2084 certe
1543 2018 1544 2085 l

322 2122 391 2187 sola
410 2122 618 2188 consideratio
638 2123 774 2188 sufficiat
792 2123 971 2189 evertendae
991 2121 1154 2187 contrariae
1174 2122 1352 2203 sententiis,
1368 2122 1467 2187 saltem

322 2225 392 2311 ejus
412 2247 484 2291 eum
504 2224 740 2292 Mathematicis
762 2226 928 2315 principiis
947 2226 1114 2293 manifeste
1138 2225 1277 2293 declarat
1297 2246 1466 2315 repugnan-

322 2328 411 2395 tiam.

388 2433 471 2500 Item
494 2458 566 2501 cum
586 2458 606 2500 a
624 2446 742 2524 puncto
760 2436 875 2523 quovis
895 2434 936 2501 ad
956 2434 1091 2523 quodvis
1113 2444 1268 2524 punctum
1289 2435 1464 2525 supponitur
1543 2456 1544 2505 1

321 2538 395 2605 duci
410 2550 496 2607 recta
509 2540 602 2621 linea,
615 2541 773 2627 quomodo
788 2541 941 2605 consistat
955 2540 990 2605 id
1004 2562 1076 2605 cum
1091 2540 1287 2621 indistantia,
1300 2540 1355 2605 vel
1369 2541 1465 2605 immo-

322 2644 410 2709 diata
428 2656 616 2733 punctorum
636 2644 849 2711 coherentia?
892 2644 1075 2724 Quinetiam
1097 2644 1184 2731 quod
1204 2646 1377 2712 assumitur
1397 2643 1464 2708 durs

321 2758 423 2813 rectas
437 2747 539 2812 lineas
553 2770 573 2812 a
587 2768 741 2813 concursu
755 2746 863 2811 statim
882 2746 1059 2829 divaricari,
1082 2770 1138 2813 seu
1157 2747 1316 2814 discedere
1337 2772 1357 2813 a
1375 2770 1407 2813 se
1423 2746 1464 2811 iu·

321 2850 434 2928 vicem,
455 2872 514 2915 nec
533 2860 742 2938 praeterquam
765 2872 829 2917 nno
852 2874 886 2917 se
907 2862 1023 2940 puncto
1046 2875 1159 2933 secare,
1174 2876 1233 2920 nec
1254 2854 1372 2921 habere
1391 2872 1464 2918 oon·

322 2972 451 3016 munem
475 2952 615 3037 aliquam
642 2962 775 3039 partem,
803 2964 894 3020 extra
919 2964 1072 3043 punctum
1098 2956 1339 3037 intersectionis,
1365 2955 1463 3041 hisque

321 3062 466 3139 cognata,
482 3055 523 3118 ab
541 3053 786 3122 indivisibilium
810 3057 965 3146 positione
987 3058 1153 3125 manifeste
1175 3060 1397 3139 destruuntu13
1417 3076 1463 3144 po·

320 3166 414 3221 natur
433 3155 519 3221 enim
538 3156 648 3223 circuli
667 3158 919 3226 circumferentia
939 3172 1082 3227 constare
1101 3162 1258 3249 quotlibet
1279 3163 1413 3251 punctis,
1429 3156 1462 3224 ad
1542 3186 1543 3193 ¹

320 3280 392 3347 quae
407 3259 534 3345 singula
548 3262 704 3328 ducantur
717 3286 735 3329 e
749 3273 857 3330 centro
868 3265 958 3345 radii,
971 3266 1072 3352 liquet
1086 3266 1322 3333 evidentissime
1337 3266 1463 3355 plurium

320 3362 508 3429 circulorum
533 3366 800 3431 concentricorum
828 3366 1032 3454 peripherias,
1064 3380 1120 3435 aut
1145 3369 1278 3436 totidem
1305 3392 1322 3436 e
1350 3366 1462 3459 punctis

319 3476 398 3555 quot
416 3466 471 3533 ille
485 3468 570 3556 prior
587 3469 725 3549 conflari,
742 3469 882 3556 adeoque
902 3470 1005 3556 ipsam
1022 3471 1197 3559 adaequare,
1214 3473 1299 3561 quod
1317 3470 1463 3541 ausudir-

288 3619 292 3624 -
319 3571 447 3652 simum,
463 3583 519 3637 aut
532 3572 611 3637 istos
625 3571 730 3637 radios
744 3572 823 3638 alibi
838 3592 934 3658 quam
954 3573 988 3637 in
1006 3584 1112 3641 centro
1132 3598 1166 3642 se
1185 3578 1376 3663 contingere,
1396 3572 1463 3641 sibi·

318 3684 384 3740 met
398 3696 566 3755 occurrere,
582 3674 635 3740 vel
648 3675 835 3740 intersecare
850 3696 885 3740 se
899 3686 1019 3742 mutuo.

384 3776 430 3842 Et
444 3778 531 3864 quod
545 3778 587 3843 ad
600 3777 818 3844 conclusiones
838 3778 952 3844 attinet
969 3778 1195 3862 Geometricas,
1212 3784 1369 3871 quomodo
1379 3765 1462 3849 'bise-

317 3882 383 3948 cari
408 3892 512 3970 potest
536 3893 622 3949 recta
646 3881 732 3948 linea
757 3892 906 3948 constans
931 3884 1057 3971 punctis
1083 3885 1283 3973 imparibus?
1316 3885 1462 3975 quomodo

318 3986 403 4051 linea
417 3986 539 4072 quavis
553 3987 654 4075 possit
668 3988 702 4052 in
716 3996 765 4052 tot
777 3997 883 4075 partes
898 3988 1035 4075 aequales
1050 3990 1148 4055 secari
1163 3991 1197 4056 in
1212 4004 1289 4079 quot
1307 3992 1371 4058 alia
1386 4010 1462 4080 quat·

318 4088 399 4154 libet
418 4100 504 4155 secta
522 4090 736 4178 supponitur?
764 4091 922 4178 quomodo
944 4092 972 4159 si
993 4094 1144 4180 trianguli
1164 4118 1255 4161 crura
1274 4097 1340 4162 sint
1358 4096 1462 4163 utlibet

318 4190 499 4276 inaequalia,
522 4215 578 4280 per
597 4194 726 4280 majoris
747 4194 905 4281 quotlibet
926 4206 1045 4283 puncta
1067 4197 1140 4265 duci
1166 4199 1290 4287 possint
1309 4200 1350 4267 ad
1369 4198 1460 4269 basim

337 4386 342 4393 Ι
370 4422 454 4478 Linea
465 4424 502 4479 do
513 4430 563 4482 not
573 4428 676 4485 condat
687 4430 718 4484 of
725 4431 825 4499 points.

370 4509 554 4567 Geometrical
565 4514 647 4583 proci
654 4516 686 4569 of
693 4514 757 4571 this
