3167 5192
108 398 202 447 secr.
218 381 299 467 vrn]
453 399 639 449 cucurorss
661 399 935 449 usrnuuurrcn.
1208 384 1270 451 117

107 568 372 655 experimentum,
387 565 482 631 modo
496 566 575 631 satis
589 564 709 631 clarum
723 576 756 631 et
769 564 997 631 indubitatum.
1035 565 1156 653 Aliquo
1170 566 1270 635 fateor

105 670 198 736 modo
227 670 401 757 requiritur
419 668 461 735 ad
479 669 706 735 stabiliendum
729 669 953 757 hypothesium
972 670 1139 735 veritatem
1159 676 1270 737 sensus

107 774 283 853 sinceritas,
299 783 351 837 ast
364 772 585 839 universalitas
600 774 840 853 observationis,
857 784 911 838 aut
925 772 1102 861 frequentia
1115 796 1180 838 nou
1194 774 1249 840 ita.

170 875 281 941 Multa
294 874 506 964 possem'huc
525 874 669 961 adjicere,
686 874 743 941 sed
761 875 831 941 haee
850 876 890 941 de
909 874 1135 963 principiorum
1156 880 1270 941 natine

107 980 286 1067 generatim
308 978 394 1044 dicte
414 980 582 1046 sufficiant
627 978 672 1043 Et
693 1002 769 1045 sane
789 979 918 1065 lougius
940 979 1010 1045 haec
1026 981 1153 1045 extraxi
1174 1004 1270 1067 quam

108 1091 161 1146 aut
183 1080 260 1168 ipse
284 1081 508 1167 cogitaveram,
532 1092 589 1147 aut
614 1080 693 1147 forte
718 1104 815 1167 quam
842 1081 989 1168 oportuit,
1017 1082 1078 1147 hoc
1103 1092 1152 1147 est
1174 1106 1270 1169 quam
1302 1076 1304 1081 ⁸

107 1184 251 1249 arriserit
272 1184 375 1263 vohis,
396 1184 603 1250 meditatione
620 1207 671 1249 me
694 1184 812 1249 sensim
833 1183 1047 1271 provehente:
1076 1183 1145 1251 Nec
1164 1194 1271 1251 tamen

108 1311 235 1375 prorsus
264 1287 431 1368 inutiliter,
457 1300 495 1355 ut
519 1310 620 1377 spero,
645 1311 744 1375 quum
767 1287 1030 1353 demonstrativas
1056 1288 1270 1355 ambientibus

108 1391 262 1456 scientias
275 1414 348 1457 cnm
362 1391 474 1477 primis
489 1391 638 1479 expediat
652 1391 752 1478 ipsius
768 1389 1045 1457 demonstrationis
1060 1402 1204 1457 naturam
1219 1393 1269 1457 in-

109 1494 183 1559 time
193 1493 392 1579 pernovisse.
415 1492 520 1573 Quare
529 1494 610 1560 mihi
620 1493 804 1560 condonetis
815 1494 956 1561 obtestor
965 1495 1048 1560 hanc
1062 1492 1269 1583 ἀδολεσχίαν,

109 1607 140 1660 et
160 1619 227 1661 non
252 1595 381 1662 aliunde
402 1619 498 1683 quam
520 1620 563 1663 cx
584 1602 705 1663 enecta
726 1597 771 1662 rei
787 1597 1043 1663 consideratione
1065 1596 1204 1684 profecta
1217 1599 1271 1664 vel

110 1698 223 1764 hausta
237 1722 312 1785 quoe
326 1698 396 1763 dixi
410 1699 487 1765 boni
501 1698 684 1778 consuletis,
699 1707 732 1764 et
746 1699 935 1765 examinetis
950 1698 1059 1778 libere,
1075 1709 1238 1785 cauteque.

58 1814 61 1818 '
174 1799 316 1866 Confero
335 1824 386 1866 me
401 1802 470 1889 jam
489 1800 532 1866 ad
551 1799 778 1888 principiorum
800 1800 919 1887 species
941 1799 1192 1887 distinguendas,
1211 1801 1271 1867 hoc

111 1912 207 1967 estut
221 1913 303 1989 quot
317 1903 382 1969 sint
395 1904 477 1970 inter
491 1927 526 1970 se
540 1905 632 1993 quasi
646 1903 751 1991 specie
765 1902 893 1969 diversa
906 1902 1062 1991 principia
1077 1902 1269 1989 disquiram:

112 2005 190 2085 Qum
208 2007 424 2073 controversia
442 2008 549 2074 lieete
564 2007 659 2072 dictis
678 2007 771 2074 facile
791 2006 899 2071 dirimi
917 2006 1027 2093 possit,
1043 2029 1145 2093 operae
1164 2015 1270 2073 tamen

113 2111 251 2195 pretium
276 2134 345 2177 esse
367 2123 444 2199 puto
470 2111 548 2199 quid
572 2111 646 2177 aliis
668 2110 774 2176 visum
799 2109 930 2191 referre;
962 2133 1020 2175 vos
1044 2120 1082 2175 ut
1104 2111 1270 2198 pensitatis

114 2215 257 2279 omnium
279 2215 445 2281 sententiis
464 2215 543 2301 quid
562 2214 678 2279 rationi
699 2214 743 2279 sit
763 2214 867 2301 magis
889 2223 1133 2279 cousentaneum
1155 2214 1271 2279 rectius

115 2315 306 2402 dijudicetis.
343 2317 407 2383 Ast
416 2318 607 2404 'patientiam
621 2327 759 2383 vestram
774 2316 896 2382 insultu
910 2318 1011 2405 primo
1026 2318 1124 2381 nolim
1140 2316 1271 2403 aggredi

115 2418 258 2500 ferocius,
284 2431 340 2486 aut
361 2422 464 2485 aerius
486 2421 618 2500 irritare,
643 2430 834 2507 quapropter
858 2420 940 2485 hanc
963 2419 1215 2505 disquisitionem
1239 2429 1272 2485 et

117 2521 177 2586 alia
190 2524 299 2589 forsan
312 2524 458 2611 qmdam
473 2524 513 2590 de
528 2524 692 2612 principiis
707 2525 877 2590 observatu
896 2545 960 2589 non
977 2522 1111 2609 indigna
1129 2522 1271 2609 rejiciam

118 2626 150 2691 in
163 2638 347 2717 sequentem
362 2630 537 2697 lectionem.

534 2829 847 2840 ...-..—.-——--

554 2994 685 3063 LEGT.
709 2985 845 3067 V111.*.

120 3166 215 3324 DE
235 3169 461 3261 principiorum
476 3178 597 3254 nature,
613 3172 803 3253 conditione,
819 3171 951 3258 origiue,
967 3170 1098 3236 veritate
1113 3168 1273 3257 generalia

201 3274 381 3361 nuperrime
396 3276 540 3362 quaedam
556 3276 731 3362 attigimus.
776 3274 924 3341 Succedit
940 3281 976 3339 ut
994 3274 1033 3338 de
1052 3272 1192 3359 ipsorum
1213 3295 1272 3336 nu-

122 3392 213 3454 mero,
229 3397 287 3441 seu
301 3388 378 3463 quot
392 3376 533 3465 ipsorum
548 3377 705 3443 distincte
722 3378 787 3442 sint
805 3376 934 3464 species,
951 3375 1030 3462 quid
1049 3386 1190 3441 auctores
1210 3382 1272 3438 tra

123 3471 206 3556 dant,
221 3477 299 3563 quid
314 3479 394 3545 ratio
409 3480 508 3545 dictet
522 3491 555 3546 et
567 3479 755 3567 persuadeat
769 3478 986 3545 eventilemus.

184 3578 372 3645 Aristoteles
394 3604 466 3646 cnm
488 3582 523 3646 iu
545 3582 605 3647 hdo
626 3582 759 3647 materis
780 3581 1001 3658 subobscurus,
1025 3576 1131 3642 varius
1155 3585 1187 3640 et
1209 3573 1273 3671 fere

126 3676 183 3743 sibi
199 3681 317 3749 discors
336 3684 491 3766 videatur,
507 3685 576 3773 ejus
593 3695 630 3751 ut
646 3694 785 3752 mentem
803 3684 862 3749 vix
879 3681 1007 3771 penitus
1027 3678 1152 3766 assequi
1170 3672 1279 3757 liceat,

127 3801 190 3846 tam
210 3796 317 3853 tamen
340 3788 463 3854 collatis
486 3787 564 3854 locis
582 3788 739 3876 expiscari
758 3788 905 3867 nitemur,
925 3796 957 3851 et
975 3770 1132 3873 proditam
1152 3780 1274 3847 exami-

127 3902 204 3951 nare
248 3887 362 3977 Capite
383 3890 522 3956 secundo
544 3890 638 3979 primi
664 3892 747 3956 Post.
770 3888 869 3955 Aeol.
891 3899 955 3953 tres
977 3884 1142 3973 constituit
1169 3878 1289 3969 ἀρχὰς,

129 3992 383 4074 wesmannus,
399 3994 582 4075 Axiomata,
599 3993 815 4081 Hypotheses,
832 3992 1050 4058 Definitiones.
1087 3988 1172 4053 Nam
1187 3986 1273 4073 ipses

129 4086 275 4178 imprimis
286 4096 451 4186 διχοτομεῑ
459 4100 493 4163 in
505 4098 688 4179 Axiomata,
701 4108 733 4164 et
744 4096 884 4177 Theses3
901 4106 968 4162 tum
981 4095 1101 4159 Theses
1112 4093 1146 4157 iu
1158 4090 1273 4178 Hypo-

130 4194 228 4265 tbeses
241 4210 273 4266 et
286 4200 496 4269 Definitioues
510 4202 747 4288 subdistinguit
792 4200 975 4267 Axiomatis
989 4210 1135 4266 naturam
1152 4200 1199 4264 sic
1216 4221 1273 4263 ex-

179 4412 197 4442 *
212 4415 278 4471 Now
288 4434 329 4473 we
340 4417 410 4473 shall
423 4419 508 4489 spcalr
520 4418 551 4474 of
559 4419 609 4474 the
619 4418 703 4474 kinds
713 4418 744 4475 of
752 4419 907 4490 principles.

181 4500 329 4558 lustotlets
340 4502 450 4573 opinion
462 4505 626 4573 concerning
637 4505 761 4574 Axioms,
774 4505 956 4576 Hypotheees,
969 4506 1139 4562 Definitions.
