3167 5192
108 409 274 493 uacr.1v.]
437 425 623 474 memoras
646 425 921 472 nsrnnnarrcre.
1214 408 1258 471 65

105 596 142 661 tis
156 598 265 664 affixas
278 597 599 663 demonstrationibus
611 597 678 662 suis
689 596 885 662 adhaerentes
896 595 1035 683 reperiri)
1051 595 1136 676 lraud
1149 595 1257 661 admo-

104 699 175 765 dum
195 722 389 788 repugnem:
413 700 470 766 sed
487 723 551 765 non
566 700 638 765 ideo
653 700 774 766 censeri
789 699 885 764 debet
899 698 1056 785 ejusmodi
1074 697 1256 784 regularum

104 803 273 888 congeriem
296 803 486 868 constituere
508 813 631 889 partem
650 801 811 888 quandam
832 811 887 866 aut
907 800 1043 887 speciem
1065 798 1257 866 Geometriae

103 928 120 970 a
146 906 392 994 contemplative
420 907 607 974 differentis.
653 905 729 972 Non
759 917 834 972 sunt
862 905 962 990 igitur
991 902 1254 989 Trigonometria,

106 1008 252 1090 (doctrina
275 1010 316 1075 de
338 1009 536 1076 dimensione
557 1009 789 1096 triangulorum
812 1008 1046 1074 rectilineorum
1069 1017 1101 1072 et
1124 1006 1255 1094 sphaeri-

103 1114 223 1196 oorum,)
235 1112 430 1193 Altimetria‚
444 1115 496 1179 vel
511 1113 746 1200 Euthymetria,
761 1114 844 1200 (quae
859 1111 1026 1177 distantias
1039 1110 1255 1196 investigandi

102 1214 222 1280 modum
242 1215 387 1300 indicat)
405 1216 622 1298 Planimetria,
643 1220 726 1304 (quea
748 1216 929 1304 superficies
948 1215 1060 1302 planas
1078 1213 1255 1280 describere

102 1327 130 1380 et
149 1319 268 1384 emetiri
290 1318 404 1403 docet)
428 1318 661 1400 Stereometria,
680 1322 763 1405 (quae
786 1319 958 1385 solidorum
978 1339 1144 1405 corporum
1164 1339 1254 1382 men·

101 1441 182 1484 suras
206 1426 392 1509 comparet)
419 1420 613 1488 Geometriae
638 1422 783 1509 practica
806 1421 910 1507 magis
930 1443 1027 1508 quam
1049 1418 1253 1506 speculativae

100 1533 214 1607 partes3
238 1523 382 1589 etunius
397 1523 599 1603 Geometriee
618 1547 690 1610 quae
710 1535 854 1610 respectu
873 1524 961 1588 vario
981 1521 1176 1610 speculativa
1189 1521 1254 1586 dici

100 1633 204 1709 potest,
220 1636 253 1692 et
266 1628 416 1714 practica.
463 1625 528 1694 Sed
544 1627 583 1692 de
598 1627 658 1692 hac
673 1649 706 1692 re
722 1627 879 1692 sufficiant
893 1627 965 1692 ista

159 1726 207 1793 De
235 1727 537 1796 Mathematicarum
569 1728 780 1797 Scientiarum
815 1730 938 1816 objecto
967 1726 1117 1814 generali,
1150 1726 1252 1813 deque

99 1829 258 1916 partitione
278 1831 421 1918 ipsa-rum
441 1831 594 1898 hactenus
612 1841 660 1897 est
674 1832 887 1897 dissertatum.
932 1828 1083 1895 Proxime
1102 1829 1250 1908 succedit,

100 1943 131 1995 ut
150 1933 189 1998 de
207 1935 307 2000 modo
328 1935 542 2023 dispiciamus,
573 1958 636 2023 quo
660 1936 743 2002 cirea
764 1959 857 2000 suum
883 1934 1041 2021 objectum
1067 1944 1249 2012 vereantur;

100 2035 150 2120 qui
166 2049 247 2104 certe
266 2059 334 2104 non
354 2038 437 2104 aliua
456 2049 504 2104 est
524 2040 564 2104 ab
582 2063 628 2120 co,
650 2040 705 2126 qui
724 2039 819 2104 debet
837 2038 943 2125 quoad
962 2039 1031 2124 ejus
1048 2037 1117 2102 fieri
1137 2046 1249 2125 potest,

100 2137 221 2220 inaliie,
242 2140 371 2228 proprie
386 2140 490 2221 dictis,
514 2141 653 2207 scientiis
669 2141 821 2206 obtinere.
868 2140 1033 2226 Siquidem
1052 2139 1087 2205 id
1101 2139 1163 2204 sibi
1177 2160 1251 2225 pro·

99 2240 227 2326 positum
249 2243 372 2308 habent
393 2265 502 2308 omnes
524 2243 674 2324 scientiae,
701 2252 737 2308 ut
758 2243 873 2330 objecti
899 2244 949 2309 sui
974 2243 1149 2330 praecipuas
1177 2265 1251 2329 pro·

99 2344 246 2430 prietates,
274 2347 469 2427 affectiones,
499 2357 532 2412 et
557 2347 729 2433 passiones,
754 2369 826 2412 cum
850 2346 919 2432 ejus
941 2347 1079 2412 essentia
1100 2347 1250 2432 conjunc·

99 2459 153 2529 tas,
167 2463 220 2516 ant
233 2452 275 2517 ab
288 2451 361 2538 ipsa
374 2462 548 2530 manantes,
561 2450 743 2516 immediate
758 2473 802 2516 sc.
814 2461 870 2516 aut
883 2451 1028 2530 mediate,
1042 2451 1250 2536 investigent3

99 2552 210 2641 hasque
224 2556 274 2621 iili
291 2554 467 2620 necessario
485 2566 659 2642 competere
678 2577 733 2643 per
753 2554 930 2621 evidentem
949 2568 981 2621 et
996 2565 1116 2620 certum
1131 2553 1252 2619 discur-

102 2679 166 2722 sum
180 2659 360 2724 ostendant.
405 2655 478 2720 Etsi
498 2656 536 2722 de
552 2655 633 2722 facto
653 2666 819 2744 praestetur
836 2656 906 2734 hoc,
927 2659 969 2723 ob
986 2655 1126 2721 materiae
1143 2654 1252 2720 condi-

102 2759 220 2842 tionem,
242 2787 261 2827 a
275 2760 479 2849 quibusdem,
500 2771 536 2825 ut
550 2782 613 2825 non
627 2783 692 2825 uno
706 2760 775 2825 loco
795 2759 932 2826 advertit
946 2759 1145 2839 Aristoteles,
1161 2757 1252 2846 dspi-

101 2863 248 2950 βέστερον
269 2863 327 2929 καὶ
353 2861 609 2951 ἁνωγκαιότερον,
631 2864 769 2928 strictius
793 2873 826 2929 et
845 2863 967 2943 fortius,
987 2866 1029 2930 ab
1051 2863 1123 2929 aliis
1143 2871 1251 2947 μαλω-

102 2965 254 3049 compost,
273 2967 409 3033 dilutius
426 2976 459 3033 et
478 2967 671 3034 dissolutius.
716 2967 886 3054 Ejusmodi
904 2992 978 3034 vero
993 2968 1153 3035 discursus
1168 2966 1251 3034 ἀπό-

103 3067 202 3152 δειξις’
228 3072 480 3159 (demonstratio)
507 3071 570 3136 diei
596 3072 693 3152 solet3
724 3073 806 3158 (ideo
831 3072 947 3153 forsan,
970 3073 1056 3160 quod
1080 3072 1250 3162 perillum

103 3170 227 3239 deducta
248 3175 411 3241 conclusio
433 3187 499 3241 tam
522 3175 695 3242 intellectui
721 3187 843 3242 constat
869 3177 998 3263 liquido,
1022 3201 1118 3265 quam
1145 3178 1251 3243 sensui

103 3277 259 3345 manifeste
281 3279 393 3367 patefit
417 3301 467 3344 res
489 3291 596 3344 exerto
619 3279 720 3366 digito
743 3280 974 3361 demonstrata3
1000 3305 1075 3347 nam
1101 3281 1252 3348 δεικνύειν

104 3391 146 3444 est
166 3381 346 3468 indigitare,
373 3383 461 3448 velut
485 3393 614 3450 extento
638 3385 737 3471 digito
761 3385 933 3464 ostendere,
958 3384 1250 3466 &monumen

105 3481 179 3550 unde
200 3484 368 3563 δάκτυλος,
389 3485 481 3572 quasi
502 3484 695 3570 δείκτυλος;)
720 3487 842 3553 dehoc
859 3510 934 3552 vero
949 3486 1144 3552 discurrendi
1159 3487 1252 3552 modo

106 3605 160 3650 non
174 3599 221 3654 eet
234 3590 299 3654 mei
315 3588 366 3654 vel
381 3590 473 3654 officii
488 3590 540 3656 vel
554 3590 714 3678 propositi,
731 3589 787 3656 sed
801 3590 841 3655 ed
857 3589 1009 3676 Logicam
1023 3590 1149 3676 proprie
1164 3612 1252 3676 spec-

106 3694 155 3766 tat,
174 3691 348 3776 generatim
370 3701 567 3779 pertractare.
602 3691 697 3757 Ilium
713 3693 769 3778 qui
790 3699 884 3758 nosse
905 3691 993 3778 cupit
1012 3691 1219 3771 intimius,·et
1233 3718 1253 3759 a

107 3791 207 3874 primis
235 3795 379 3861 fontibus
408 3795 594 3882 degustare3
629 3795 734 3883 ipsum
763 3796 908 3861 consulat
937 3807 1058 3884 oportet
1087 3799 1251 3884 egregium

108 3892 382 3977 ejusiuventorem
402 3898 506 3978 simul,
526 3909 558 3964 et
581 3898 774 3964 luculentum
794 3909 951 3964 auctorem
972 3897 1194 3980 Aristotelem
1217 3901 1252 3966 in

108 3992 188 4065 libris
202 4001 393 4090 Analyticis,
417 4001 647 4069 Posterioribus
667 4001 852 4089 praesertim,
878 4001 1152 4068 demonstrationis
1175 4026 1252 4072 enu-

110 4095 250 4168 cleantem
272 4116 428 4183 naturam,
452 4115 484 4168 et
505 4103 591 4189 leges
613 4104 641 4170 ei
665 4102 899 4191 praetigentem3
926 4103 1005 4168 mihi
1028 4105 1194 4187 suffecerit,
1215 4119 1253 4174 ut

111 4221 154 4266 res
179 4204 264 4287 seret,
291 4207 332 4272 ab
357 4207 412 4272 illo
437 4207 522 4273 dicta
548 4207 801 4296 praescriptaque,
832 4218 986 4293 quatenus
1015 4207 1253 4277 Mathematicis

247 4341 258 4374 ¹
275 4355 301 4391 v.
314 4343 423 4408 Haupt.
437 4360 490 4410 cup.
505 4359 528 4394 a.
814 4343 826 4376 ¹
840 4356 878 4394 11,
891 4344 1001 4409 recept.
1013 4363 1068 4411 cap.
1083 4357 1104 4407 7.

147 4533 213 4597 ,The
225 4537 340 4595 Method
351 4541 381 4595 os
391 4540 545 4610 Geometry.
598 4541 829 4598 Demonstmtion.

194 4641 222 4686 Β.
236 4641 272 4687 Μ.
