3167 5192
344 364 409 431 352
685 384 871 435 anemonas
894 383 1169 435 usrnnusrrcn.
1292 368 1394 455 [asor.
1409 389 1484 439 xru.

410 552 505 633 Quod
525 575 601 619 vero
623 575 688 619 non
708 553 843 640 varlgare
865 555 1026 621 theorema
1047 555 1134 637 dicit,
1158 555 1302 621 innuens
1323 556 1484 625 nimiruma

345 655 582 723 definitionibus
607 679 645 721 ac
669 656 835 744 principiis
861 681 881 723 a
910 659 1015 747 seipso
1039 658 1217 746 praestratis
1242 658 1407 725 difficulter
1428 661 1485 727 elici

342 759 568 846 proprietatem
582 758 675 838 hanc,
692 758 777 823 nihil
794 758 836 825 ad
853 782 919 826 ram
937 759 1023 826 facit.
1067 759 1136 827 Nec
1152 761 1243 827 enim
1258 761 1302 826 ad
1315 760 1485 829 definitionis

344 862 567 949 perfectionem
588 861 767 949 requiritur,
787 872 825 929 ιιι
844 885 915 950 quae
934 862 970 928 in
989 863 1061 951 ipsa
1080 863 1258 929 adhibetur
1276 865 1440 953 proprietas
1454 888 1485 931 er

342 962 418 1031 aliis
435 972 597 1051 utcunque
615 964 728 1051 positis
747 965 912 1052 principiis
933 964 1026 1032 facile
1045 976 1274 1054 consequatur.
1317 966 1363 1033 Et
1381 990 1484 1055 prorsus

342 1068 455 1135 eodem
469 1080 561 1156 pacto
575 1091 672 1156 qnam
685 1068 754 1156 ipse
767 1069 947 1157 prolaturus
962 1080 1011 1137 est
1025 1070 1182 1152 definitio,
1199 1071 1403 1137 theorematis
1418 1071 1485 1135 haud

343 1172 487 1258 vulgaris
511 1171 641 1237 titulum
669 1171 852 1253 merebitur,
882 1174 959 1260 quia
987 1196 1053 1239 non
1081 1175 1236 1241 omnibus
1264 1174 1343 1241 adeo
1367 1175 1484 1263 proclive

342 1274 438 1341 fuant
456 1296 527 1339 eam
541 1296 560 1339 e
573 1272 813 1341 definitionibus
827 1273 909 1355 aliis,
932 1274 1121 1341 nominatim
1141 1298 1188 1343 ex
1206 1276 1270 1342 hac
1287 1282 1403 1356 nosue,
1418 1274 1486 1341 deri·

342 1400 426 1445 vare.

407 1478 523 1567 Neque
540 1478 655 1546 deinde
675 1479 791 1546 mirum
813 1490 871 1563 est,
894 1503 953 1547 nec
974 1482 1016 1548 ab
1034 1482 1182 1565 Euclide,
1206 1506 1269 1551 nec
1286 1485 1328 1552 ab
1344 1482 1404 1549 alio
1421 1504 1484 1569 quo

341 1585 429 1674 piam
451 1582 701 1651 demonstratum
722 1582 821 1649 fuisse
846 1584 908 1649 hoc
930 1585 1102 1666 theorema,
1122 1608 1203 1653 cum
1229 1588 1265 1651 in
1288 1584 1482 1652 definitionem

340 1688 577 1777 assumpserint,
598 1697 631 1753 et
644 1686 836 1775 principium
850 1687 1022 1753 habuerint
1035 1688 1108 1754 aliis
1123 1688 1384 1757 demonstrandis
1401 1688 1483 1753 inser·

340 1789 432 1857 viens
440 1815 451 1871 ;
472 1789 544 1876 quis
558 1788 643 1853 enim
658 1810 800 1875 unquam
814 1787 972 1875 principia
987 1810 1046 1855 sua
1060 1790 1251 1877 aggreditur
1264 1786 1482 1856 demonstrare?

405 1892 604 1979 Quapropter
624 1898 657 1958 et
670 1890 766 1955 nihili
779 1890 884 1978 pendo
899 1890 1074 1957 discursum
1089 1891 1200 1972 istum,
1216 1914 1315 1979 quem
1329 1889 1403 1957 alibi
1416 1888 1482 1953 Tac·

339 2004 454 2081 quetus
472 1993 561 2059 effert
582 1991 635 2058 his
651 1990 776 2072 verbis;
807 1990 905 2079 cujus
924 1993 1050 2080 quidem
1068 1995 1190 2081 capotii
1205 2018 1279 2061 eum
1300 1994 1375 2059 satri
1394 1991 1479 2057 ardua

337 2111 429 2185 atque
441 2096 574 2184 prolem
591 2096 635 2161 ait
651 2095 882 2176 demanaatio,
902 2108 938 2163 at
948 2097 1023 2184 jam
1042 2098 1149 2185 reipsa
1162 2120 1385 2186 wymacemaa,
1395 2093 1479 2183 fiale

336 2200 501 2291 apparebit
513 2210 703 2288 praepostere
723 2199 821 2285 &abac
841 2198 1015 2280 Euclidem,
1038 2202 1099 2287 qaa'
1120 2200 1320 2289 ceqaala'tataa
1341 2201 1476 2265 ratane

329 2305 475 2394 primam
488 2300 763 2390 etfiradamentale
776 2301 931 2367 indcium
941 2304 1028 2370 eunt
1035 2302 1133 2370 coluit
1146 2328 1188 2371 aa
1201 2305 1264 2372 tec
1276 2300 1475 2391 adaptata

335 2407 579 2475 indecorosum
599 2404 747 2470 hmanas
759 2405 964 2491 prqrratate,
982 2406 1071 2493 cujas
1092 2418 1158 2471 tam
1180 2420 1301 2473 rectora
1321 2420 1349 2473 et
1368 2404 1473 2470 οιιοιιι

334 2524 379 2579 eat
392 2535 462 2577 cam
475 2510 633 2576 rationum
652 2506 829 2594 equalitate
848 2509 1005 2574 ιοιιιιιιι.
1051 2506 1131 2587 Quae
1153 2508 1202 2575 sic
1224 2510 1260 2575 in
1283 2516 1470 2575 accusatorem

334 2626 506 2702 retorqueo,
528 2623 566 2679 ut
585 2611 718 2677 minime
739 2609 882 2676 dubitem
903 2620 1129 2699 proeposterum
1151 2613 1182 2677 ei
1205 2612 1365 2701 judicium
1384 2609 1470 2695 objec-

332 2727 409 2798 tare,
424 2716 482 2803 qui
495 2715 575 2781 vitio
588 2713 686 2781 vertit
698 2710 839 2793 Euclidi,
859 2712 945 2800 quod
963 2712 1249 2783 indemonstratam
1269 2713 1468 2804 proprietatem

332 2817 473 2906 posuerit
486 2817 522 2881 in
536 2815 719 2882 definitione
734 2818 812 2895 sut;
835 2814 928 2901 qnasi
946 2836 1022 2881 vero
1040 2815 1178 2901 subjecti
1194 2817 1368 2906 proprietas
1385 2809 1470 2878 iude-

332 2918 477 2985 finitionc
496 2918 601 3006 posita
618 2918 689 2984 sine
705 2917 876 2985 manifesta
892 2916 1141 2985 contradictione
1158 2918 1369 2987 demonstrari
1385 2910 1468 3003 ponit

331 3020 373 3087 ab
388 3041 436 3099 eo,
456 3021 513 3105 qui
532 3042 589 3106 per
607 3018 696 3084 illam
715 3019 895 3106 subjectum
913 3018 1102 3086 definiverit
1143 3020 1233 3089 Nam
1248 3045 1292 3089 ex
1304 3043 1341 3087 eo
1354 3014 1466 3106 quodie

330 3120 513 3191 definitione
526 3120 665 3208 ponitur,
683 3121 857 3189 assumitur
875 3143 944 3188 esse
962 3122 1066 3209 prima
1084 3123 1230 3191 omnium
1251 3122 1421 3214 proprietas,
1437 3124 1465 3179 at

330 3235 486 3315 quatenus
511 3222 776 3305 demonstrabilis,
803 3224 945 3312 aliquam
967 3226 1118 3314 supponit
1138 3227 1287 3315 priorem,
1314 3236 1345 3293 at
1366 3220 1463 3290 idcirco

329 3332 442 3422 nequit
457 3352 527 3398 esse
542 3328 657 3417 prima.
701 3326 809 3408 Quare
829 3350 893 3395 non
912 3340 1112 3418 prepostero,
1136 3330 1195 3399 sed
1216 3330 1386 3399 rectissimo
1403 3343 1462 3414 pro·

329 3436 424 3504 cessit
438 3420 547 3503 ordine
561 3432 714 3519 magister
726 3438 843 3498 noster.

331 3539 477 3607 ·Oum
491 3561 566 3606 vero
579 3547 732 3604 remotam
745 3545 779 3603 et
792 3535 961 3602 obscuram
974 3558 1044 3603 esse
1061 3536 1178 3605 clamat
1192 3538 1326 3629 hujusce
1339 3528 1457 3649 proprie·

326 3647 402 3714 tatis
416 3666 489 3711 cum
502 3642 662 3709 rationum
676 3639 858 3728 equalitate
872 3640 1111 3721 connexionem,
1131 3644 1255 3711 notorio
1270 3640 1347 3733 petit
1359 3629 1456 3726 princi·

325 3757 432 3846 pium;
462 3776 538 3820 nam
559 3750 711 3818 Euclides
732 3759 816 3817 certe
837 3748 1128 3815 manifestissimam
1150 3772 1219 3817 esse
1240 3749 1337 3841 ponit,
1361 3752 1390 3809 ct
1409 3758 1455 3825 pc

324 3861 429 3927 nendo
444 3858 521 3927 facit
535 3854 772 3925 connexionem
775 3854 844 3939 ejus
855 3874 929 3918 cum
942 3852 1013 3930 hae,
1023 3872 1097 3916 cum
1108 3874 1151 3918 ex
1164 3858 1201 3919 et
1214 3852 1298 3920 hanc
1310 3840 1453 3916 definient

320 4211 354 4267 th
374 4125 448 4183 'l'hat
462 4128 519 4184 this
534 4129 658 4187 theorem
674 4148 737 4205 may
748 4132 785 4189 ba
796 4132 924 4193 dsduced
935 4136 1008 4195 hum
1019 4138 1104 4197 other
1115 4138 1292 4197 delinitione·
1283 4156 1306 4197 u
1316 4128 1449 4201 „oanan

353 4228 370 4268 θ
381 4230 506 4285 W

371 4305 398 4354 4.
435 4299 1445 4385 mitnpreposterouseoonatunremotepropertymtatot·
1523 4318 1524 4359 l

319 4383 418 4456 simpla
429 4385 581 4443 deflnltton

371 4474 440 4527 Ana
475 4470 506 4526 It
522 4471 547 4527 ia
563 4476 760 4543 preposterous
775 4480 808 4535 to
824 4480 937 4551 require
953 4499 971 4539 a
987 4480 1069 4555 procl
1082 4484 1114 4541 of
1127 4484 1178 4543 the
1193 4486 1321 4557 property
1335 4468 1432 4537 affl
1422 4484 1442 4523 ¹¹

317 4556 401 4615 taken
412 4575 444 4617 as
455 4558 505 4617 tha
515 4558 667 4663 definition
