3167 5192
320 395 385 466 258
659 414 848 466 neruosus
870 412 1142 465 ulmuurmom.
1277 394 1379 483 [uum.
1392 412 1455 464 rvr.

321 574 436 671 nempe
460 606 492 650 v.
510 606 543 671 g.
570 583 724 651 diameter
749 584 860 651 circuli
885 593 997 671 quater
1022 591 1170 671 aceeptus
1194 580 1459 649 circumferentiam

321 686 456 753 axoedit.

387 790 541 871 Quinimo
556 790 642 879 quod
655 790 719 857 sibi
733 790 910 879 gratuletur
923 791 1021 858 habet
1035 812 1172 878 praesens
1187 798 1274 871 etas,
1290 790 1325 855 in
1338 810 1373 856 eo
1386 788 1461 876 quod

321 892 462 959 humano
477 916 573 981 quam
587 894 717 981 ingenio
736 894 945 975 erediderunt,
966 904 1022 959 aut
1036 893 1130 960 valde
1145 892 1296 977 suspicati
1311 902 1391 973 eunt,
1409 892 1463 958 im·

320 996 600 1085 pervestigabilem
620 998 792 1065 anteriores
811 998 999 1078 Geometra,
1023 997 1221 1085 quarundam
1246 1018 1408 1063 curvarum
1427 995 1463 1061 ad

320 1109 422 1167 rectas
447 1088 682 1188 propbrtionem
711 1102 847 1168 mirifica
873 1101 1052 1169 subtilitate
1078 1099 1310 1181 adinvenerint,
1337 1100 1463 1187 satisque

322 1203 487 1291 perspicue
502 1202 748 1269 demonstrarint
761 1203 907 1270 hodierni
922 1202 1111 1271 Geometrae.

387 1304 511 1371 Pariter
532 1306 712 1392 superficies
734 1328 844 1373 omnes
866 1305 966 1371 finitae
988 1304 1215 1393 superficiebus
1240 1303 1342 1371 linitis
1366 1304 1465 1370 homo·

323 1428 432 1495 geneae
455 1419 539 1490 sunt,
562 1408 659 1475 etiam
681 1408 786 1497 planae
808 1410 923 1491 curvis,
939 1407 1196 1496 quandoquidem
1213 1407 1328 1474 harum
1343 1407 1384 1473 ad
1400 1406 1466 1473 illas

322 1512 483 1600 proportio
508 1536 572 1579 non
597 1513 701 1580 solum
726 1513 890 1602 possibilis
911 1513 1094 1594 adstruitur,
1125 1522 1159 1578 at
1184 1511 1290 1600 qualis
1319 1512 1361 1579 sit
1384 1510 1468 1578 facile
1554 1506 1555 1517 ¹

323 1612 565 1698 demonstratu,
582 1616 665 1683 siout
679 1617 721 1683 ab
735 1615 938 1697 Archimede,
954 1616 1006 1682 eui
1021 1614 1166 1681 circulari
1186 1638 1266 1681 areae
1280 1616 1384 1704 planae
1398 1615 1469 1681 recti

322 1718 405 1800 eoni,
433 1719 512 1785 recti
540 1718 688 1807 cylindri,
720 1718 864 1807 sphaerae,
895 1717 1121 1808 sphaerica-eque
1155 1718 1297 1805 cujusvis
1324 1718 1470 1806 portionis

323 1840 421 1886 curva
435 1821 615 1909 superficies
630 1821 824 1909 adsequatur.
869 1820 1087 1889 Consimiliter
1106 1828 1138 1886 et
1155 1820 1263 1886 omnia
1282 1820 1383 1887 solide
1401 1820 1471 1887 soli-

324 1921 375 1988 dis
388 1923 488 1990 finitis
502 1923 699 2011 homogeuea
713 1935 798 1992 suut.

388 2024 459 2092 Imo
474 2024 501 2091 si
517 2026 628 2113 anguli
646 2028 775 2093 omnino
796 2026 909 2114 quanti
928 2036 1012 2107 eunt,
1033 2037 1065 2093 et
1079 2026 1269 2115 equalitatis
1284 2026 1336 2094 vel
1349 2050 1472 2117 propor-

323 2126 420 2193 tionis
434 2127 603 2216 partioipes
621 2129 719 2216 (quod
733 2139 770 2195 ut
785 2128 927 2195 diximus
942 2128 1128 2216 ambigitur)
1150 2128 1246 2195 etiam
1261 2130 1373 2217 anguli
1387 2132 1472 2197 recti·

323 2230 402 2297 linei
416 2231 597 2298 curvilineis
611 2232 775 2297 nonnullis
790 2231 981 2319 homogenei
1001 2240 1103 2313 erunt,
1123 2231 1184 2297 hoo
1203 2254 1308 2313 sensu,
1327 2234 1472 2320 queniam

323 2355 366 2401 ex
380 2334 451 2401 istis
465 2335 564 2424 aliqui
578 2335 693 2401 horum
706 2334 870 2401 nonnullis
891 2334 1028 2423 aequales
1047 2335 1310 2417 demonstrantur,
1331 2359 1352 2402 a
1366 2336 1472 2404 Proolo

322 2438 445 2506 scilicet
457 2439 540 2505 libro
554 2438 647 2504 tertio
662 2438 703 2503 ad
718 2438 847 2503 axioma
861 2437 1093 2505 duodecimum.
1139 2436 1260 2505 Saltem
1279 2462 1355 2506 vero
1370 2440 1472 2507 homo·

324 2543 417 2631 genei
432 2553 508 2610 sunt
522 2543 604 2611 inter
618 2565 652 2609 se
666 2541 773 2609 cuncti
787 2541 899 2627 anguli
912 2542 1077 2609 rectilinei.
1136 2558 1140 2563 ·

390 2646 471 2713 Haec
485 2657 592 2714 autem
606 2647 685 2713 adeo
700 2645 868 2712 manifesta
882 2646 953 2711 visa
967 2657 1041 2713 sunt
1052 2645 1248 2727 Archimedi,
1259 2656 1372 2714 utnon
1387 2648 1472 2715 dubi·

323 2749 401 2815 terit
414 2772 573 2816 assumere
587 2749 673 2837 quod
687 2748 810 2836 quevis
825 2748 1032 2814 determinata
1046 2748 1233 2836 magnitudo
1246 2750 1349 2838 possit
1363 2750 1472 2817 multo·

322 2850 385 2917 ties
399 2851 523 2938 adjecta
536 2851 608 2932 sibi,
624 2852 677 2918 vel
692 2850 860 2939 aliquoties
880 2850 1101 2940 multiplicate,
1121 2852 1269 2939 quamvis
1283 2852 1381 2919 aliam
1395 2854 1472 2940 ejus·

324 2954 397 3020 dem
418 2955 528 3021 classis
549 2956 803 3042 magnitudinem
825 2978 980 3043 superare.
1021 2954 1098 3021 Ἔτι
1120 2956 1235 3042 (inquit
1255 2956 1289 3022 in
1307 2956 1472 3044 praestratis

324 3056 407 3124 libro
421 3058 620 3125 nobilissimo
635 3058 675 3125 de
691 3058 825 3145 Sphaeri
844 3068 877 3125 et
895 3056 1061 3146 cylindro,
1077 3058 1137 3124 hoc
1150 3068 1208 3137 est,
1226 3068 1379 3146 praterea
1392 3082 1474 3127 assu-

323 3160 389 3244 mo)
411 3164 476 3227 τῶν
498 3160 619 3228 ἀνίσων
642 3165 800 3249 γραμμῶν
825 3162 880 3229 καὶ
905 3162 1028 3229 ἀνίσων
1050 3163 1253 3251 ἐπιφονείων,
1281 3164 1336 3230 nal
1358 3163 1474 3233 ἀνισον

325 3265 474 3350 στερεῶν,
500 3262 539 3361 τὸ
562 3265 669 3348 μεῖζον
693 3267 751 3330 τοῦ
771 3264 952 3335 ἐλάσσονος
976 3264 1144 3353 ὑπερέχειν
1166 3264 1309 3353 τοιούτῳ,
1333 3265 1351 3333 ὃ
1374 3292 1475 3333 murre-

324 3365 455 3451 θέμενον
474 3366 569 3433 ἑαυτὸ
589 3366 692 3456 ἑσνιῷ
710 3366 844 3435 δυνατόν
864 3367 955 3433 ἐστιν
976 3367 1145 3458 ὑπερέχειν
1158 3368 1279 3441 παντὸς
1293 3372 1352 3436 τοῦ
1366 3394 1475 3459 προτε-

324 3469 432 3541 θέντος
446 3473 511 3537 τῶν
524 3469 606 3559 πρὸς
620 3469 755 3553 ἄλληλα
768 3470 960 3553 λεγομένων.

388 3574 452 3642 Cui
474 3574 579 3642 simile
593 3574 788 3663 postulatum
803 3572 968 3664 praemittit
989 3572 1123 3640 Olavius
1144 3572 1315 3641 Elemento
1337 3576 1474 3645 decimo:

323 3676 507 3746 Postuletur
530 3679 707 3768 quamlibet
732 3677 988 3765 magnitudinem
1018 3678 1111 3744 toties
1140 3701 1234 3767 posse
1263 3679 1475 3770 multiplicari,

323 3782 422 3851 donec
436 3784 583 3871 quamvis
597 3782 852 3871 magnitudinem
866 3781 1008 3870 ejusdem
1023 3782 1148 3869 generis
1162 3782 1305 3849 excedat

389 3884 459 3953 Neo
473 3886 579 3953 minus
594 3885 724 3953 evidens
739 3894 788 3952 est
803 3894 945 3972 tempora
958 3883 1081 3971 quevis
1095 3881 1187 3950 linita
1200 3885 1396 3973 temporibus
1410 3884 1477 3951 lini·

377 4084 412 4139 In
424 4100 500 4141 some
510 4100 588 4141 cases
599 4084 715 4141 modern
726 4087 883 4155 geometors
893 4084 963 4140 have
975 4082 1137 4140 dimovered
1148 4080 1204 4139 this
1216 4082 1295 4139 ratio.

375 4169 501 4226 Surlaoes
519 4188 567 4226 are
585 4171 788 4241 homogeneons
800 4172 867 4228 with
886 4172 1014 4229 surlaoes.

374 4254 539 4355 lieetrlineal
556 4258 652 4327 angles
669 4274 718 4315 are
736 4258 939 4329 homogoneous
950 4258 1017 4313 with
1034 4256 1070 4312 all
1083 4256 1247 4325 rectilinear,
1258 4255 1316 4312 and
1327 4256 1396 4313 wilh
1407 4270 1478 4311 some

322 4341 527 4485 curldhxiddi'ol
543 4428 733 4500 Archimedes,
752 4431 816 4488 that
834 4448 886 4503 any
903 4448 955 4487 one
973 4430 1136 4500 magnitude
1154 4444 1216 4501 may
1227 4432 1264 4487 bs
1278 4428 1436 4502 multiplied
1450 4442 1478 4483 so

321 4532 352 4571 as
363 4520 394 4571 to
405 4515 508 4571 exossd
520 4532 573 4586 any
584 4516 666 4573 other
676 4517 708 4572 ol
716 4517 766 4573 the
777 4532 853 4573 saure
864 4516 938 4571 kind
975 4515 1011 4571 So
1024 4515 1141 4572 clarina
