<?xml version="1.0" encoding="UTF-8"?>
<!DOCTYPE html PUBLIC "-//W3C//DTD XHTML 1.0 Transitional//EN"
    "http://www.w3.org/TR/xhtml1/DTD/xhtml1-transitional.dtd">
<html xmlns="http://www.w3.org/1999/xhtml" xml:lang="en" lang="en">
 <head>
  <title>
</title>
<meta http-equiv="Content-Type" content="text/html;charset=utf-8" />
  <meta name='ocr-system' content='tesseract 3.04.00' />
  <meta name='ocr-capabilities' content='ocr_page ocr_carea ocr_par ocr_line ocrx_word'/>
</head>
<body>
  <div class='ocr_page' id='page_1' title='image "./mathematicalwor00whewgoog_0019.png"; bbox 0 0 3167 5192; ppageno 0'>
   <div class='ocr_carea' id='block_1_1' title="bbox 418 651 993 849">
    <p class='ocr_par' dir='ltr' id='par_1_1' title="bbox 418 651 993 849">
     <span class='ocr_line' id='line_1_1' title="bbox 418 651 993 740; baseline 0.002 -22"><span class='ocrx_word' id='word_1_1' title='bbox 418 651 607 721; x_wconf 65' lang='lat' dir='ltr'>Deda&#39;oae&#39;on</span> <span class='ocrx_word' id='word_1_2' title='bbox 628 651 670 740; x_wconf 74' lang='lat' dir='ltr'>qt*</span> <span class='ocrx_word' id='word_1_3' title='bbox 682 651 844 719; x_wconf 76' lang='lat' dir='ltr'>Barroro’o</span> <span class='ocrx_word' id='word_1_4' title='bbox 866 652 993 734; x_wconf 68' lang='lat' dir='ltr'>Etcolsil,</span> 
     </span>
     <span class='ocr_line' id='line_1_2' title="bbox 653 781 749 849; baseline 0 -1"><span class='ocrx_word' id='word_1_5' title='bbox 653 781 749 849; x_wconf 84' lang='lat'><strong>1655.</strong></span> 
     </span>
    </p>
   </div>
   <div class='ocr_carea' id='block_1_2' title="bbox 284 1106 1225 1167">
    <p class='ocr_par' dir='ltr' id='par_1_2' title="bbox 284 1106 1225 1167">
     <span class='ocr_line' id='line_1_3' title="bbox 284 1106 1225 1167; baseline 0.002 -3"><span class='ocrx_word' id='word_1_6' title='bbox 284 1106 601 1165; x_wconf 77' lang='lat' dir='ltr'>NOBlLlSSIllIS</span> <span class='ocrx_word' id='word_1_7' title='bbox 644 1107 694 1164; x_wconf 68' lang='grc' dir='ltr'>ΕΤ</span> <span class='ocrx_word' id='word_1_8' title='bbox 735 1107 1119 1167; x_wconf 73' lang='lat' dir='ltr'>ourussoslsslms</span> <span class='ocrx_word' id='word_1_9' title='bbox 1219 1110 1225 1120; x_wconf 93' lang='grc'><strong><em>’</em></strong></span> 
     </span>
    </p>
   </div>
   <div class='ocr_carea' id='block_1_3' title="bbox 588 1264 822 1305">
    <p class='ocr_par' dir='ltr' id='par_1_3' title="bbox 588 1264 822 1305">
     <span class='ocr_line' id='line_1_4' title="bbox 588 1264 822 1305; baseline 0.013 -3"><span class='ocrx_word' id='word_1_10' title='bbox 588 1264 822 1305; x_wconf 71' lang='lat' dir='ltr'>smusomuus</span> 
     </span>
    </p>
   </div>
   <div class='ocr_carea' id='block_1_4' title="bbox 164 1386 1132 1768">
    <p class='ocr_par' dir='ltr' id='par_1_4' title="bbox 164 1386 1132 1768">
     <span class='ocr_line' id='line_1_5' title="bbox 336 1386 1068 1474; baseline 0.01 -21"><span class='ocrx_word' id='word_1_11' title='bbox 336 1387 397 1453; x_wconf 70' lang='lat' dir='ltr'>uno</span> <span class='ocrx_word' id='word_1_12' title='bbox 439 1386 738 1456; x_wconf 77' lang='lat' dir='ltr'>neuneno</span> <span class='ocrx_word' id='word_1_13' title='bbox 782 1389 1068 1474; x_wconf 69' lang='lat' dir='ltr'>onemo,</span> 
     </span>
     <span class='ocr_line' id='line_1_6' title="bbox 425 1538 985 1601; baseline 0.005 -11"><span class='ocrx_word' id='word_1_14' title='bbox 425 1539 555 1591; x_wconf 65' lang='lat' dir='ltr'>matria.</span> <span class='ocrx_word' id='word_1_15' title='bbox 575 1538 675 1591; x_wconf 68' lang='lat' dir='ltr'>Comitis</span> <span class='ocrx_word' id='word_1_16' title='bbox 691 1541 882 1593; x_wconf 66' lang='lat' dir='ltr'><strong>salisburiensis</strong></span> <span class='ocrx_word' id='word_1_17' title='bbox 898 1541 985 1601; x_wconf 64' lang='lat' dir='ltr'>Filior</span> 
     </span>
     <span class='ocr_line' id='line_1_7' title="bbox 164 1659 1132 1768; baseline 0.017 -28"><span class='ocrx_word' id='word_1_18' title='bbox 164 1659 169 1768; x_wconf 80' lang='lat' dir='ltr'><strong>j</strong></span> <span class='ocrx_word' id='word_1_19' title='bbox 277 1676 336 1741; x_wconf 77' lang='lat' dir='ltr'>1&gt;m</span> <span class='ocrx_word' id='word_1_20' title='bbox 378 1675 668 1746; x_wconf 71' lang='lat' dir='ltr'>rourum</span> <span class='ocrx_word' id='word_1_21' title='bbox 716 1677 1132 1757; x_wconf 65' lang='lat' dir='ltr'>uunuoueun</span> 
     </span>
    </p>
   </div>
   <div class='ocr_carea' id='block_1_5' title="bbox 256 1923 1142 2010">
    <p class='ocr_par' dir='ltr' id='par_1_5' title="bbox 256 1923 1142 2010">
     <span class='ocr_line' id='line_1_8' title="bbox 256 1923 1142 2010; baseline 0.006 -22"><span class='ocrx_word' id='word_1_22' title='bbox 256 1923 299 1989; x_wconf 93' lang='lat' dir='ltr'>D.</span> <span class='ocrx_word' id='word_1_23' title='bbox 344 1923 626 1996; x_wconf 83' lang='lat' dir='ltr'>FRANOIS</span> <span class='ocrx_word' id='word_1_24' title='bbox 669 1925 1142 2010; x_wconf 84' lang='lat' dir='ltr'>WILLOUGHBY,</span> 
     </span>
    </p>
   </div>
   <div class='ocr_carea' id='block_1_6' title="bbox 623 2091 779 2131">
    <p class='ocr_par' dir='ltr' id='par_1_6' title="bbox 623 2091 779 2131">
     <span class='ocr_line' id='line_1_9' title="bbox 623 2091 779 2131; baseline 0.019 -3"><span class='ocrx_word' id='word_1_25' title='bbox 623 2091 779 2131; x_wconf 69' lang='grc' dir='ltr'>ΔΙΙΙΟΕΒΙΕ.</span> 
     </span>
    </p>
   </div>
   <div class='ocr_carea' id='block_1_7' title="bbox 174 2263 1240 4119">
    <p class='ocr_par' dir='ltr' id='par_1_7' title="bbox 296 2263 1233 2355">
     <span class='ocr_line' id='line_1_10' title="bbox 296 2263 1233 2355; baseline 0 -22"><span class='ocrx_word' id='word_1_26' title='bbox 296 2263 477 2345; x_wconf 78' lang='lat' dir='ltr'>OUIQUE</span> <span class='ocrx_word' id='word_1_27' title='bbox 501 2275 643 2334; x_wconf 81' lang='lat' dir='ltr'>vestrum</span> <span class='ocrx_word' id='word_1_28' title='bbox 670 2264 807 2355; x_wconf 68' lang='lat' dir='ltr'>(Optimi</span> <span class='ocrx_word' id='word_1_29' title='bbox 835 2264 1075 2350; x_wconf 87' lang='lat' dir='ltr'>Adolesoentes)</span> <span class='ocrx_word' id='word_1_30' title='bbox 1106 2273 1233 2333; x_wconf 76' lang='lat' dir='ltr'>tentum</span> 
     </span>
    </p>

    <p class='ocr_par' dir='ltr' id='par_1_8' title="bbox 174 2375 1240 4119">
     <span class='ocr_line' id='line_1_11' title="bbox 265 2375 1233 2464; baseline 0.004 -24"><span class='ocrx_word' id='word_1_31' title='bbox 265 2399 317 2442; x_wconf 89' lang='lat' dir='ltr'>me</span> <span class='ocrx_word' id='word_1_32' title='bbox 345 2375 459 2442; x_wconf 87' lang='lat' dir='ltr'>debere</span> <span class='ocrx_word' id='word_1_33' title='bbox 492 2385 616 2464; x_wconf 90' lang='lat' dir='ltr'>reputo,</span> <span class='ocrx_word' id='word_1_34' title='bbox 646 2385 803 2464; x_wconf 79' lang='lat' dir='ltr'>quantum</span> <span class='ocrx_word' id='word_1_35' title='bbox 830 2377 927 2444; x_wconf 88' lang='lat' dir='ltr'>homo</span> <span class='ocrx_word' id='word_1_36' title='bbox 962 2375 1086 2444; x_wconf 89' lang='lat' dir='ltr'>homini</span> <span class='ocrx_word' id='word_1_37' title='bbox 1118 2377 1233 2444; x_wconf 88' lang='lat' dir='ltr'>debere</span> 
     </span>
     <span class='ocr_line' id='line_1_12' title="bbox 174 2485 1234 2574; baseline -0.004 -20"><span class='ocrx_word' id='word_1_38' title='bbox 174 2495 290 2574; x_wconf 87' lang='lat' dir='ltr'>potest.</span> <span class='ocrx_word' id='word_1_39' title='bbox 335 2485 410 2552; x_wconf 70' lang='lat' dir='ltr'>Med</span> <span class='ocrx_word' id='word_1_40' title='bbox 428 2486 513 2554; x_wconf 89' lang='lat' dir='ltr'>enim</span> <span class='ocrx_word' id='word_1_41' title='bbox 532 2487 700 2570; x_wconf 76' lang='lat' dir='ltr'>sententis,</span> <span class='ocrx_word' id='word_1_42' title='bbox 723 2486 809 2553; x_wconf 81' lang='lat' dir='ltr'>ultre</span> <span class='ocrx_word' id='word_1_43' title='bbox 827 2487 985 2553; x_wconf 79' lang='lat' dir='ltr'>sincerum</span> <span class='ocrx_word' id='word_1_44' title='bbox 1005 2509 1145 2554; x_wconf 75' lang='lat' dir='ltr'>amorem</span> <span class='ocrx_word' id='word_1_45' title='bbox 1166 2507 1234 2552; x_wconf 89' lang='lat' dir='ltr'>non</span> 
     </span>
     <span class='ocr_line' id='line_1_13' title="bbox 174 2595 1234 2686; baseline -0.002 -24"><span class='ocrx_word' id='word_1_46' title='bbox 174 2605 224 2662; x_wconf 87' lang='lat' dir='ltr'>est</span> <span class='ocrx_word' id='word_1_47' title='bbox 253 2595 338 2683; x_wconf 91' lang='lat' dir='ltr'>quod</span> <span class='ocrx_word' id='word_1_48' title='bbox 366 2596 526 2685; x_wconf 80' lang='lat' dir='ltr'>quispiam</span> <span class='ocrx_word' id='word_1_49' title='bbox 555 2595 595 2663; x_wconf 87' lang='lat' dir='ltr'>de</span> <span class='ocrx_word' id='word_1_50' title='bbox 624 2595 687 2662; x_wconf 83' lang='lat' dir='ltr'>elio</span> <span class='ocrx_word' id='word_1_51' title='bbox 723 2596 806 2663; x_wconf 89' lang='lat' dir='ltr'>bene</span> <span class='ocrx_word' id='word_1_52' title='bbox 833 2596 947 2662; x_wconf 89' lang='lat' dir='ltr'>mereri</span> <span class='ocrx_word' id='word_1_53' title='bbox 979 2596 1091 2686; x_wconf 87' lang='lat' dir='ltr'>possit.</span> <span class='ocrx_word' id='word_1_54' title='bbox 1134 2595 1234 2660; x_wconf 85' lang='lat' dir='ltr'>Hune</span> 
     </span>
     <span class='ocr_line' id='line_1_14' title="bbox 175 2702 1234 2794; baseline -0.003 -23"><span class='ocrx_word' id='word_1_55' title='bbox 175 2715 282 2772; x_wconf 83' lang='lat' dir='ltr'>sutem</span> <span class='ocrx_word' id='word_1_56' title='bbox 304 2703 432 2794; x_wconf 81' lang='lat' dir='ltr'>jamdiu</span> <span class='ocrx_word' id='word_1_57' title='bbox 454 2716 502 2773; x_wconf 88' lang='lat' dir='ltr'>est</span> <span class='ocrx_word' id='word_1_58' title='bbox 527 2729 590 2794; x_wconf 91' lang='lat' dir='ltr'>quo</span> <span class='ocrx_word' id='word_1_59' title='bbox 611 2729 654 2774; x_wconf 87' lang='lat' dir='ltr'>ex</span> <span class='ocrx_word' id='word_1_60' title='bbox 680 2703 836 2792; x_wconf 76' lang='lat' dir='ltr'>singulari</span> <span class='ocrx_word' id='word_1_61' title='bbox 860 2709 967 2772; x_wconf 68' lang='lat' dir='ltr'>vestrl</span> <span class='ocrx_word' id='word_1_62' title='bbox 988 2703 1131 2772; x_wconf 74' lang='lat' dir='ltr'>bonitate</span> <span class='ocrx_word' id='word_1_63' title='bbox 1152 2702 1234 2769; x_wconf 91' lang='lat' dir='ltr'>mihi</span> 
     </span>
     <span class='ocr_line' id='line_1_15' title="bbox 175 2813 1234 2906; baseline 0 -25"><span class='ocrx_word' id='word_1_64' title='bbox 175 2815 338 2883; x_wconf 88' lang='lat' dir='ltr'>indultum</span> <span class='ocrx_word' id='word_1_65' title='bbox 360 2816 514 2904; x_wconf 84' lang='lat' dir='ltr'>experior,</span> <span class='ocrx_word' id='word_1_66' title='bbox 538 2819 672 2906; x_wconf 87' lang='lat' dir='ltr'>ejusque</span> <span class='ocrx_word' id='word_1_67' title='bbox 691 2839 804 2884; x_wconf 84' lang='lat' dir='ltr'>sensus</span> <span class='ocrx_word' id='word_1_68' title='bbox 822 2815 947 2883; x_wconf 87' lang='lat' dir='ltr'>intimis</span> <span class='ocrx_word' id='word_1_69' title='bbox 965 2815 1065 2882; x_wconf 85' lang='lat' dir='ltr'>enimi</span> <span class='ocrx_word' id='word_1_70' title='bbox 1083 2813 1234 2882; x_wconf 85' lang='lat' dir='ltr'>medullis</span> 
     </span>
     <span class='ocr_line' id='line_1_16' title="bbox 175 2926 1234 3016; baseline 0.002 -23"><span class='ocrx_word' id='word_1_71' title='bbox 175 2927 344 3009; x_wconf 82' lang='lat' dir='ltr'>inhaerens,</span> <span class='ocrx_word' id='word_1_72' title='bbox 370 2928 433 3016; x_wconf 90' lang='lat' dir='ltr'>ipsi</span> <span class='ocrx_word' id='word_1_73' title='bbox 460 2929 573 2995; x_wconf 79' lang='lat' dir='ltr'>ardens</span> <span class='ocrx_word' id='word_1_74' title='bbox 600 2927 742 2995; x_wconf 82' lang='lat' dir='ltr'>etodium</span> <span class='ocrx_word' id='word_1_75' title='bbox 764 2927 935 3015; x_wconf 73' lang='lat' dir='ltr'>impressit,</span> <span class='ocrx_word' id='word_1_76' title='bbox 961 2926 1076 3016; x_wconf 83' lang='lat' dir='ltr'>quovis</span> <span class='ocrx_word' id='word_1_77' title='bbox 1100 2926 1234 2995; x_wconf 87' lang='lat' dir='ltr'>honesto</span> 
     </span>
     <span class='ocr_line' id='line_1_17' title="bbox 175 3037 1236 3128; baseline 0.002 -24"><span class='ocrx_word' id='word_1_78' title='bbox 175 3038 272 3104; x_wconf 89' lang='lat' dir='ltr'>modo</span> <span class='ocrx_word' id='word_1_79' title='bbox 299 3038 474 3128; x_wconf 80' lang='lat' dir='ltr'>reciprocos</span> <span class='ocrx_word' id='word_1_80' title='bbox 501 3040 633 3106; x_wconf 77' lang='lat' dir='ltr'>effectum</span> <span class='ocrx_word' id='word_1_81' title='bbox 661 3037 827 3128; x_wconf 88' lang='lat' dir='ltr'>prodendi.</span> <span class='ocrx_word' id='word_1_82' title='bbox 871 3037 1138 3126; x_wconf 70' lang='lat' dir='ltr'>Quandoquidem</span> <span class='ocrx_word' id='word_1_83' title='bbox 1158 3059 1236 3106; x_wconf 83' lang='lat' dir='ltr'>vero</span> 
     </span>
     <span class='ocr_line' id='line_1_18' title="bbox 176 3147 1235 3238; baseline 0.001 -22"><span class='ocrx_word' id='word_1_84' title='bbox 176 3171 215 3216; x_wconf 82' lang='lat' dir='ltr'>ee</span> <span class='ocrx_word' id='word_1_85' title='bbox 243 3148 441 3217; x_wconf 77' lang='lat' dir='ltr'>fortunarum</span> <span class='ocrx_word' id='word_1_86' title='bbox 462 3172 604 3217; x_wconf 83' lang='lat' dir='ltr'>mserum</span> <span class='ocrx_word' id='word_1_87' title='bbox 626 3149 776 3232; x_wconf 81' lang='lat' dir='ltr'>tenuitas,</span> <span class='ocrx_word' id='word_1_88' title='bbox 798 3172 837 3215; x_wconf 85' lang='lat' dir='ltr'>ee</span> <span class='ocrx_word' id='word_1_89' title='bbox 857 3159 1034 3216; x_wconf 84' lang='lat' dir='ltr'>vestrorum</span> <span class='ocrx_word' id='word_1_90' title='bbox 1055 3147 1235 3238; x_wconf 81' lang='lat' dir='ltr'>amplitudo</span> 
     </span>
     <span class='ocr_line' id='line_1_19' title="bbox 175 3258 1237 3348; baseline -0.002 -21"><span class='ocrx_word' id='word_1_91' title='bbox 175 3261 297 3341; x_wconf 78' lang='lat' dir='ltr'>existit,</span> <span class='ocrx_word' id='word_1_92' title='bbox 316 3272 353 3328; x_wconf 91' lang='lat' dir='ltr'>ut</span> <span class='ocrx_word' id='word_1_93' title='bbox 373 3283 433 3328; x_wconf 85' lang='lat' dir='ltr'>neo</span> <span class='ocrx_word' id='word_1_94' title='bbox 447 3283 507 3348; x_wconf 88' lang='lat' dir='ltr'>ego</span> <span class='ocrx_word' id='word_1_95' title='bbox 520 3260 585 3327; x_wconf 72' lang='lat' dir='ltr'>slis</span> <span class='ocrx_word' id='word_1_96' title='bbox 599 3265 663 3347; x_wconf 75' lang='lat' dir='ltr'>qul</span> <span class='ocrx_word' id='word_1_97' title='bbox 677 3269 776 3348; x_wconf 72' lang='lat' dir='ltr'>grate</span> <span class='ocrx_word' id='word_1_98' title='bbox 796 3258 932 3347; x_wconf 86' lang='lat' dir='ltr'>elioujus</span> <span class='ocrx_word' id='word_1_99' title='bbox 946 3259 1119 3346; x_wconf 77' lang='lat' dir='ltr'>agnitionis</span> <span class='ocrx_word' id='word_1_100' title='bbox 1134 3259 1237 3348; x_wconf 88' lang='lat' dir='ltr'>signi·</span> 
     </span>
     <span class='ocr_line' id='line_1_20' title="bbox 176 3369 1235 3459; baseline 0 -23"><span class='ocrx_word' id='word_1_101' title='bbox 176 3371 324 3439; x_wconf 82' lang='lat' dir='ltr'>ficatione</span> <span class='ocrx_word' id='word_1_102' title='bbox 355 3371 408 3438; x_wconf 83' lang='lat' dir='ltr'>uti</span> <span class='ocrx_word' id='word_1_103' title='bbox 443 3393 569 3459; x_wconf 78' lang='lat' dir='ltr'>queem,</span> <span class='ocrx_word' id='word_1_104' title='bbox 606 3395 665 3438; x_wconf 87' lang='lat' dir='ltr'>neo</span> <span class='ocrx_word' id='word_1_105' title='bbox 697 3393 756 3438; x_wconf 86' lang='lat' dir='ltr'>vos</span> <span class='ocrx_word' id='word_1_106' title='bbox 785 3370 882 3437; x_wconf 79' lang='lat' dir='ltr'>eliam</span> <span class='ocrx_word' id='word_1_107' title='bbox 915 3369 1083 3438; x_wconf 78' lang='lat' dir='ltr'>admittere</span> <span class='ocrx_word' id='word_1_108' title='bbox 1113 3370 1235 3452; x_wconf 75' lang='lat' dir='ltr'>velitis,</span> 
     </span>
     <span class='ocr_line' id='line_1_21' title="bbox 175 3479 1236 3569; baseline -0.002 -21"><span class='ocrx_word' id='word_1_109' title='bbox 175 3491 341 3569; x_wconf 78' lang='lat' dir='ltr'>eapropter</span> <span class='ocrx_word' id='word_1_110' title='bbox 358 3481 446 3549; x_wconf 88' lang='lat' dir='ltr'>heud</span> <span class='ocrx_word' id='word_1_111' title='bbox 464 3481 625 3550; x_wconf 84' lang='lat' dir='ltr'>illibenter</span> <span class='ocrx_word' id='word_1_112' title='bbox 643 3481 727 3548; x_wconf 82' lang='lat' dir='ltr'>hene</span> <span class='ocrx_word' id='word_1_113' title='bbox 744 3480 940 3548; x_wconf 77' lang='lat' dir='ltr'>occasionem</span> <span class='ocrx_word' id='word_1_114' title='bbox 959 3481 1086 3568; x_wconf 75' lang='lat' dir='ltr'>arripio,</span> <span class='ocrx_word' id='word_1_115' title='bbox 1105 3479 1236 3546; x_wconf 86' lang='lat' dir='ltr'>honoris</span> 
     </span>
     <span class='ocr_line' id='line_1_22' title="bbox 176 3589 1237 3682; baseline -0.004 -22"><span class='ocrx_word' id='word_1_116' title='bbox 176 3601 209 3660; x_wconf 88' lang='lat' dir='ltr'>et</span> <span class='ocrx_word' id='word_1_117' title='bbox 236 3591 478 3675; x_wconf 75' lang='lat' dir='ltr'>benevolentias,</span> <span class='ocrx_word' id='word_1_118' title='bbox 507 3593 625 3682; x_wconf 90' lang='lat' dir='ltr'>quibus</span> <span class='ocrx_word' id='word_1_119' title='bbox 651 3615 710 3660; x_wconf 78' lang='lat' dir='ltr'>vos</span> <span class='ocrx_word' id='word_1_120' title='bbox 731 3614 912 3681; x_wconf 88' lang='lat' dir='ltr'>prosequor,</span> <span class='ocrx_word' id='word_1_121' title='bbox 934 3590 1099 3679; x_wconf 85' lang='lat' dir='ltr'>publicum</span> <span class='ocrx_word' id='word_1_122' title='bbox 1120 3589 1182 3657; x_wconf 85' lang='lat' dir='ltr'>hoo</span> <span class='ocrx_word' id='word_1_123' title='bbox 1202 3599 1237 3657; x_wconf 86' lang='lat' dir='ltr'>et</span> 
     </span>
     <span class='ocr_line' id='line_1_23' title="bbox 177 3699 1236 3786; baseline -0.002 -16"><span class='ocrx_word' id='word_1_124' title='bbox 177 3701 323 3770; x_wconf 77' lang='lat' dir='ltr'>durabile</span> <span class='ocrx_word' id='word_1_125' title='bbox 337 3701 541 3786; x_wconf 78' lang='grc' dir='ltr'>μνημόσυνον</span> <span class='ocrx_word' id='word_1_126' title='bbox 554 3701 681 3769; x_wconf 88' lang='lat' dir='ltr'>edendi.</span> <span class='ocrx_word' id='word_1_127' title='bbox 724 3701 800 3768; x_wconf 77' lang='lat' dir='ltr'>Etsi</span> <span class='ocrx_word' id='word_1_128' title='bbox 814 3723 887 3768; x_wconf 86' lang='lat' dir='ltr'>eum</span> <span class='ocrx_word' id='word_1_129' title='bbox 907 3699 1009 3767; x_wconf 86' lang='lat' dir='ltr'>obleti</span> <span class='ocrx_word' id='word_1_130' title='bbox 1022 3699 1236 3768; x_wconf 81' lang='lat' dir='ltr'>ensthemetis</span> 
     </span>
     <span class='ocr_line' id='line_1_24' title="bbox 177 3807 1236 3894; baseline 0 -16"><span class='ocrx_word' id='word_1_131' title='bbox 177 3810 367 3892; x_wconf 75' lang='lat' dir='ltr'>exilitatem,</span> <span class='ocrx_word' id='word_1_132' title='bbox 402 3820 435 3878; x_wconf 90' lang='lat' dir='ltr'>et</span> <span class='ocrx_word' id='word_1_133' title='bbox 468 3809 615 3878; x_wconf 87' lang='lat' dir='ltr'>libellum</span> <span class='ocrx_word' id='word_1_134' title='bbox 643 3811 759 3877; x_wconf 83' lang='lat' dir='ltr'>vestris</span> <span class='ocrx_word' id='word_1_135' title='bbox 789 3807 974 3876; x_wconf 87' lang='lat' dir='ltr'>nominibus</span> <span class='ocrx_word' id='word_1_136' title='bbox 1007 3822 1236 3894; x_wconf 78' lang='lat' dir='ltr'>consecratum,</span> 
     </span>
     <span class='ocr_line' id='line_1_25' title="bbox 177 3918 1240 4012; baseline -0.002 -22"><span class='ocrx_word' id='word_1_137' title='bbox 177 3945 275 4012; x_wconf 84' lang='lat' dir='ltr'>quem</span> <span class='ocrx_word' id='word_1_138' title='bbox 289 3922 319 3989; x_wconf 89' lang='lat' dir='ltr'>is</span> <span class='ocrx_word' id='word_1_139' title='bbox 339 3923 435 4010; x_wconf 88' lang='lat' dir='ltr'>longe</span> <span class='ocrx_word' id='word_1_140' title='bbox 453 3921 537 3988; x_wconf 81' lang='lat' dir='ltr'>infre</span> <span class='ocrx_word' id='word_1_141' title='bbox 549 3931 727 3988; x_wconf 84' lang='lat' dir='ltr'>vestrorum</span> <span class='ocrx_word' id='word_1_142' title='bbox 746 3920 931 3986; x_wconf 89' lang='lat' dir='ltr'>meritorum</span> <span class='ocrx_word' id='word_1_143' title='bbox 950 3918 1141 4007; x_wconf 69' lang='lat' dir='ltr'>dignitatem</span> <span class='ocrx_word' id='word_1_144' title='bbox 1159 3922 1240 3990; x_wconf 84' lang='lat' dir='ltr'>sub·</span> 
     </span>
     <span class='ocr_line' id='line_1_26' title="bbox 177 4027 1238 4119; baseline 0.001 -21"><span class='ocrx_word' id='word_1_145' title='bbox 177 4032 271 4115; x_wconf 80' lang='lat' dir='ltr'>sidet,</span> <span class='ocrx_word' id='word_1_146' title='bbox 298 4031 452 4098; x_wconf 82' lang='lat' dir='ltr'>attentius</span> <span class='ocrx_word' id='word_1_147' title='bbox 477 4030 651 4112; x_wconf 82' lang='lat' dir='ltr'>considero,</span> <span class='ocrx_word' id='word_1_148' title='bbox 674 4029 769 4096; x_wconf 90' lang='lat' dir='ltr'>timor</span> <span class='ocrx_word' id='word_1_149' title='bbox 791 4027 928 4096; x_wconf 90' lang='lat' dir='ltr'>subinde</span> <span class='ocrx_word' id='word_1_150' title='bbox 948 4029 1066 4119; x_wconf 82' lang='lat' dir='ltr'>aliquis</span> <span class='ocrx_word' id='word_1_151' title='bbox 1087 4038 1120 4098; x_wconf 92' lang='lat' dir='ltr'>et</span> <span class='ocrx_word' id='word_1_152' title='bbox 1140 4029 1238 4099; x_wconf 90' lang='lat' dir='ltr'>dubi·</span> 
     </span>
    </p>
   </div>
   <div class='ocr_carea' id='block_1_8' title="bbox 178 4137 1382 4227">
    <p class='ocr_par' dir='ltr' id='par_1_9' title="bbox 178 4137 1382 4227">
     <span class='ocr_line' id='line_1_27' title="bbox 178 4137 1382 4227; baseline 0.001 -19"><span class='ocrx_word' id='word_1_153' title='bbox 178 4142 257 4208; x_wconf 79' lang='lat' dir='ltr'>tatio</span> <span class='ocrx_word' id='word_1_154' title='bbox 286 4141 430 4208; x_wconf 80' lang='lat' dir='ltr'>animum</span> <span class='ocrx_word' id='word_1_155' title='bbox 450 4139 621 4221; x_wconf 77' lang='lat' dir='ltr'>incessant,</span> <span class='ocrx_word' id='word_1_156' title='bbox 643 4161 684 4207; x_wconf 86' lang='lat' dir='ltr'>ne</span> <span class='ocrx_word' id='word_1_157' title='bbox 705 4139 767 4205; x_wconf 87' lang='lat' dir='ltr'>hoo</span> <span class='ocrx_word' id='word_1_158' title='bbox 788 4137 932 4204; x_wconf 83' lang='lat' dir='ltr'>etodium</span> <span class='ocrx_word' id='word_1_159' title='bbox 952 4161 1030 4227; x_wconf 86' lang='lat' dir='ltr'>erge</span> <span class='ocrx_word' id='word_1_160' title='bbox 1049 4163 1107 4210; x_wconf 84' lang='lat' dir='ltr'>vos</span> <span class='ocrx_word' id='word_1_161' title='bbox 1128 4164 1237 4209; x_wconf 85' lang='lat' dir='ltr'>meum</span> <span class='ocrx_word' id='word_1_162' title='bbox 1379 4189 1382 4194; x_wconf 93' lang='lat'>-</span> 
     </span>
    </p>
   </div>
   <div class='ocr_carea' id='block_1_9' title="bbox 178 4251 1239 4452">
    <p class='ocr_par' dir='ltr' id='par_1_10' title="bbox 178 4251 1239 4452">
     <span class='ocr_line' id='line_1_28' title="bbox 178 4251 1238 4338; baseline 0.002 -21"><span class='ocrx_word' id='word_1_163' title='bbox 178 4252 270 4321; x_wconf 80' lang='lat' dir='ltr'>vobis</span> <span class='ocrx_word' id='word_1_164' title='bbox 286 4251 568 4320; x_wconf 82' lang='lat' dir='ltr'>dehonestamento</span> <span class='ocrx_word' id='word_1_165' title='bbox 583 4251 624 4318; x_wconf 86' lang='lat' dir='ltr'>eit</span> <span class='ocrx_word' id='word_1_166' title='bbox 639 4251 755 4338; x_wconf 86' lang='lat' dir='ltr'>potius,</span> <span class='ocrx_word' id='word_1_167' title='bbox 771 4271 869 4336; x_wconf 83' lang='lat' dir='ltr'>quem</span> <span class='ocrx_word' id='word_1_168' title='bbox 888 4260 1091 4334; x_wconf 81' lang='lat' dir='ltr'>omemento3</span> <span class='ocrx_word' id='word_1_169' title='bbox 1113 4253 1238 4320; x_wconf 80' lang='lat' dir='ltr'>scilieet</span> 
     </span>
     <span class='ocr_line' id='line_1_29' title="bbox 178 4360 1239 4452; baseline 0.001 -24"><span class='ocrx_word' id='word_1_170' title='bbox 178 4385 298 4431; x_wconf 87' lang='lat' dir='ltr'>memor</span> <span class='ocrx_word' id='word_1_171' title='bbox 318 4385 391 4430; x_wconf 85' lang='lat' dir='ltr'>oum</span> <span class='ocrx_word' id='word_1_172' title='bbox 418 4363 490 4444; x_wconf 87' lang='lat' dir='ltr'>sim,</span> <span class='ocrx_word' id='word_1_173' title='bbox 510 4371 548 4430; x_wconf 88' lang='lat' dir='ltr'>ut</span> <span class='ocrx_word' id='word_1_174' title='bbox 567 4362 661 4429; x_wconf 80' lang='lat' dir='ltr'>malso</span> <span class='ocrx_word' id='word_1_175' title='bbox 680 4383 794 4440; x_wconf 82' lang='lat' dir='ltr'>oeusae,</span> <span class='ocrx_word' id='word_1_176' title='bbox 814 4360 861 4427; x_wconf 85' lang='lat' dir='ltr'>sic</span> <span class='ocrx_word' id='word_1_177' title='bbox 881 4369 914 4427; x_wconf 87' lang='lat' dir='ltr'>et</span> <span class='ocrx_word' id='word_1_178' title='bbox 935 4362 1013 4428; x_wconf 85' lang='lat' dir='ltr'>meli</span> <span class='ocrx_word' id='word_1_179' title='bbox 1033 4363 1110 4430; x_wconf 90' lang='lat' dir='ltr'>libri</span> <span class='ocrx_word' id='word_1_180' title='bbox 1130 4373 1239 4452; x_wconf 79' lang='lat' dir='ltr'>petro·</span> 
     </span>
    </p>
   </div>
   <div class='ocr_carea' id='block_1_10' title="bbox 178 4472 1235 4563">
    <p class='ocr_par' dir='ltr' id='par_1_11' title="bbox 178 4472 1235 4563">
     <span class='ocr_line' id='line_1_30' title="bbox 178 4472 1235 4563; baseline 0.001 -24"><span class='ocrx_word' id='word_1_181' title='bbox 178 4475 296 4541; x_wconf 84' lang='lat' dir='ltr'>oinium</span> <span class='ocrx_word' id='word_1_182' title='bbox 326 4475 362 4541; x_wconf 91' lang='lat' dir='ltr'>in</span> <span class='ocrx_word' id='word_1_183' title='bbox 387 4474 513 4563; x_wconf 82' lang='lat' dir='ltr'>patroni</span> <span class='ocrx_word' id='word_1_184' title='bbox 542 4472 767 4542; x_wconf 79' lang='lat' dir='ltr'>contumeliam</span> <span class='ocrx_word' id='word_1_185' title='bbox 792 4472 897 4559; x_wconf 86' lang='lat' dir='ltr'>megis</span> <span class='ocrx_word' id='word_1_186' title='bbox 921 4496 1018 4561; x_wconf 84' lang='lat' dir='ltr'>quem</span> <span class='ocrx_word' id='word_1_187' title='bbox 1043 4474 1235 4562; x_wconf 86' lang='lat' dir='ltr'>ingloriam</span> 
     </span>
    </p>
   </div>
   <div class='ocr_carea' id='block_1_11' title="bbox 0 0 1600 5192">
    <p class='ocr_par' dir='ltr' id='par_1_12' title="bbox 0 0 1600 5192">
     <span class='ocr_line' id='line_1_31' title="bbox 0 0 1600 5192; baseline 0 0"><span class='ocrx_word' id='word_1_188' title='bbox 0 0 1600 5192; x_wconf 95' lang='lat' dir='ltr'> </span> 
     </span>
    </p>
   </div>
  </div>
 </body>
</html>
