3167 5192
294 401 336 465 24
627 414 812 464 anrrouns
835 413 1109 461 unrusuarrcn.
1301 393 1411 479 [lacn
1428 410 1453 456 r.

293 586 376 652 ricus
391 592 499 650 contra
513 584 674 671 quaslibet
689 593 771 648 artes
791 583 1005 669 pervulgatus,
1021 581 1283 660 Grammaticam,
1299 578 1455 644 Rhetori-

294 709 374 768 cam,
384 686 547 772 Logicam,
560 696 592 752 ct
602 696 740 765 caeteras,
751 684 997 772 disputa-tionem
1008 683 1188 763 instituens,
1199 683 1298 749 libros
1307 681 1455 747 inscribit

295 811 369 855 suos
389 802 495 854 contro
509 788 764 866 Mathematicoa,·
786 810 844 852 nec
866 809 930 852 non
951 785 1102 875 praecipui
1124 795 1266 851 auctores
1285 784 1329 849 τὰ
1346 783 1454 866 μαθή-

294 917 391 975 ματα,
415 901 448 956 et
469 888 527 973 τὴν
547 889 690 974 μάθησιν
711 913 767 977 pro
782 890 896 975 quavis
913 888 1058 956 doctrina
1071 898 1235 976 usurpant.
1269 887 1374 954 Plato.
1408 887 1457 952 Οἱ

296 993 394 1082 φύσει
415 993 606 1078 λογιστικοὶ,
623 992 666 1062 εἰς
688 990 797 1058 πάντα
817 991 859 1056 τὰ
879 990 1066 1074 μαθήματα,
1087 990 1130 1063 ὥς
1150 990 1228 1062 ἔπος
1243 991 1354 1072 εἰπεῖν,
1370 990 1455 1075 ὀξεῖς
1563 1020 1567 1047 =

296 1097 493 1184 φαίνοντοιι·
515 1098 579 1176 Qui
590 1097 636 1161 od
649 1096 887 1184 computandum
900 1095 1019 1160 notam
1036 1097 1108 1160 benc
1124 1096 1300 1182 comparati
1311 1107 1395 1174 aaut,
1411 1095 1457 1160 od
1565 1116 1576 1143 ι

296 1201 422 1288 quiduis
447 1200 628 1266 diccendum
649 1213 810 1288 prereptos
840 1223 872 1265 sc
899 1201 1051 1265 schabest.
1105 1197 1304 1264 Aristoteles.
1349 1199 1456 1263 Πᾶσα

297 1302 499 1383 διδασκαλιιι,
530 1301 584 1368 καὶ
609 1306 704 1380 πᾶσι
728 1301 871 1385 μάθησις
895 1300 1087 1384 διανοητικὴ,
1112 1301 1148 1366 εἰι
1177 1299 1456 1389 προϋπαρχούσης

297 1405 418 1488 ’γίνεται
431 1405 603 1488 poscor.
642 1405 741 1494 Apud
767 1405 903 1472 cundem
926 1406 961 1470 in
983 1405 1129 1470 Politicis
1152 1405 1288 1471 habetur
1308 1403 1453 1488 μάθησις

297 1507 503 1596 ὀψοποιῑιιήθ·
527 1507 659 1596 opsonia
681 1507 869 1574 conficiendi
887 1507 1065 1595 disciplina.
1105 1506 1171 1574 Sed
1189 1506 1268 1594 quid
1290 1507 1362 1587 ista,
1379 1530 1454 1572 cum

297 1622 448 1678 sexcenta
467 1611 585 1698 passim
601 1620 763 1677 occurrant
781 1611 894 1695 talia?)
927 1610 1024 1676 Unde
1044 1611 1144 1697 igitur
1164 1611 1215 1675 bae
1237 1610 1377 1674 scientias
1400 1632 1456 1697 pe·

297 1714 409 1780 culiari
428 1715 522 1780 modo
544 1723 765 1802 nuncupantur
787 1713 1032 1794 Mathematicus,
1056 1713 1116 1778 boo
1137 1721 1194 1793 est,
1218 1711 1455 1800 disciplinales3

298 1827 330 1881 et
341 1815 383 1880 τὰ
392 1815 576 1898 μαθήματα,
581 1839 638 1903 per
648 1815 850 1903 disciplinam
862 1824 1049 1903 comparatae
1060 1815 1200 1880 scientias
1214 1817 1457 1900 (nonnunquam

299 1917 501 2002 singulariter
515 1915 552 1982 τὸ
573 1917 727 2000 addaram
750 1927 786 1982 ut
801 1916 987 1983 Aristoteli:
1011 1916 1087 1996 olor,
1110 1916 1224 2003 inquit,
1245 1913 1284 1980 τὸ
1304 1915 1457 2002 περὶτῆς

299 2018 405 2106 ἴριδος·
428 2016 466 2084 τὸ
487 2016 547 2102 μὲν
566 2017 629 2106 γὰρ
651 2017 701 2084 ὅτι
722 2023 863 2108 φυσικοῦ
884 2018 1007 2099 εἰδέναι,
1023 2017 1061 2083 τὸ
1083 2017 1118 2084 δὲ
1138 2017 1220 2083 διότι
1240 2015 1412 2098 Ὀπτιιιοῦ,
1433 2018 1456 2099 ἢ

299 2117 423 2200 ἅπλῶς,
441 2119 461 2202 ἦ
485 2118 619 2186 κατὰτὸ
633 2121 803 2206 μάθημαγ.
827 2122 929 2188 Innio
942 2124 1093 2187 rotronem
1115 2122 1222 2210 Optica'
1232 2133 1277 2187 eat
1290 2121 1456 2203 catcatdcrc,

298 2225 348 2291 ool
366 2224 548 2312 simpliciter
569 2249 590 2289 a
610 2249 651 2304 ao,
674 2224 723 2290 vel
743 2247 781 2290 ac
803 2224 1025 2290 Mathematici
1048 2225 1200 2306 acimtait5
1226 2223 1456 2309 (Geometriam

300 2327 447 2409 innuens,
460 2349 502 2390 ex
516 2332 581 2413 qut
591 2325 726 2414 Opticus
740 2349 868 2394 suarum
884 2327 1122 2393 conclusionum
1137 2325 1274 2392 rationes
1283 2325 1423 2392 desumit
1431 2328 1455 2411 3)

300 2429 437 2518 denique
451 2453 507 2519 per
521 2430 749 2519 metonymiam
763 2431 924 2517 quandam
939 2429 1073 2496 actionis
1088 2452 1144 2517 pro
1159 2429 1294 2516 objecto,
1309 2429 1457 2516 frequen·

300 2543 348 2601 ter
365 2533 574 2623 appellantur,
589 2532 610 2618 ἡ
624 2532 774 2618 μάθησις,
791 2535 979 2624 discipline;
997 2532 1215 2621 quamobrem,
1230 2533 1372 2622 inquam,
1387 2533 1458 2600 ista

300 2639 440 2706 scientiae
465 2639 517 2705 his
541 2638 786 2705 nomenclaturis
811 2638 1034 2726 insignientur,
1065 2637 1248 2724 ambigitur,
1278 2646 1311 2703 et
1339 2637 1457 2725 plures,

301 2743 373 2809 aliae
387 2745 428 2810 ab
443 2744 525 2824 aliis,
542 2743 751 2829 adsignantur
765 2765 878 2809 causae.

367 2843 506 2924 Quidam
528 2855 655 2931 propter
675 2844 817 2932 ipsarum
837 2845 990 2911 eximiam
1009 2844 1211 2924 evidentiam,
1236 2843 1459 2910 certitudinem

301 2943 334 3012 ct
356 2946 566 3011 constantiam
587 2944 647 3012 hoc
668 2945 796 3012 nomine
811 2945 943 3011 donatas
965 2947 1167 3028 arbitrantur,
1184 2969 1257 3013 cum
1278 2947 1344 3012 illis
1367 2947 1458 3012 nulla

302 3047 451 3137 cognitio,
478 3048 686 3135 qualitatibus
714 3048 785 3114 istis
814 3049 974 3132 destituta,
1001 3051 1177 3140 decapitare
1204 3074 1320 3118 nomen
1345 3051 1458 3116 mereri

302 3152 467 3234 videatur;
489 3173 548 3217 nec
562 3150 663 3218 videri
685 3152 799 3218 debeat
812 3152 971 3241 quispiam
985 3154 1109 3242 aliquid
1122 3155 1278 3236 duone,
1294 3154 1380 3242 quod
1393 3177 1460 3220 non

302 3266 335 3322 et
349 3254 431 3322 clare
446 3255 609 3343 percipiat,
618 3265 651 3322 et
664 3255 797 3322 firmiter
811 3257 1028 3344 amplectatur,
1040 3259 1087 3324 et‘
1096 3259 1299 3346 pertinaciter
1312 3259 1459 3325 retineat.
1574 3310 1575 3313 ,

304 3358 368 3438 Qui
378 3358 468 3424 velut
482 3359 516 3423 in
530 3357 669 3424 tenebris
683 3358 803 3448 palpat,
815 3370 871 3426 aut
882 3360 1031 3448 opinione
1039 3361 1171 3427 fluctuat
1176 3361 1196 3444 ⁸,
1207 3371 1261 3428 aut
1271 3385 1293 3426 a
1302 3361 1461 3427 sententia
1574 3396 1575 3447 l

303 3461 458 3528 dimoveri
473 3471 585 3549 potest,
602 3461 689 3527 haud
703 3483 863 3550 quaquam
877 3462 999 3529 didicit.
1044 3462 1158 3550 Itaque
1171 3487 1244 3530 cum
1261 3463 1459 3531 conditiones

304 3563 373 3631 istra
396 3563 546 3645 scientiis,
572 3587 644 3656 quae
663 3564 820 3646 dicuntur,
844 3563 1079 3631 Mathematicis
1102 3565 1155 3630 vel
1178 3566 1255 3632 solis
1276 3565 1331 3631 vel
1352 3563 1461 3632 excel·

303 3669 431 3736 lentiori
455 3668 549 3735 modo
575 3669 775 3749 conveniant,
797 3679 963 3759 propterea
981 3670 1094 3736 volunt
1119 3670 1190 3736 istis
1215 3671 1460 3760 duaplimmm

303 3773 434 3842 titulum
449 3771 642 3860 adproprisri
656 3771 778 3838 merito.

466 3919 662 3984 mansue.
974 3919 1110 3971 ¹11.Pod.
1123 3923 1201 3973 Anat.
1214 3923 1294 3972 inies.

402 3999 413 4034 ¹
431 4001 487 4050 Lib.
500 4013 518 4050 1.
532 4000 606 4050 Palu.
619 4017 673 4066 cap.
688 4010 710 4062 7.
1023 4001 1035 4033 ⁴
1051 4013 1069 4051 L
1083 4002 1159 4054 saal.
1171 4003 1237 4054 Post.
1249 4020 1305 4068 cap.
1321 4017 1358 4066 13.

492 4081 503 4113 ⁸
519 4083 564 4132 Δεῖ
573 4083 614 4132 τὸν
626 4082 709 4132 ἅπλῶς
720 4081 880 4141 ἐπιστάμενοι
890 4081 1065 4141 ἀμετάπτωτον
1076 4086 1173 4135 elma-
1178 4086 1272 4136 ΑΒΜ.

724 4160 736 4196 ⁸
751 4175 771 4214 1.
784 4162 849 4213 Pon.
861 4163 938 4213 Aeol.
951 4179 1004 4228 cap.
1018 4179 1042 4216 a.

357 4394 558 4452 ΜοιΙιιοιαιίοι
569 4409 631 4466 may
641 4410 737 4453 mean:
754 4397 886 4468 anytbiug
896 4396 1144 4456 animuum:

359 4479 400 4538 Or
410 4479 510 4551 clearly
521 4479 641 4551 proved:
