3167 5192
348 372 412 443 230
682 388 869 443 moriones
889 389 1163 443 namuurum
1315 372 1478 461 [morus.

347 563 435 644 pais,
451 559 566 648 inquit,
587 562 732 649 χρῶνται
754 556 797 629 tris
817 556 929 646 ἀτόμῳ
948 560 989 644 τῇ
1009 556 1154 655 ποδιαίᾳ)
1170 580 1328 629 mensura
1341 558 1480 627 mutar

331 660 473 751 dfcxriv.

409 764 530 833 Verum
546 764 614 831 haec
628 764 775 852 persequi
789 788 854 831 non
868 773 971 834 vacat.
1009 764 1058 833 Ut
1068 780 1172 853 neque
1181 766 1252 852 jam
1262 775 1401 835 attexere
1409 767 1480 847 licet,
1537 801 1538 832 ;

344 890 491 957 qpaenam
508 890 526 935 e
546 867 640 937 dictis
662 868 824 955 precipua
844 868 897 947 ait,
916 878 950 933 et
969 868 1112 937 maxime
1132 870 1261 957 propria
1281 870 1368 937 notio
1381 870 1482 937 relac·
1537 887 1538 910 ¹

345 973 457 1061 ceptio,
475 973 573 1059 juxta
587 993 683 1058 quam
705 970 846 1057 intelligi
868 970 964 1039 debet
984 971 1071 1059 quod
1091 995 1158 1060 pra
1178 972 1329 1041 manibus
1349 973 1481 1041 habemus
1537 969 1538 1062 i

344 1087 527 1165 symptoma
547 1076 789 1163 magnitudinis,
813 1074 1085 1143 Mensurebilitas.
1129 1075 1180 1144 Ut
1199 1085 1232 1144 et
1254 1077 1321 1143 alia
1339 1078 1481 1165 complura

345 1180 470 1247 silentio
481 1180 551 1266 jam
565 1178 803 1267 comprimenda
817 1188 902 1245 sunt.
931 1178 1074 1266 Tempus
1088 1180 1174 1245 enim
1188 1188 1299 1246 monet
1312 1190 1350 1247 ut
1362 1180 1481 1268 receptui

344 1306 466 1365 canem,
483 1293 515 1348 et
535 1305 645 1349 vereor
666 1304 706 1348 ne
729 1282 802 1369 quis
823 1304 889 1370 pra
910 1283 1032 1349 ceteris
1053 1283 1239 1371 ingeniosus
1257 1285 1354 1351 obvio
1370 1284 1482 1350 media-

344 1407 451 1472 syr-mo
466 1384 568 1465 feriat,
583 1394 615 1450 et
633 1383 672 1451 ds
693 1390 842 1451 mensura
863 1385 1125 1453 sermocinantem
1146 1397 1269 1457 mearat
1289 1386 1332 1453 ad
1351 1385 1482 1454 wmonis

344 1510 524 1555 mensuram
539 1510 652 1576 parum
669 1486 851 1555 attendisse.
1176 1474 1180 1480 ’
1537 1475 1538 1498 ’

800 1793 933 1865 LECT.
955 1794 1056 1865 XV?

406 1958 628 2029 OSTREMA
649 1957 801 2024 Lectione
824 1956 966 2023 diversas
987 1980 1048 2023 usu
1067 1958 1158 2025 tritas
1179 1960 1331 2029 vocabuli
1352 1983 1481 2027 namuro
1537 2011 1538 2024 ,

420 2062 618 2149 acceptiones
632 2058 720 2125 haud
734 2059 941 2147 indiligenter
955 2083 1113 2149 exponere
1128 2062 1371 2131 conati-sumus
1403 2064 1481 2151 Eque

344 2166 438 2233 dictis
455 2164 547 2230 facile
565 2164 695 2250 liqueat,
717 2172 796 2249 quot
815 2162 1010 2249 accipiantur
1023 2164 1301 2251 modiqvocabula
1317 2190 1479 2257 paronyma,
1537 2191 1538 2224 r

343 2272 538 2349 Mensurare,
558 2266 781 2346 Mensurabile,
802 2273 862 2332 etc.
883 2273 961 2355 quot
976 2266 1062 2332 enim
1075 2268 1178 2333 modis
1192 2294 1350 2351 manure,
1368 2269 1480 2336 totidem

344 2372 401 2441 illa
420 2379 585 2438 sumantur
606 2368 790 2458 respective.
835 2367 951 2435 Restat
971 2379 1009 2433 ut
1026 2369 1123 2459 juxta
1140 2394 1234 2459 quem
1256 2374 1409 2462 praecipue
1426 2392 1480 2436 mo·
1537 2393 1538 2396 ¹

343 2478 431 2559 dum,
452 2476 538 2565 quod
552 2498 618 2564 prae
638 2474 787 2539 manibus
806 2484 855 2539 est
872 2483 1056 2561 symptoma
1073 2473 1317 2563 magnitudinis,
1338 2476 1479 2543 Mensura·

342 2582 453 2649 bilitas
475 2578 614 2667 intelligi
636 2576 740 2658 debet,
763 2584 796 2642 ct
817 2599 889 2665 quae
910 2576 954 2642 sit
978 2577 1047 2666 ejus
1070 2578 1221 2665 primaria
1237 2581 1329 2646 notio
1348 2578 1478 2669 despicis·

343 2708 425 2751 mus.
469 2683 523 2749 Ad
543 2682 605 2747 hoc
619 2705 660 2747 ex
675 2679 715 2745 iis
730 2678 794 2745 duo
809 2678 896 2744 modi
915 2678 1152 2748 Mathematicis
1169 2682 1352 2765 familiares,
1371 2679 1478 2747 anobis

343 2787 544 2877 potissimum
569 2784 788 2851 considerandi
811 2793 894 2865 sunt,
918 2795 1071 2872 cauteque
1092 2784 1325 2873 distinguendi,
1353 2786 1392 2853 ad
1413 2802 1477 2871 quos

343 2912 453 2955 omnes
468 2890 524 2955 alii
538 2889 721 2954 referantur.
767 2886 897 2953 Primus
911 2886 1005 2953 latior
1019 2897 1077 2968 est,
1096 2896 1129 2953 at
1149 2888 1292 2956 maxime
1311 2889 1450 2981 proprius,
1462 2906 1477 2947 ⁸

340 3014 402 3079 quo
423 3014 538 3079 nempe
559 2988 751 3068 Geometria,
774 2991 857 3057 sicut
878 2989 1090 3074 ostendemus,
1114 3014 1230 3059 nomen
1251 2991 1430 3083 desumpsit
1447 2997 1472 3052 et

344 3116 438 3183 quem
461 3117 502 3159 ex
525 3092 625 3159 officio
647 3116 704 3159 suo
727 3094 885 3181 praecipue
910 3093 1056 3181 respicit3
1081 3094 1178 3183 juxta
1199 3118 1295 3183 quem
1322 3112 1477 3163 murare
1537 3137 1538 3140 κ

344 3197 503 3284 significat
518 3196 653 3283 alicujus
668 3195 900 3281 magnitudinis
920 3197 1130 3284 quantitatem
1148 3198 1315 3267 notificare
1332 3199 1382 3265 vel
1394 3197 1477 3265 deter-
1537 3183 1538 3210 ³

343 3302 475 3383 minare,
490 3310 634 3388 respectu
648 3298 880 3385 magnitudinis
894 3299 1025 3365 alterius
1039 3300 1255 3389 homogeneae,
1275 3304 1368 3370 nobis
1383 3312 1476 3367 utcun-
1537 3345 1538 3360 ,

343 3430 406 3496 que
424 3405 528 3493 magis
546 3414 639 3485 notae,
660 3402 713 3468 vel
733 3414 894 3491 utcunque
914 3402 1140 3484 determinatae,
1159 3404 1349 3475 declarando
1369 3402 1475 3477 scilicet,

343 3512 535 3591 exhibendo,
557 3508 811 3599 representando
831 3506 981 3587 numeris,
1000 3518 1056 3572 aut
1075 3507 1137 3573 alio
1154 3506 1248 3574 modo
1268 3504 1476 3599 comprehensi·

343 3617 403 3686 bili
418 3615 650 3705 proportionem
665 3613 734 3701 ejus
754 3634 826 3676 curn
846 3609 925 3688 hoc;
950 3610 1160 3697 significando
1177 3635 1292 3701 nempe
1313 3624 1404 3704 quota
1417 3628 1475 3697 puts

342 3722 401 3787 illa
416 3721 457 3787 sit
472 3720 577 3807 hujus,
592 3716 645 3783 vel
660 3715 818 3803 quomodo
837 3713 1018 3801 multiplex,
1034 3737 1137 3803 quove
1151 3725 1243 3805 pacto
1263 3718 1307 3783 sit
1321 3711 1473 3805 inaequalia,

343 3832 462 3915 quanto
488 3820 629 3900 excedat,
656 3829 711 3885 aut
736 3840 900 3906 quousque
929 3817 1066 3899 deficiat,
1096 3819 1150 3885 vel
1178 3819 1319 3887 adsimili
1347 3817 1474 3910 quopiam

343 3928 448 3995 modo.
478 3926 518 3993 Ε.
528 3948 560 4014 g.
577 3923 738 4013 proposita
747 3920 863 4008 quavis
876 3921 1086 4007 longitudine,
1102 3922 1195 3989 nobis
1209 3924 1362 3993 hactenus
1375 3922 1473 4011 ignoti

344 4032 372 4097 si
394 4029 624 4120 quovismodo
652 4028 721 4113 (seu
741 4023 955 4115 operationem
977 4023 1169 4110 organicam,
1197 4048 1256 4095 seu
1278 4050 1336 4117 per
1359 4018 1475 4094 mentale

396 4316 410 4371 1
423 4317 494 4385 stop,
505 4313 561 4369 lest
571 4311 600 4367 in
611 4329 656 4383 my
668 4314 808 4370 duccmse
819 4313 905 4369 about
915 4329 1042 4369 measure
1054 4313 1070 4369 1
1082 4312 1182 4369 should
1192 4314 1303 4384 neglect
1313 4326 1434 4371 measure

398 4406 413 4433 ⁶
431 4402 494 4456 Two
512 4402 654 4470 meanings
670 4403 701 4457 of
716 4401 932 4472 mensurability.

397 4488 480 4557 First,
497 4484 638 4545 reference
654 4488 685 4543 of
698 4488 874 4557 magnitudaa
890 4491 922 4547 to
937 4504 956 4545 a
972 4486 1051 4547 Unit
