3167 5192
108 322 344 409 recursura]
476 339 663 390 maurosus
684 324 852 391 cerrum'
1112 322 1175 391 153

107 504 201 593 quod
224 504 382 573 constanti
401 505 523 572 ratione
544 528 630 573 nunc
650 507 790 596 propius,
807 529 892 574 nunc
905 507 1056 576 remotius
1077 530 1175 598 appa·

107 619 181 676 reat
191 635 201 691 ;
225 610 278 677 cui
299 609 416 676 itidem
434 610 532 676 dubio
553 610 637 676 nihil
651 610 823 699 quicquam
840 635 883 678 ex
902 611 1053 679 haetenus
1074 611 1174 680 dicto·

107 735 184 779 rum
197 712 361 801 Arroloqt‘d
373 713 554 802 responderi
568 736 661 802 posse
671 714 807 796 videtur,
819 715 881 780 nisi
896 715 1009 782 debere
1019 725 1172 805 punctum

106 816 142 880 A
170 825 325 904 perpetuo
351 816 537 903 longissime
562 826 718 883 semotum
744 817 857 885 rideri.
903 817 1023 884 Verum
1047 818 1171 906 experi-

104 918 199 984 entia
215 939 305 985 secus
327 927 503 1000 attestatur,
519 918 602 985 illud
623 941 681 1007 pro
691 918 829 986 ‘diversa
843 919 928 986 oculi
945 919 1029 986 inter
1051 930 1171 1007 puncta

105 1021 150 1101 B,
172 1022 208 1086 Z
219 1021 377 1109 positione
402 1021 489 1088 varie
511 1021 651 1104 disten&
678 1045 842 1111 uunquam
865 1022 929 1089 fere
954 1022 994 1109 (si
1016 1022 1168 1110 unquam)

106 1125 321 1214 longinquius
335 1126 406 1214 ipso
419 1129 453 1193 A
467 1126 568 1194 libere
582 1135 732 1216 spectato,
743 1126 879 1194 subinde
893 1149 968 1194 vero
983 1125 1084 1192 multo
1098 1148 1171 1214 pro-

105 1229 265 1318 pinquius
287 1229 453 1318 adparere;
477 1229 630 1319 quinimo,
646 1252 709 1317 quo
731 1230 859 1297 oculum
880 1229 1076 1319 appellentes
1090 1229 1171 1296 radii

105 1333 218 1420 magis
244 1343 441 1421 convergunt
469 1356 506 1400 eo
537 1332 673 1422 speciem
701 1333 818 1419 objecti
846 1333 976 1422 propius
1005 1332 1170 1413 accedere;

104 1458 237 1524 nempe,
253 1436 282 1502 si
295 1446 412 1525 puncto
423 1437 457 1502 B
468 1437 674 1504 admoveatur
687 1437 804 1518 oculaa
816 1459 873 1504 suo
892 1436 944 1523 (ad
959 1435 1088 1520 lentem)
1106 1435 1170 1503 iere

105 1539 223 1606 nativo
237 1539 272 1604 in
285 1539 356 1606 loco
371 1539 563 1628 conspicitur
577 1550 731 1628 punctum
746 1540 779 1604 A
799 1539 863 1625 (vel
877 1562 967 1627 aeque
982 1539 1113 1620 distans,
1129 1538 1171 1605 ad

105 1643 304 1734 speculam);
328 1643 369 1710 ad
390 1643 579 1712 Oreduetus
596 1644 706 1710 oculus
728 1643 833 1732 ejusce
848 1638 984 1730 speciem
999 1642 1170 1729 appropin-

105 1757 263 1835 quantem
285 1749 403 1830 cemit;
426 1749 468 1815 ad
482 1749 628 1814 Padhuc
650 1748 787 1814 vicinius
808 1747 913 1837 ipsum
928 1746 1110 1827 existimat;
1133 1768 1170 1812 ac

104 1849 158 1916 ita
178 1849 305 1931 sensim,
330 1849 430 1917 donec
453 1849 571 1916 alicubi
593 1851 731 1931 tandem,
755 1849 908 1918 velutad
936 1850 972 1930 Q,
997 1849 1169 1915 constituto

105 1951 201 2018 oculo
226 1953 385 2041 objectum
414 1977 537 2020 summe
566 1954 779 2043 propinquum
809 1975 962 2042 apparens
988 1952 1023 2018 in
1048 1975 1169 2020 meram

107 2056 326 2124 confusionem
341 2057 473 2146 incipiat
487 2080 692 2139 evanescere;
715 2080 786 2145 quar
809 2079 885 2124 sane
907 2066 1020 2123 cuncta
1038 2057 1170 2123 rationi·

108 2159 172 2225 bus
194 2169 288 2247 atque
310 2159 444 2226 decretis
463 2160 580 2226 nostris
597 2178 773 2248 repugnare
787 2158 947 2240 videntur,
963 2167 1019 2224 aut
1034 2182 1106 2225 cum
1128 2159 1169 2226 iis

109 2261 224 2327 saltem
249 2285 361 2351 pamm
384 2260 484 2328 amice
508 2261 700 2348 conspirant.
744 2259 859 2348 Neque
879 2270 1020 2327 nostram
1042 2272 1168 2327 tautum

110 2365 300 2432 sententiam
323 2364 430 2452 pulsat
448 2363 510 2429 hoc
523 2364 796 2450 experimentum
819 2372 853 2427 at
870 2386 911 2428 cx
934 2383 1024 2448 aequo
1040 2372 1168 2429 caeteras

110 2491 191 2556 quas
211 2469 314 2534 norim
334 2490 462 2547 omues;
485 2475 622 2532 veterem
638 2466 795 2554 imprimis
810 2488 848 2531 ac
862 2465 1036 2552 vulgatam,
1051 2475 1167 2531 nostrae

109 2594 175 2659 prae
189 2570 320 2656 reliquis
338 2570 464 2634 affinem
485 2568 531 2634 ita
548 2567 876 2662 convellere-videtur,
892 2578 928 2634 ut
948 2568 1016 2654 ejus
1030 2568 1064 2634 vi
1078 2590 1168 2634 coac-

110 2684 163 2738 tus
183 2670 384 2736 doctissimus
406 2672 450 2736 A.
472 2671 642 2757 Torquatus
662 2671 717 2736 isti
738 2670 895 2759 principio
919 2669 982 2757 (cui
1004 2692 1084 2758 pene
1106 2669 1167 2736 soli

110 2782 210 2839 totam
230 2771 476 2838 inaedificaverat
501 2771 712 2860 Oatoptricam
732 2771 835 2856 suam)
859 2791 917 2839 ceu
937 2769 1036 2838 infido
1058 2795 1096 2838 ac
1117 2772 1167 2838 in-

110 2875 269 2942 constanti
293 2875 495 2956 renunciant,
516 2874 656 2961 adeoque
678 2897 769 2941 suam
791 2872 860 2963 ipse
882 2872 1057 2940 doctrinam
1079 2873 1167 2942 labe·

110 2979 253 3060 sectarim
276 2978 311 3045 id
334 2987 451 3059 tamen,
467 2977 587 3067 opinor,
603 2978 736 3046 minime
758 2978 908 3059 secunus,
927 2978 956 3044 si
977 3000 1044 3043 rem
1065 2987 1166 3045 totam

109 3084 303 3172 inspexisset
325 3081 474 3171 penitius,
497 3093 593 3169 atque
618 3082 813 3149 difficultatis
837 3081 972 3148 fundum
996 3081 1165 3168 attigisset.

108 3186 208 3274 Apud
223 3209 274 3252 me
288 3208 363 3251 vero
377 3185 503 3251 nonita
517 3185 615 3272 pollet
630 3186 709 3266 haec,
729 3209 788 3253 nec
808 3207 945 3273 eousque
966 3185 1166 3274 praepollebit

108 3289 176 3354 ulla
190 3287 369 3369 difficultas,
384 3298 422 3354 ut
436 3287 478 3353 ab
492 3287 532 3352 iis
547 3310 617 3375 quae
635 3286 802 3354 manifeste
824 3287 939 3354 rationi
956 3299 1166 3355 consentanea

109 3392 212 3473 uideo,
228 3391 406 3472 discedam
430 3392 603 3479 praesertim
618 3414 717 3478 quum
738 3401 776 3456 ut
798 3390 851 3456 hic
868 3389 992 3472 accidit,
1009 3391 1165 3479 ejusmodi

109 3494 275 3561 difficultas
296 3495 331 3560 in
350 3494 521 3581 singularis
542 3493 718 3582 cujuspiam
738 3516 830 3560 casus
845 3493 1029 3581 disparitate
1051 3494 1164 3560 funde·

108 3607 161 3664 tur
171 3623 180 3679 3
203 3596 353 3663 nimirum
367 3596 402 3662 in
421 3605 575 3684 praesente
597 3619 672 3662 casu
693 3597 851 3685 peculiare
865 3596 1027 3685 quiddam,
1042 3607 1163 3664 natura

108 3700 279 3768 subtilitati
296 3699 486 3780 involutum,
508 3699 673 3782 delitescit,
694 3723 778 3787 segre
797 3699 950 3781 fonassis,
966 3699 1029 3766 nisi
1043 3701 1163 3789 perfec·

107 3803 172 3868 tius
194 3800 358 3891 explorato
372 3799 503 3867 videndi
525 3801 628 3882 modo,
645 3801 857 3888 detegendum
867 3825 876 3883 ;
899 3802 982 3867 circa
996 3802 1083 3890 quod
1103 3803 1161 3884 nil,

106 3905 216 3984 fateor,
231 3903 386 3970 hactenus
401 3902 579 3988 excogitare
593 3902 692 3991 potui,
703 3902 790 3990 quod
803 3901 1042 3969 adblandiretur
1056 3903 1162 3969 animo

106 4030 187 4088 meo,
203 4005 321 4071 nedum
336 4003 430 4092 plane
445 4003 646 4070 satisfaceret.
691 4003 793 4072 Vobis
808 4005 915 4092 itaque
929 4005 1048 4072 nodum
1065 4005 1160 4087 hunc,

105 4111 230 4177 utinam
250 4108 389 4176 feliciore
419 4119 543 4189 conatu,
567 4106 789 4174 resolvendum
814 4107 987 4175 committe.
1032 4105 1085 4174 Ita
1106 4107 1161 4173 de·
1190 4149 1201 4166 ·

105 4239 205 4298 mum,
220 4213 393 4280 Audiam
413 4212 543 4302 Optimi,
562 4210 707 4277 Vulcatio.

152 4543 183 4591 B.
197 4543 233 4591 tt.
258 4543 297 4590 11.
