3167 5192
113 421 198 470 uuor.
212 403 273 488 ru]
433 421 620 470 numurus
643 421 917 470 uarususmcs.
1213 405 1257 471 67

112 589 200 656 Unde
220 591 258 656 fit
279 601 314 656 ut
335 590 375 656 de
399 591 494 656 rebus
517 601 584 656 tam
606 591 768 658 evidenter
789 601 821 658 et
849 602 991 657 accurate
1012 589 1167 678 perceptis
1190 613 1256 655 non

111 693 181 760 adeo
202 694 328 760 difficile
350 696 392 760 sit
413 694 557 782 quaedam
581 695 804 776 demonstrare,
833 718 905 782 quae
934 694 1054 760 scilicet
1079 694 1151 761 istis
1174 693 1256 760 ideis

111 797 269 877 cohaerent,
290 797 342 863 vel
357 798 398 863 ab
412 798 452 863 iis
467 798 574 863 statim
589 808 834 884 consequuntur.
879 797 920 862 ln
939 797 1011 863 aliis
1026 821 1100 863 vero
1115 796 1256 862 scientiis

110 897 286 987 plerumque
308 921 397 966 secus
419 899 550 979 aceidst3
577 909 612 965 ut
634 923 747 988 nempe
768 923 828 980 res,
851 923 931 987 quas
952 901 1018 966 illae
1043 901 1255 989 speculantur,

110 1002 204 1088 mags
224 1002 428 1082 reconditam,
451 1025 471 1066 a
488 1001 632 1068 sensibus
652 1003 843 1088 abjunctam,
866 1002 1053 1083 involutam,
1075 1013 1108 1069 et
1128 1025 1257 1091 compo-

109 1104 195 1169 sitam
209 1117 354 1170 natnram
369 1105 516 1186 habeant,
539 1116 571 1173 et
585 1116 621 1171 ut
636 1106 708 1172 illas
723 1108 887 1172 obscurius
906 1116 1002 1194 atque
1020 1106 1180 1174 confusius
1199 1130 1257 1195 ap-

108 1206 341 1291 prehendamus.
386 1206 473 1287 Quid
495 1230 537 1272 ex
556 1232 583 1274 c.
607 1210 649 1274 sit
671 1210 705 1273 in
727 1208 877 1295 Physicis
902 1209 993 1289 color,
1019 1209 1054 1273 in
1078 1208 1257 1276 Moralibus

100 1307 240 1393 solicitos,
256 1311 291 1375 in
308 1309 451 1376 Politicis
461 1312 521 1398 juo
535 1313 686 1398 pestium,
708 1311 835 1378 difficile
853 1313 896 1378 sit
915 1312 1083 1399 imaginari
1098 1312 1255 1394 ffistincte

108 1413 256 1498 exquisite
278 1412 421 1480 definire.
460 1413 600 1478 letarum
622 1436 725 1478 rerum
747 1415 838 1479 nulla
858 1413 956 1481 ferme
979 1414 1145 1502 perspicua
1169 1414 1257 1482 notio

108 1516 215 1581 nostris
231 1517 350 1582 animis
367 1517 568 1598 obversatum
591 1527 624 1583 ct
641 1517 733 1604 siqua
747 1518 798 1597 sit,
815 1518 994 1604 aplurimis
1008 1529 1169 1605 utcunque
1182 1541 1257 1583 con-

108 1616 193 1684 flatur
206 1631 238 1686 et
250 1619 379 1708 pendet,
395 1620 533 1707 talisque
554 1620 673 1701 existit,
692 1621 744 1686 cui
759 1643 851 1686 nemo
865 1621 971 1686 forsan
985 1620 1068 1686 alius
1082 1643 1138 1708 per
1152 1622 1258 1714 omnia

108 1720 235 1788 similem
257 1723 384 1804 habeat,
407 1735 463 1789 aut
484 1747 581 1811 quam
603 1724 654 1806 iis,
677 1723 867 1810 quibuscum
888 1722 1119 1810 congredimur,
1144 1745 1258 1812 appro-

108 1822 175 1890 bare
193 1825 369 1892 valeamus.
413 1825 510 1893 Unde
532 1825 647 1892 talium
673 1836 751 1912 quot
772 1837 917 1892 auctores
938 1836 971 1890 et
989 1826 1186 1913 interpretes,
1209 1836 1257 1892 tot

108 1926 166 1992 lere
191 1929 391 2017 reperiuntur
419 1929 538 1996 diversi
567 1940 746 2017 conceptus,
771 1941 803 1995 et
831 1929 1058 2017 explicationes
1083 1929 1255 1995 admodum

107 2029 182 2096 iuter
196 2053 228 2098 se
242 2031 476 2120 discrepantes:
500 2031 546 2098 Et
568 2044 796 2120 consequenter
816 2033 924 2099 evadit
944 2033 1077 2099 arduum
1100 2032 1255 2121 ejusmodi

108 2133 248 2201 derebus
268 2135 432 2224 perplexis
450 2147 482 2221 et
500 2136 752 2202 indeterminatis
771 2136 848 2202 certi
868 2137 1037 2224 quicquam
1051 2147 1189 2202 statuere
1202 2134 1255 2202 vel

106 2234 322 2306 demmstrare.
551 2301 554 2308 .

163 2343 292 2424 Adhuc,
320 2345 351 2410 2.
381 2341 501 2408 Evenit
521 2342 583 2408 hoc
605 2366 646 2408 ex
667 2365 715 2423 eo,
738 2343 823 2431 quod
846 2343 1064 2408 Mathematici
1089 2341 1255 2423 vocabula,

107 2444 213 2530 quibus
231 2455 378 2526 utuntur,
398 2445 572 2534 perspicuis
594 2456 626 2512 et
647 2468 773 2511 omnem
796 2444 1038 2531 ambiguitatem
1057 2444 1257 2510 excludenti-

107 2546 161 2614 bus
182 2547 422 2614 definitionibus
443 2548 623 2636 explicant3
653 2549 716 2630 rel,
740 2559 776 2616 ut
798 2548 913 2614 melius
942 2547 1056 2628 dicam,
1086 2557 1256 2635 conceptus

107 2649 150 2716 illi
170 2675 241 2719 suos
262 2651 450 2718 nominibus
472 2653 606 2718 efferunt
626 2653 771 2742 propriis,
802 2651 987 2739 adequatis,
1014 2649 1256 2738 significationis

108 2763 191 2820 certor
211 2766 243 2822 et
262 2752 465 2820 invariabilis
474 2779 489 2834 ;.
505 2755 552 2820 ita
569 2755 698 2842 quidem
717 2765 754 2820 ut
768 2753 920 2822 exaudito
941 2753 987 2819 rei
1008 2752 1178 2840 propositae
1197 2775 1256 2818 no-

107 2856 184 2924 mine
196 2857 392 2947 respondens
412 2858 442 2924 ei
456 2870 626 2946 conceptus
646 2883 679 2926 se
698 2860 895 2926 continenter
913 2858 1043 2945 objiciat
1063 2857 1179 2938 animo,
1200 2880 1256 2924 ne·

107 2981 162 3046 qne
175 2961 213 3058 de
226 2968 291 3050 qua
305 2985 341 3028 re
355 2961 483 3048 quidvis
502 2963 672 3029 affirmetur
686 2973 742 3029 aut
755 2973 897 3050 negetur,
918 2962 984 3028 ulla
1003 2961 1182 3028 suboriatur
1196 2961 1256 3028 du·

108 3063 221 3147 hiatio,
244 3067 297 3134 vel
321 3067 550 3147 controversia3
581 3067 667 3154 quod
692 3067 733 3133 ad
754 3067 1005 3156 propositionum
1034 3065 1256 3132 certitudinem

109 3187 192 3236 nemo
210 3192 274 3236 non
295 3170 386 3236 videt
403 3180 595 3258 quantopere
614 3170 776 3238 conduoat.
822 3170 862 3236 In
880 3170 952 3237 aliis
974 3192 1048 3238 vero
1066 3168 1254 3257 disciplinis,

110 3280 141 3334 ut
160 3274 323 3340 uohonum
345 3273 530 3354 obscuritas,
554 3273 723 3354 intricatio,
746 3273 907 3354 confusi03
937 3274 984 3340 sic
1009 3284 1043 3365 et
1063 3272 1256 3359 ambiguitas

111 3383 196 3462 atque
217 3376 432 3444 inconstantia
456 3376 683 3444 vocabulorum
709 3376 744 3442 in
768 3376 977 3464 significando
999 3399 1150 3461 magnam
1174 3375 1257 3462 parit

111 3498 143 3540 ac
162 3479 253 3546 infert
273 3481 450 3548 necessario
475 3480 711 3548 conclusionum
737 3480 907 3567 caliginem
933 3488 965 3544 et
990 3477 1256 3544 incertitudinem.

112 3575 268 3670 Numquae
282 3594 438 3667 usurpant
452 3583 616 3649 nominum
631 3582 831 3648 definitiones
845 3580 1068 3668 utplurimum
1079 3577 1257 3664 negligunt,

113 3691 141 3745 et
156 3683 327 3752 locutiones
349 3687 465 3774 saepius
483 3686 637 3752 adhibent
659 3685 846 3772 improprias
866 3693 898 3750 et
916 3681 1167 3769 metaphoricas3
1189 3691 1259 3747 tum

115 3783 169 3850 alio
186 3788 294 3854 etalio
309 3811 406 3854 sensu
425 3788 535 3855 eadem
555 3787 712 3853 vocabula
726 3788 886 3875 accipiunt
896 3813 904 3868 ;
928 3787 1046 3853 diversi
1067 3785 1181 3851 saltem
1202 3809 1259 3851 au·

115 3885 209 3956 thoros
233 3891 304 3979 ipsa
331 3892 419 3957 varie
447 3900 587 3972 sumunt,
614 3900 647 3956 et
671 3889 881 3956 diversimode
909 3889 1101 3970 describunt,
1131 3911 1259 3976 suaeque

116 3990 236 4079 quisque
256 3994 490 4080 significationi,
511 3993 565 4060 vel
583 3993 786 4081 descriptioni
807 4016 880 4058 suas
899 3992 1116 4071 conclusiones
1135 4015 1258 4059 accom-

117 4092 221 4161 modat.
260 4096 358 4164 Unde
382 4096 632 4184 propositionum
662 4120 726 4162 non
755 4107 881 4162 tantum
910 4096 1110 4178 incertitudo,
1140 4096 1197 4163 sed
1225 4107 1259 4163 ct

117 4201 313 4283 repugnantia
326 4201 533 4268 subnascitur
552 4221 679 4266 necesse
698 4208 746 4264 est
755 4223 763 4278 ;
787 4197 862 4264 inde
877 4199 1019 4265 veritatis
1033 4198 1259 4285 contemplatio

120 4293 272 4386 degenerat
293 4303 327 4368 in
348 4303 605 4391 disputationem,
631 4302 806 4389 disputatio
828 4301 945 4368 desinit
967 4303 1000 4367 in
1022 4324 1141 4370 meram
1162 4311 1259 4384 toqu-

167 4557 209 4632 (2)
240 4565 443 4626 Mathematical
469 4569 564 4625 Terms
585 4587 631 4626 are
653 4570 751 4640 clearly
772 4571 889 4626 defined
