3167 5192
378 1011 597 1096 ORATIO
648 1006 1053 1096 PRAEFATORIA.

584 1241 685 1300 Misi.
712 1260 755 1313 14,
783 1241 867 1311 1⁶⁶4.

643 1475 793 1508 -4—

210 1715 240 1782 Τ
261 1715 478 1804 conquieverit
503 1715 599 1804 paulo
623 1714 803 1782 solennium
824 1714 1023 1800 negotiorum
1038 1723 1144 1796 oesbrs,
1159 1726 1192 1781 et
1210 1713 1301 1780 resti·

232 1829 305 1886 tuta
317 1820 473 1908 tantisper
491 1820 587 1888 rebus
601 1818 717 1885 vestis
732 1815 947 1904 tranquillitos
961 1816 1076 1884 dandis
1093 1816 1302 1906 accipiendis·

141 1945 202 2010 que
216 1923 311 1990 novis
325 1925 449 1990 animos
471 1921 673 2011 apparaverit
686 1920 789 2000 robis,
805 1941 897 1986 aures
918 1921 1117 2008 patefecerit3
1135 1921 1300 2002 attendite,

141 2026 247 2108 sultis,
262 2025 458 2108 Academici,
475 2025 614 2092 insolitae
627 2025 674 2092 rui
688 2022 853 2112 quiddam,
869 2030 901 2088 et
917 2023 1057 2111 prodigii
1070 2047 1136 2091 non
1154 2024 1301 2092 absimile

141 2128 308 2194 denarrare
337 2128 495 2214 gestienti.
552 2126 688 2192 Affirlsit
716 2147 835 2212 nupera
858 2125 1039 2214 quidnam?
1061 2125 1227 2215 inquietis:
1258 2151 1301 2194 an

140 2231 229 2297 dirus
249 2231 397 2299 Cometes
417 2230 615 2300 funestorum
638 2251 768 2296 casuum
787 2229 999 2316 praenuncius,
1019 2230 1198 2319 cujusmodi
1213 2231 1302 2320 plus·

139 2335 230 2401 culos
249 2334 353 2402 indies
371 2334 434 2421 (vel
455 2333 557 2401 invito
575 2333 667 2418 coelo)
692 2332 901 2399 fanaticorum
916 2332 1057 2422 capitum
1071 2335 1205 2401 distorta
1226 2357 1301 2401 con-

136 2447 249 2506 tuetur
271 2437 377 2504 scies?
398 2437 463 2505 imo
483 2461 614 2518 novum,
637 2447 670 2502 at
693 2435 871 2504 beneficum
892 2437 1002 2524 sydus,
1027 2461 1104 2506 vero
1125 2439 1244 2526 pariter
1264 2461 1302 2505 ac

136 2543 247 2609 fausto
266 2542 382 2627 jubare
411 2541 602 2622 scintillans,
627 2539 721 2628 quale
747 2539 875 2606 nullum
897 2551 1022 2608 constat
1038 2565 1060 2607 a
1079 2542 1191 2608 multis
1209 2542 1302 2610 annis

137 2667 238 2733 supra
266 2644 464 2711 horizontem
493 2643 708 2710 academicum
738 2643 923 2724 emersisse;
949 2645 1041 2732 cujus
1066 2665 1126 2731 ego
1149 2667 1236 2711 nunc
1265 2654 1302 2712 ut

137 2748 292 2816 dimetiar
316 2747 582 2834 magnitudinem,
613 2758 719 2814 motus
747 2746 917 2834 explicem,
944 2748 1133 2835 presagium
1158 2759 1300 2830 eventus,

140 2875 209 2918 non
236 2874 342 2918 vanus
368 2851 479 2939 utique
503 2851 568 2918 huc
599 2850 716 2939 prodeo
747 2849 937 2936 asmologus.
990 2849 1100 2918 Vultis
1130 2849 1301 2918 edisseram

141 2953 285 3021 clarius?
312 2976 410 3042 qnam
435 2955 581 3042 iniquum
610 2955 653 3021 sit
676 2955 710 3020 in
724 2953 860 3036 Literss,
876 2977 951 3041 erga
970 2953 1131 3021 literatos
1155 2953 1301 3022 invidum

136 3059 367 3145 ingratumque
382 3056 492 3123 audiat
511 3057 571 3124 hoc
590 3056 743 3138 seculum,
767 3057 912 3144 ignorare
933 3079 1027 3124 nemo
1041 3067 1156 3146 potest,
1172 3059 1229 3146 qui
1248 3060 1301 3127 vel

136 3161 182 3228 ad
196 3161 325 3228 illarum
340 3161 557 3228 calamitosam
577 3170 693 3228 sortem
709 3160 882 3228 obverterit
896 3160 1014 3242 oculos,
1036 3171 1093 3227 aut
1112 3161 1154 3228 ad
1175 3163 1301 3231 crebras

137 3265 255 3330 horum
270 3264 414 3351 querelas
429 3287 493 3330 nou
508 3286 635 3352 prorsus
647 3263 858 3331 obsurduerit.
889 3262 961 3344 Quo
972 3264 1171 3332 demiremini
1186 3267 1300 3353 magis,

138 3368 199 3455 qui
224 3367 333 3433 tristes
358 3366 420 3456 heo
444 3376 633 3455 tempestate
659 3365 830 3434 Gamoenas
855 3367 1040 3454 respiceret3
1068 3368 1164 3434 istem
1189 3368 1301 3435 infami

136 3471 247 3538 seculo
271 3469 377 3538 labem
400 3470 612 3557 abstergeret3
637 3469 883 3557 elanguentibus
904 3471 1019 3538 studiis
1037 3471 1180 3558 vigorem
1201 3473 1301 3560 inspi-

135 3583 240 3654 raret3
257 3572 429 3640 obductam
439 3572 538 3658 longa
551 3571 769 3654 desuetudine,
779 3573 942 3661 nullisque
951 3573 1142 3660 jamdudum
1157 3574 1301 3661 vestigiis

137 3678 302 3764 signatam
315 3675 535 3743 benefaciendi
550 3677 696 3744 semitam
716 3686 880 3764 relegeret,
895 3675 1051 3742 eximium
1066 3676 1195 3742 tandem
1217 3700 1302 3744 com-

137 3780 285 3868 paruisse
306 3778 533 3861 Maecenatem
556 3781 674 3848 nedum
697 3780 792 3848 titulo
816 3791 919 3861 tenus,
937 3789 975 3846 ut
993 3779 1041 3860 fit,
1061 3779 1119 3846 sed
1138 3779 1302 3868 ipsissimt

137 3907 174 3951 re
195 3882 424 3965 Maeoenatem3
446 3907 512 3950 non
533 3885 589 3972 qni
613 3884 732 3951 nudam
755 3884 922 3953 ostentarit
941 3884 1087 3972 gratiam,
1110 3893 1145 3950 at
1166 3885 1301 3952 solidam

139 4011 269 4077 operam
291 3986 482 4076 impenderit
508 3987 618 4069 limem,
642 4011 707 4056 non
736 3990 825 4076 ipsas
847 3988 1003 4057 benevolo
1025 3998 1151 4055 tantum
1174 3991 1300 4073 affectu,

141 4090 198 4158 sed
223 4089 376 4157 munifict
399 4112 525 4179 quoque
554 4113 653 4158 manu
676 4091 719 4159 sit
747 4101 951 4181 prosecutus:
981 4091 1074 4181 cujus
1097 4117 1158 4181 ego
1180 4094 1242 4161 viri
1265 4107 1302 4164 ut

141 4193 253 4262 laudes
279 4195 418 4276 efferam,
444 4204 481 4262 ut
500 4194 635 4262 virtutes
663 4194 883 4283 depraedioem,
907 4194 1032 4262 utinm
1059 4197 1139 4264 mihi
1161 4221 1303 4286 congrua

141 4299 239 4366 tantis
256 4299 380 4364 meritis
393 4299 501 4379 verba,
516 4322 573 4386 par
587 4298 645 4366 tali
659 4299 801 4366 materiae
816 4298 977 4387 eloquium
991 4301 1177 4388 obtigisset3
1198 4325 1302 4388 neque

142 4403 274 4472 deadeo
288 4402 449 4491 praelustri
470 4413 657 4490 argumento
677 4414 743 4470 tam
765 4402 848 4468 mihi
861 4404 996 4472 arduum
1017 4415 1101 4472 esset
1115 4405 1212 4493 digne
1230 4405 1301 4488 fari,

143 4528 240 4592 quam
261 4506 352 4574 nefas
374 4517 423 4574 est
437 4505 566 4574 omuino
584 4517 697 4574 tacere.
743 4505 916 4596 Utcunque
930 4531 1002 4576 cum
1017 4509 1154 4598 publice
1167 4510 1303 4596 gratitu-
