3167 5192
332 374 397 443 378
657 389 843 442 uncrrouns
866 390 1139 440 urrunnumem
1254 373 1355 458 [unm.
1369 389 1459 438 xxui

332 559 543 642 defenderem,
555 559 817 647 augustissimum
832 559 988 649 imprimis
1000 560 1297 628 Mathematicorum
1311 559 1462 650 principem

331 663 558 730 Archimedem
571 663 620 728 illi
635 685 730 730 sunm
744 661 902 729 calculum
921 665 1144 752 apponentem,
1164 665 1256 732 illum
1270 665 1388 752 quoties
1400 687 1462 730 usus

332 767 474 854 postulat
491 779 706 856 usurpantem.
752 767 839 848 Quin
857 766 949 848 addo,
970 777 1094 833 etcum
1116 768 1176 835 hoc
1198 768 1301 856 elogio
1322 766 1463 856 praefirau

334 870 417 936 hane
431 870 678 958 disputationem
693 870 817 950 claudo,
837 870 919 935 nihil
935 880 1043 938 extare
1065 874 1128 956 (me
1143 871 1264 960 judice)
1280 873 1315 936 in
1329 881 1390 936 toto
1403 869 1464 935 Ele-

334 983 513 1040 mentorum
523 997 615 1063 opere
626 973 953 1064 proportionalitatum
964 975 1139 1041 doctrinam
1151 975 1300 1041 subtilius
1311 974 1463 1052 inventum,

334 1077 467 1143 solidius
482 1077 669 1159 stabilitum,
690 1077 868 1143 accuratius
882 1086 1117 1164 pertractatum.
1161 1077 1204 1143 Id
1219 1077 1304 1165 quod
1316 1077 1392 1142 mihi
1407 1097 1464 1140 cum

333 1178 417 1244 hanc
439 1178 619 1266 ingrederer
643 1178 685 1245 de
710 1178 886 1245 rationibus
908 1189 942 1246 et
962 1179 1118 1267 analogiis
1145 1180 1269 1267 σκέψιν
1293 1201 1330 1246 ac
1353 1178 1466 1265 θεωρίαν
1537 1223 1538 1246 t

333 1281 489 1370 praecipue
503 1281 565 1348 fuit
578 1283 614 1348 in
628 1283 734 1349 animo
749 1282 917 1349 declarare.

399 1382 472 1463 Qua
486 1386 555 1471 jam
570 1391 666 1474 opert
679 1409 743 1452 uon
757 1385 965 1474 indiligenter
984 1387 1123 1476 perfecto
1138 1386 1347 1454 secedendum
1361 1397 1420 1465 est3
1438 1393 1466 1449 ut

333 1495 441 1552 tamen
463 1486 568 1554 doleat
586 1489 668 1554 mihi
689 1498 803 1577 praeter
825 1511 914 1576 spem
936 1513 974 1556 ac
995 1490 1191 1578 propositum
1217 1490 1374 1569 accidisse,
1396 1485 1467 1574 quod

332 1613 436 1678 neque
457 1600 557 1658 totam
576 1592 659 1659 hauc
676 1593 920 1681 proportionalis
942 1594 1106 1660 materiam
1124 1594 1294 1661 exhaurire
1312 1591 1466 1682 potuerim;

333 1717 436 1782 neque
449 1720 522 1784 quas
536 1697 576 1764 de
590 1697 847 1785 magnitudinum
862 1698 1133 1778 determinatione,
1154 1699 1371 1778 similitudine,
1388 1719 1468 1782 geue·

333 1799 454 1866 ratione
475 1801 698 1867 succurrebant
720 1800 809 1866 dictu
830 1799 937 1866 forsan
959 1799 1046 1866 haud
1070 1800 1207 1884 inutilia,
1233 1824 1292 1867 nee
1316 1797 1467 1887 injucunda

333 1923 515 1989 proponere.
560 1901 766 1968 Reservanda
785 1902 918 1990 proinde
938 1903 991 1968 rel
1012 1904 1241 1991 supprimenda
1260 1927 1316 1992 pro
1335 1899 1467 1989 capiendo
1538 1907 1539 1910 ’

243 2043 247 2052 ·
332 2002 533 2090 postmodum
550 2003 691 2070 consilio.
737 2003 805 2069 Vos
825 2003 952 2072 interim
974 2004 1132 2073 auditores
1150 2008 1265 2095 optimi
1283 2031 1302 2072 a
1321 2003 1466 2074 bouoDeo

333 2104 445 2173 valete.

751 2265 940 2274 -.-..-.--
965 2267 1071 2274 ...----

386 2365 504 2424 unum
522 2366 584 2425 ner.
601 2368 627 2424 n
642 2338 729 2425 osse

622 2645 685 2651 ----
700 2643 808 2650 —..-
825 2645 903 2650 -.-—
914 2645 1051 2652 -—-———.-—
1061 2646 1088 2652 .-
1097 2645 1155 2653 -—--

335 2897 565 2977 masuam
585 2899 687 2962 Nora
708 2921 836 2980 aaa·
859 2913 887 2964 a
908 2904 1007 2981 tama
1027 2913 1056 2964 a
1077 2903 1123 2964 aa
1143 2902 1313 2980 artemam
1333 2900 1465 2964 naua·
1540 2917 1541 2970 l

412 3009 958 3095 metamaucensem
976 3013 1466 3094 attieeadoftdesccoaddoara
1540 3013 1541 3018 ’

413 3122 998 3212 (amnemamnem).

393 3303 549 3364 Hactenus
562 3306 726 3382 Lectiones,
741 3316 777 3369 ut
792 3311 903 3372 habita
922 3320 993 3373 sunt
1010 3314 1134 3391 publice,
1154 3313 1196 3372 sic
1212 3315 1315 3374 ordine
1334 3311 1465 3385 descripta

330 3403 458 3461 veniunt
478 3422 624 3482 nusquam
647 3406 847 3469 interturbato
857 3431 866 3484 ;
887 3431 968 3470 nuno
988 3413 1093 3470 seriem
1114 3411 1266 3488 abrumpo.
1309 3409 1379 3468 Cum
1398 3406 1464 3464 enim

332 3520 387 3560 nec
400 3501 464 3578 lege
476 3507 587 3577 tenear,
602 3509 634 3562 et
646 3524 707 3582 prae
728 3507 817 3564 taedio
839 3507 948 3566 laboris
966 3527 1000 3566 ac
1013 3509 1154 3585 temporis
1167 3507 1292 3586 penurid
1304 3525 1359 3564 non
1372 3502 1463 3582 possim

331 3617 433 3658 omnes
445 3597 490 3680 (at
503 3599 609 3660 saltem
628 3601 729 3660 decem
749 3604 787 3660 ad
808 3603 920 3685 minus)
938 3605 1085 3680 exhibere,
1101 3607 1217 3666 decrevi
1235 3605 1353 3682 reliquis
1368 3601 1464 3677 aliquot

331 3696 508 3756 intermissis
521 3703 582 3757 tres
594 3697 716 3758 ultimos
729 3701 883 3779 adponere.
