3167 5192
97 419 186 469 caer.
204 404 270 489 nr]
432 423 621 474 necnonns
643 422 917 474 nirnsniimcn.
1191 402 1253 467 145

95 590 198 675 augeri
212 589 302 655 κατὰ
315 588 504 678 πρόσθεσιν,
519 590 567 657 ita
580 590 670 657 fracti
685 592 810 681 possint
824 591 1047 681 ἀντιστρόφως
1062 589 1197 657 diminui
1212 594 1252 676 τῇ

95 692 276 779 καθαιρέσει
301 693 399 781 (quod
419 716 536 782 nempe
557 694 638 761 sicut
660 695 836 783 concipitur
858 696 975 783 aliquis
1000 696 1085 761 ultra
1106 694 1252 761 millena-

94 797 171 861 rium
186 818 350 877 numerus,
365 798 476 864 eodem
496 798 591 864 modo
609 799 807 887 concipiatur
823 800 932 887 aliqua
951 822 1025 887 pars
1044 798 1127 863 infra
1146 796 1251 863 mille·

95 900 215 985 simam)
243 900 378 987 signum
400 910 449 967 est
471 901 720 988 magnitudines,
747 902 865 989 quibus
890 902 1091 990 respondent,
1118 912 1250 987 utroque

95 1003 205 1089 pariter
217 1002 317 1068 modo
332 1025 441 1069 versus
454 1002 617 1070 infinitum
631 1027 771 1091 vergere.

153 1106 309 1185 Quinimo
327 1106 412 1193 quod
433 1106 559 1171 infinita
580 1105 674 1172 series
697 1107 885 1173 tactionum
907 1114 993 1173 certt
1014 1107 1157 1195 qualibet
1178 1129 1251 1195 pro-

94 1210 231 1295 portione
256 1209 506 1275 decrescentium
532 1219 674 1296 aequetur
698 1221 782 1277 certo
805 1234 945 1291 nurnero,
969 1211 1022 1278 vel
1047 1210 1171 1291 unitati,
1198 1210 1250 1277 vel

94 1313 219 1379 unitatis
238 1313 338 1400 parti,
361 1315 405 1398 (v,
421 1337 453 1400 g.
474 1312 560 1400 quod
578 1313 651 1379 talis
671 1314 766 1379 series
786 1313 1030 1381 decrescentium
1050 1314 1250 1402 proportione
1328 1300 1330 1305 ¹

95 1415 359 1503 subsesquialtert
375 1428 516 1503 sequetur
535 1415 668 1495 binario,
686 1414 932 1483 decrescentium
950 1417 1071 1483 ratione
1091 1416 1250 1504 subduplt

95 1531 230 1605 aquetur
243 1520 373 1599 unitati,
389 1519 634 1585 decrescentium
653 1519 773 1585 ratione
792 1520 948 1608 subtriplt
966 1530 1108 1607 sequetur
1126 1520 1249 1586 semissi

94 1622 244 1706 unitatis)
271 1623 349 1688 satis
368 1623 451 1689 clare
467 1624 598 1689 docetur
616 1634 648 1689 et
663 1623 840 1689 ostenditur
859 1625 900 1689 ab
920 1623 1150 1703 Arithmeticis,
1166 1623 1250 1689 unde

94 1747 153 1789 nun
179 1736 342 1815 repugnat
370 1725 498 1791 finitum
519 1724 649 1812 aliquod
669 1725 811 1791 infinitas
833 1726 867 1790 in
889 1748 923 1792 se
944 1734 1049 1814 partes
1072 1724 1247 1790 continere:

94 1831 264 1915 presertim
287 1850 360 1895 curn
381 1852 512 1895 numero
533 1828 616 1893 nihil
637 1829 815 1909 conveniat,
839 1830 924 1917 quod
949 1853 1013 1896 non
1037 1828 1152 1918 potiori
1177 1827 1249 1916 jure

95 1934 236 1999 convenit
251 1932 478 2019 magnitudini,
493 1955 590 2020 qnam
604 1955 755 1999 numerus
774 1942 978 2022 repraesentat
999 1957 1036 1999 ac
1056 1932 1248 1999 denominat.

96 2032 137 2100 Et
161 2058 238 2102 sane
264 2035 330 2100 fere
355 2034 439 2100 tollit
463 2057 590 2100 omnem
613 2034 829 2102 difficultatem
857 2036 1053 2123 imaginandi
1075 2059 1137 2123 quo
1157 2045 1249 2124 pacto

95 2138 189 2225 possit
203 2138 343 2212 evenire,
359 2137 445 2225 quod
458 2160 508 2203 res
522 2137 614 2202 finita
628 2137 757 2203 conflari
772 2137 873 2226 possit
887 2162 928 2205 ex
943 2139 1087 2227 partibus
1102 2139 1247 2219 infinitis,

96 2243 226 2310 simodo
241 2241 466 2323 consideretur,
481 2249 576 2329 prout
592 2241 744 2307 adcrescit
762 2242 934 2309 multitudo
951 2244 1099 2331 partium,
1115 2244 1161 2309 ita
1180 2243 1249 2333 pari

96 2369 186 2435 parsu
209 2348 368 2435 reciproce
391 2348 531 2435 ipsarum
555 2346 808 2433 magnitudinem
834 2349 1019 2416 decrescere.
1064 2348 1114 2415 Ut
1136 2350 1164 2415 si
1186 2359 1249 2415 tres

97 2460 194 2535 partes
213 2451 332 2516 habeat
349 2450 475 2515 illarum
498 2448 625 2535 singula
645 2470 710 2523 non
731 2457 780 2515 est
801 2450 865 2515 nisi
887 2450 980 2515 tertia
1001 2474 1075 2539 pars
1097 2450 1205 2530 totius,
1221 2450 1249 2515 si

97 2565 227 2641 quatuor
245 2576 311 2621 non
329 2554 392 2618 nisi
409 2561 539 2641 quarta3
563 2552 609 2618 sic
629 2563 666 2617 nt
686 2553 828 2640 ipsarum
850 2554 991 2641 parvitas
1013 2554 1249 2620 multitudinem

97 2668 284 2747 compenset.
330 2656 395 2724 Sed
410 2666 502 2743 urget
516 2654 687 2743 Epicurus,
702 2655 755 2721 vel
769 2656 839 2741 ejus
854 2656 982 2723 nomine
997 2657 1183 2723 Lucretiusr

214 2812 364 2870 Praeterea
376 2811 435 2869 nisi
448 2810 507 2869 erit
519 2810 687 2882 minimum,
702 2812 878 2888 parvissima
891 2832 1015 2891 quaeque

214 2911 346 2988 Corpora
357 2908 536 2967 constabunt
550 2926 588 2964 ex
601 2907 738 2983 partibus
751 2907 885 2967 infinitis.

103 3022 208 3104 Recte,
224 3022 302 3111 quid
317 3018 416 3087 inde?

215 3145 295 3223 Ergo
308 3163 408 3202 rerum
421 3143 501 3201 inter
514 3162 545 3201 se
558 3162 705 3203 summam
718 3144 933 3225 minimamque
946 3148 1019 3226 quid
1033 3148 1122 3207 sscitt

101 3272 219 3362 h'empe
240 3275 383 3341 futurum
406 3283 506 3361 putat,
530 3273 670 3339 admissu
690 3281 799 3341 nostrt
820 3276 1000 3365 hypothesi,
1022 3289 1058 3344 ut
1079 3278 1248 3343 minimum

101 3388 248 3462 quantum
267 3376 413 3463 adaequet
433 3376 621 3456 maximum,
636 3386 674 3441 ut
694 3399 829 3463 granum
851 3380 1017 3467 papaveris
1039 3381 1249 3469 aequiparetur

102 3481 154 3545 tati
168 3482 295 3560 mundo,
310 3502 370 3546 nec
384 3503 492 3546 musca
507 3479 716 3567 amplitudine
730 3481 822 3547 cedat
835 3481 1020 3570 elephanto;
1043 3482 1120 3569 quia
1133 3482 1249 3569 pariter

103 3581 158 3649 ista
178 3609 249 3652 cnm
271 3585 322 3650 his
343 3592 449 3671 partes
470 3582 633 3648 continent
653 3582 805 3650 infinitas.
852 3582 918 3651 Sed
936 3583 1004 3649 haec
1020 3583 1249 3671 argumentatio

103 3687 146 3751 nil
164 3690 274 3755 efficit:
304 3688 384 3775 quid
405 3686 490 3752 enim
512 3686 619 3751 obstat
639 3708 703 3773 quo
724 3686 830 3752 minus
852 3686 971 3772 exigua
993 3708 1042 3751 res
1063 3694 1112 3751 tot
1133 3686 1250 3751 habeat

104 3801 199 3874 partes
213 3792 360 3865 minores,
375 3801 454 3878 quot
472 3788 607 3877 amplior
626 3790 690 3855 aha
708 3790 843 3878 majores
865 3790 988 3857 obtinet
997 3816 1005 3871 ;
1028 3800 1065 3856 ut
1080 3789 1200 3856 solidus
1215 3788 1249 3853 in

104 3900 147 3956 tot
166 3894 317 3974 denarios,
339 3903 418 3981 quot
438 3892 473 3957 in
490 3891 600 3957 uncias
623 3891 706 3957 libra
727 3892 952 3975 distribuatur3
982 3903 1019 3959 ut
1041 3903 1088 3958 tot
1110 3902 1249 3958 octantes

105 4015 164 4079 pes,
188 4007 263 4083 quot
288 3997 394 4085 ipsum
423 3994 546 4060 miliare
574 3994 694 4059 stadim
725 3994 975 4083 complectatur?
1018 3994 1138 4075 Quidni
1168 3995 1250 4062 sicut

105 4096 261 4165 universus
274 4109 427 4165 terrarum
441 4096 527 4163 orbis
541 4094 583 4161 sd
597 4119 734 4177 arenam,
751 4097 797 4162 sic
811 4120 906 4163 arena
921 4120 954 4164 se
969 4100 1083 4171 habeat
1097 4099 1139 4165 ad
1153 4098 1248 4166 aliam

120 4365 125 4375 Ι
153 4280 274 4337 Auertes
284 4280 446 4350 decreasing
457 4282 485 4336 in
500 4280 677 4352 geometrical
692 4281 853 4352 proportion
868 4280 985 4352 iraqual
997 4284 1027 4336 tc
1040 4298 1057 4337 a
1071 4282 1149 4336 finite
1165 4297 1250 4352 quan-

107 4367 314 4511 tlt'lucretium
331 4457 485 4524 argument,
501 4453 564 4508 that
581 4453 606 4508 if
620 4453 797 4523 magnitudea
813 4454 918 4508 consist
936 4453 967 4508 of
981 4452 1088 4509 infinite
1107 4458 1193 4526 parts,
1213 4455 1250 4509 all

106 4540 269 4607 magnitudas
280 4557 329 4595 are
340 4540 429 4609 equat.

144 4627 220 4675 nn.
1123 4614 1164 4676 19
