<?xml version="1.0" encoding="UTF-8"?>
<!DOCTYPE html PUBLIC "-//W3C//DTD XHTML 1.0 Transitional//EN"
    "http://www.w3.org/TR/xhtml1/DTD/xhtml1-transitional.dtd">
<html xmlns="http://www.w3.org/1999/xhtml" xml:lang="en" lang="en">
 <head>
  <title>
</title>
<meta http-equiv="Content-Type" content="text/html;charset=utf-8" />
  <meta name='ocr-system' content='tesseract 3.04.00' />
  <meta name='ocr-capabilities' content='ocr_page ocr_carea ocr_par ocr_line ocrx_word'/>
</head>
<body>
  <div class='ocr_page' id='page_1' title='image "./mathematicalwor00whewgoog_0023.png"; bbox 0 0 3167 5192; ppageno 0'>
   <div class='ocr_carea' id='block_1_1' title="bbox 584 379 1245 447">
    <p class='ocr_par' dir='ltr' id='par_1_1' title="bbox 584 379 1245 447">
     <span class='ocr_line' id='line_1_1' title="bbox 584 379 1245 447; baseline 0 -1"><span class='ocrx_word' id='word_1_1' title='bbox 584 398 633 446; x_wconf 77' lang='lat' dir='ltr'>sn</span> <span class='ocrx_word' id='word_1_2' title='bbox 656 397 846 447; x_wconf 78' lang='lat' dir='ltr'>sucronem</span> <span class='ocrx_word' id='word_1_3' title='bbox 1184 379 1245 446; x_wconf 85' lang='lat' dir='ltr'>xix</span> 
     </span>
    </p>
   </div>
   <div class='ocr_carea' id='block_1_2' title="bbox 161 565 1253 4526">
    <p class='ocr_par' dir='ltr' id='par_1_2' title="bbox 161 565 1253 4526">
     <span class='ocr_line' id='line_1_2' title="bbox 161 565 1246 657; baseline 0 -25"><span class='ocrx_word' id='word_1_4' title='bbox 161 587 179 616; x_wconf 89' lang='lat'><strong>·</strong></span> <span class='ocrx_word' id='word_1_5' title='bbox 250 565 348 634; x_wconf 80' lang='lat' dir='ltr'><strong>Alter</strong></span> <span class='ocrx_word' id='word_1_6' title='bbox 362 589 486 656; x_wconf 89' lang='lat' dir='ltr'>scopus,</span> <span class='ocrx_word' id='word_1_7' title='bbox 502 567 544 635; x_wconf 92' lang='lat' dir='ltr'>sd</span> <span class='ocrx_word' id='word_1_8' title='bbox 558 590 652 657; x_wconf 90' lang='lat' dir='ltr'>quem</span> <span class='ocrx_word' id='word_1_9' title='bbox 666 567 870 636; x_wconf 87' lang='lat' dir='ltr'>collineatum</span> <span class='ocrx_word' id='word_1_10' title='bbox 884 576 942 649; x_wconf 86' lang='lat' dir='ltr'>est,</span> <span class='ocrx_word' id='word_1_11' title='bbox 958 589 1066 634; x_wconf 90' lang='lat' dir='ltr'>eornm</span> <span class='ocrx_word' id='word_1_12' title='bbox 1081 565 1246 634; x_wconf 74' lang='lat' dir='ltr'>desideriis</span> 
     </span>
     <span class='ocr_line' id='line_1_3' title="bbox 188 676 1245 767; baseline -0.003 -22"><span class='ocrx_word' id='word_1_13' title='bbox 188 677 358 760; x_wconf 86' lang='lat' dir='ltr'>consuluit,</span> <span class='ocrx_word' id='word_1_14' title='bbox 381 679 437 767; x_wconf 88' lang='lat' dir='ltr'>qni</span> <span class='ocrx_word' id='word_1_15' title='bbox 460 677 783 746; x_wconf 80' lang='lat' dir='ltr'>demonstrationibus</span> <span class='ocrx_word' id='word_1_16' title='bbox 806 676 993 765; x_wconf 81' lang='lat' dir='ltr'>symbolicis</span> <span class='ocrx_word' id='word_1_17' title='bbox 1018 677 1245 765; x_wconf 88' lang='lat' dir='ltr'>potiusquam</span> 
     </span>
     <span class='ocr_line' id='line_1_4' title="bbox 187 787 1246 879; baseline -0.001 -24"><span class='ocrx_word' id='word_1_18' title='bbox 187 788 373 856; x_wconf 78' lang='lat' dir='ltr'>verbalibus</span> <span class='ocrx_word' id='word_1_19' title='bbox 387 788 595 858; x_wconf 83' lang='lat' dir='ltr'>delectantur.</span> <span class='ocrx_word' id='word_1_20' title='bbox 639 788 682 854; x_wconf 91' lang='lat' dir='ltr'>In</span> <span class='ocrx_word' id='word_1_21' title='bbox 701 810 765 877; x_wconf 88' lang='lat' dir='ltr'>quo</span> <span class='ocrx_word' id='word_1_22' title='bbox 782 811 898 876; x_wconf 84' lang='lat' dir='ltr'>genere</span> <span class='ocrx_word' id='word_1_23' title='bbox 916 811 989 856; x_wconf 92' lang='lat' dir='ltr'>cum</span> <span class='ocrx_word' id='word_1_24' title='bbox 1002 789 1146 879; x_wconf 84' lang='lat' dir='ltr'>plerique</span> <span class='ocrx_word' id='word_1_25' title='bbox 1160 787 1246 876; x_wconf 88' lang='lat' dir='ltr'>apud</span> 
     </span>
     <span class='ocr_line' id='line_1_5' title="bbox 187 898 1246 988; baseline 0.003 -24"><span class='ocrx_word' id='word_1_26' title='bbox 187 921 248 965; x_wconf 91' lang='lat' dir='ltr'>nos</span> <span class='ocrx_word' id='word_1_27' title='bbox 270 898 428 966; x_wconf 71' lang='lat' dir='ltr'>Galeelmr‘</span> <span class='ocrx_word' id='word_1_28' title='bbox 447 898 623 986; x_wconf 66' lang='lat' dir='ltr'>ouqtrradt</span> <span class='ocrx_word' id='word_1_29' title='bbox 639 899 796 987; x_wconf 81' lang='lat' dir='ltr'>symbolis</span> <span class='ocrx_word' id='word_1_30' title='bbox 813 899 934 966; x_wconf 72' lang='lat' dir='ltr'>maneti</span> <span class='ocrx_word' id='word_1_31' title='bbox 953 899 1029 981; x_wconf 85' lang='lat' dir='ltr'>sint,</span> <span class='ocrx_word' id='word_1_32' title='bbox 1051 922 1089 966; x_wconf 88' lang='lat' dir='ltr'>ea</span> <span class='ocrx_word' id='word_1_33' title='bbox 1107 899 1246 988; x_wconf 89' lang='lat' dir='ltr'>plerum·</span> 
     </span>
     <span class='ocr_line' id='line_1_6' title="bbox 188 1009 1248 1099; baseline 0 -22"><span class='ocrx_word' id='word_1_34' title='bbox 188 1032 252 1099; x_wconf 90' lang='lat' dir='ltr'>que</span> <span class='ocrx_word' id='word_1_35' title='bbox 281 1033 434 1098; x_wconf 84' lang='lat' dir='ltr'>usurpare</span> <span class='ocrx_word' id='word_1_36' title='bbox 462 1009 641 1078; x_wconf 87' lang='lat' dir='ltr'>consultius</span> <span class='ocrx_word' id='word_1_37' title='bbox 670 1010 833 1078; x_wconf 87' lang='lat' dir='ltr'>duximus.</span> <span class='ocrx_word' id='word_1_38' title='bbox 878 1009 965 1078; x_wconf 87' lang='lat' dir='ltr'>Nam</span> <span class='ocrx_word' id='word_1_39' title='bbox 995 1010 1053 1099; x_wconf 91' lang='lat' dir='ltr'>qui</span> <span class='ocrx_word' id='word_1_40' title='bbox 1082 1011 1248 1078; x_wconf 64' lang='lat' dir='ltr'>metim</span> 
     </span>
     <span class='ocr_line' id='line_1_7' title="bbox 189 1118 1248 1208; baseline 0.001 -23"><span class='ocrx_word' id='word_1_41' title='bbox 189 1120 253 1186; x_wconf 76' lang='lat' dir='ltr'>hdo</span> <span class='ocrx_word' id='word_1_42' title='bbox 267 1120 324 1186; x_wconf 83' lang='lat' dir='ltr'>vit</span> <span class='ocrx_word' id='word_1_43' title='bbox 336 1119 460 1187; x_wconf 81' lang='lat' dir='ltr'>tradere</span> <span class='ocrx_word' id='word_1_44' title='bbox 474 1128 506 1186; x_wconf 91' lang='lat' dir='ltr'>et</span> <span class='ocrx_word' id='word_1_45' title='bbox 517 1119 715 1208; x_wconf 85' lang='lat' dir='ltr'>interpretari</span> <span class='ocrx_word' id='word_1_46' title='bbox 730 1141 900 1208; x_wconf 79' lang='lat' dir='ltr'>aggressus</span> <span class='ocrx_word' id='word_1_47' title='bbox 915 1119 968 1202; x_wconf 86' lang='lat' dir='ltr'>sit,</span> <span class='ocrx_word' id='word_1_48' title='bbox 984 1119 1147 1202; x_wconf 83' lang='lat' dir='ltr'>hactenus,</span> <span class='ocrx_word' id='word_1_49' title='bbox 1162 1118 1248 1208; x_wconf 91' lang='lat' dir='ltr'>quod</span> 
     </span>
     <span class='ocr_line' id='line_1_8' title="bbox 189 1231 1247 1320; baseline 0 -23"><span class='ocrx_word' id='word_1_50' title='bbox 189 1251 250 1318; x_wconf 85' lang='lat' dir='ltr'>ego</span> <span class='ocrx_word' id='word_1_51' title='bbox 264 1231 373 1305; x_wconf 77' lang='lat' dir='ltr'>sciam</span> <span class='ocrx_word' id='word_1_52' title='bbox 387 1242 502 1319; x_wconf 74' lang='lat' dir='ltr'>prater</span> <span class='ocrx_word' id='word_1_53' title='bbox 516 1253 616 1298; x_wconf 91' lang='lat' dir='ltr'>unum</span> <span class='ocrx_word' id='word_1_54' title='bbox 630 1231 669 1298; x_wconf 88' lang='lat' dir='ltr'>P.</span> <span class='ocrx_word' id='word_1_55' title='bbox 684 1233 904 1320; x_wconf 71' lang='lat' dir='ltr'>Heripom’am,</span> <span class='ocrx_word' id='word_1_56' title='bbox 924 1240 1066 1318; x_wconf 88' lang='lat' dir='ltr'>repertus</span> <span class='ocrx_word' id='word_1_57' title='bbox 1077 1239 1126 1298; x_wconf 89' lang='lat' dir='ltr'>est</span> <span class='ocrx_word' id='word_1_58' title='bbox 1142 1252 1247 1297; x_wconf 88' lang='lat' dir='ltr'>nemo.</span> 
     </span>
     <span class='ocr_line' id='line_1_9' title="bbox 189 1339 1248 1429; baseline 0 -21"><span class='ocrx_word' id='word_1_59' title='bbox 189 1339 294 1428; x_wconf 86' lang='lat' dir='ltr'>Gujus</span> <span class='ocrx_word' id='word_1_60' title='bbox 323 1340 386 1406; x_wconf 91' lang='lat' dir='ltr'>viri</span> <span class='ocrx_word' id='word_1_61' title='bbox 414 1340 510 1429; x_wconf 82' lang='lat' dir='ltr'>longe</span> <span class='ocrx_word' id='word_1_62' title='bbox 539 1341 716 1410; x_wconf 77' lang='lat' dir='ltr'>doctissimi</span> <span class='ocrx_word' id='word_1_63' title='bbox 749 1340 930 1424; x_wconf 87' lang='lat' dir='ltr'>methodus,</span> <span class='ocrx_word' id='word_1_64' title='bbox 960 1365 1036 1410; x_wconf 85' lang='lat' dir='ltr'>sane</span> <span class='ocrx_word' id='word_1_65' title='bbox 1068 1341 1104 1408; x_wconf 90' lang='lat' dir='ltr'>in</span> <span class='ocrx_word' id='word_1_66' title='bbox 1136 1340 1248 1408; x_wconf 87' lang='lat' dir='ltr'>multis</span> 
     </span>
     <span class='ocr_line' id='line_1_10' title="bbox 188 1449 1246 1541; baseline 0 -23"><span class='ocrx_word' id='word_1_67' title='bbox 188 1449 328 1538; x_wconf 84' lang='lat' dir='ltr'>egregia,</span> <span class='ocrx_word' id='word_1_68' title='bbox 344 1472 381 1517; x_wconf 87' lang='lat' dir='ltr'>ac</span> <span class='ocrx_word' id='word_1_69' title='bbox 395 1451 464 1540; x_wconf 90' lang='lat' dir='ltr'>ejus</span> <span class='ocrx_word' id='word_1_70' title='bbox 474 1451 627 1540; x_wconf 81' lang='lat' dir='ltr'>peculiari</span> <span class='ocrx_word' id='word_1_71' title='bbox 641 1451 986 1541; x_wconf 87' lang='lat' dir='ltr'>propositoadmodum</span> <span class='ocrx_word' id='word_1_72' title='bbox 1000 1451 1246 1534; x_wconf 87' lang='lat' dir='ltr'>accommodata,</span> 
     </span>
     <span class='ocr_line' id='line_1_11' title="bbox 189 1560 1248 1650; baseline 0 -22"><span class='ocrx_word' id='word_1_73' title='bbox 189 1560 312 1650; x_wconf 87' lang='lat' dir='ltr'>duplici</span> <span class='ocrx_word' id='word_1_74' title='bbox 326 1571 433 1630; x_wconf 87' lang='lat' dir='ltr'>tamen</span> <span class='ocrx_word' id='word_1_75' title='bbox 448 1562 573 1630; x_wconf 88' lang='lat' dir='ltr'>defectu</span> <span class='ocrx_word' id='word_1_76' title='bbox 585 1562 729 1630; x_wconf 84' lang='lat' dir='ltr'>laborare</span> <span class='ocrx_word' id='word_1_77' title='bbox 742 1562 825 1630; x_wconf 94' lang='lat' dir='ltr'>mihi</span> <span class='ocrx_word' id='word_1_78' title='bbox 838 1562 910 1629; x_wconf 82' lang='lat' dir='ltr'>visa</span> <span class='ocrx_word' id='word_1_79' title='bbox 923 1572 981 1629; x_wconf 85' lang='lat' dir='ltr'>est.</span> <span class='ocrx_word' id='word_1_80' title='bbox 1026 1561 1146 1642; x_wconf 91' lang='lat' dir='ltr'>Primo,</span> <span class='ocrx_word' id='word_1_81' title='bbox 1161 1561 1248 1650; x_wconf 87' lang='lat' dir='ltr'>quod</span> 
     </span>
     <span class='ocr_line' id='line_1_12' title="bbox 189 1672 1249 1763; baseline 0.002 -23"><span class='ocrx_word' id='word_1_82' title='bbox 189 1695 264 1740; x_wconf 88' lang='lat' dir='ltr'>cum</span> <span class='ocrx_word' id='word_1_83' title='bbox 294 1672 551 1763; x_wconf 87' lang='lat' dir='ltr'>Propositionum</span> <span class='ocrx_word' id='word_1_84' title='bbox 581 1674 624 1741; x_wconf 88' lang='lat' dir='ltr'>ad</span> <span class='ocrx_word' id='word_1_85' title='bbox 655 1675 752 1742; x_wconf 88' lang='lat' dir='ltr'>unius</span> <span class='ocrx_word' id='word_1_86' title='bbox 786 1674 922 1762; x_wconf 88' lang='lat' dir='ltr'>alicujus</span> <span class='ocrx_word' id='word_1_87' title='bbox 955 1673 1159 1742; x_wconf 75' lang='lat' dir='ltr'>theorematis</span> <span class='ocrx_word' id='word_1_88' title='bbox 1189 1683 1249 1742; x_wconf 87' lang='lat' dir='ltr'>aut</span> 
     </span>
     <span class='ocr_line' id='line_1_13' title="bbox 188 1783 1250 1874; baseline -0.001 -23"><span class='ocrx_word' id='word_1_89' title='bbox 188 1783 397 1874; x_wconf 82' lang='lat' dir='ltr'>problematis</span> <span class='ocrx_word' id='word_1_90' title='bbox 411 1784 631 1873; x_wconf 86' lang='lat' dir='ltr'>probationem</span> <span class='ocrx_word' id='word_1_91' title='bbox 645 1783 865 1868; x_wconf 85' lang='lat' dir='ltr'>adductarum,</span> <span class='ocrx_word' id='word_1_92' title='bbox 879 1784 1033 1874; x_wconf 78' lang='lat' dir='ltr'>posterior</span> <span class='ocrx_word' id='word_1_93' title='bbox 1043 1806 1063 1850; x_wconf 90' lang='lat' dir='ltr'>a</span> <span class='ocrx_word' id='word_1_94' title='bbox 1072 1783 1174 1873; x_wconf 87' lang='lat' dir='ltr'>priori</span> <span class='ocrx_word' id='word_1_95' title='bbox 1183 1805 1250 1851; x_wconf 89' lang='lat' dir='ltr'>non</span> 
     </span>
     <span class='ocr_line' id='line_1_14' title="bbox 189 1892 1250 1984; baseline 0.002 -25"><span class='ocrx_word' id='word_1_96' title='bbox 189 1915 317 1983; x_wconf 89' lang='lat' dir='ltr'>semper</span> <span class='ocrx_word' id='word_1_97' title='bbox 342 1892 528 1983; x_wconf 82' lang='lat' dir='ltr'>dependeat,</span> <span class='ocrx_word' id='word_1_98' title='bbox 555 1895 683 1984; x_wconf 88' lang='lat' dir='ltr'>quando</span> <span class='ocrx_word' id='word_1_99' title='bbox 704 1906 812 1964; x_wconf 87' lang='lat' dir='ltr'>tamen</span> <span class='ocrx_word' id='word_1_100' title='bbox 833 1895 899 1964; x_wconf 82' lang='lat' dir='ltr'>illae</span> <span class='ocrx_word' id='word_1_101' title='bbox 919 1895 1004 1962; x_wconf 86' lang='lat' dir='ltr'>inter</span> <span class='ocrx_word' id='word_1_102' title='bbox 1024 1917 1059 1961; x_wconf 88' lang='lat' dir='ltr'>sc</span> <span class='ocrx_word' id='word_1_103' title='bbox 1080 1895 1250 1977; x_wconf 83' lang='lat' dir='ltr'>cohaerent,</span> 
     </span>
     <span class='ocr_line' id='line_1_15' title="bbox 190 2003 1249 2096; baseline 0.003 -26"><span class='ocrx_word' id='word_1_104' title='bbox 190 2003 319 2092; x_wconf 88' lang='lat' dir='ltr'>quando</span> <span class='ocrx_word' id='word_1_105' title='bbox 333 2026 409 2087; x_wconf 91' lang='lat' dir='ltr'>non,</span> <span class='ocrx_word' id='word_1_106' title='bbox 431 2027 491 2074; x_wconf 89' lang='lat' dir='ltr'>nec</span> <span class='ocrx_word' id='word_1_107' title='bbox 505 2028 547 2073; x_wconf 85' lang='lat' dir='ltr'>ex</span> <span class='ocrx_word' id='word_1_108' title='bbox 562 2007 672 2076; x_wconf 88' lang='lat' dir='ltr'>ordine</span> <span class='ocrx_word' id='word_1_109' title='bbox 690 2007 900 2096; x_wconf 78' lang='lat' dir='ltr'>singularum,</span> <span class='ocrx_word' id='word_1_110' title='bbox 922 2030 981 2076; x_wconf 92' lang='lat' dir='ltr'>nec</span> <span class='ocrx_word' id='word_1_111' title='bbox 995 2007 1063 2074; x_wconf 91' lang='lat' dir='ltr'>ullo</span> <span class='ocrx_word' id='word_1_112' title='bbox 1076 2007 1140 2075; x_wconf 86' lang='lat' dir='ltr'>alio</span> <span class='ocrx_word' id='word_1_113' title='bbox 1153 2005 1249 2074; x_wconf 90' lang='lat' dir='ltr'>modo</span> 
     </span>
     <span class='ocr_line' id='line_1_16' title="bbox 189 2115 1250 2206; baseline 0.003 -26"><span class='ocrx_word' id='word_1_114' title='bbox 189 2115 269 2181; x_wconf 86' lang='lat' dir='ltr'>satis</span> <span class='ocrx_word' id='word_1_115' title='bbox 290 2125 436 2203; x_wconf 87' lang='lat' dir='ltr'>prompte</span> <span class='ocrx_word' id='word_1_116' title='bbox 458 2115 652 2185; x_wconf 86' lang='lat' dir='ltr'>innotescere</span> <span class='ocrx_word' id='word_1_117' title='bbox 665 2125 795 2206; x_wconf 65' lang='lat' dir='ltr'>,potest3</span> <span class='ocrx_word' id='word_1_118' title='bbox 817 2117 904 2187; x_wconf 87' lang='lat' dir='ltr'>unde</span> <span class='ocrx_word' id='word_1_119' title='bbox 925 2117 967 2185; x_wconf 92' lang='lat' dir='ltr'>ob</span> <span class='ocrx_word' id='word_1_120' title='bbox 993 2115 1152 2185; x_wconf 84' lang='lat' dir='ltr'>defectum</span> <span class='ocrx_word' id='word_1_121' title='bbox 1173 2138 1250 2184; x_wconf 91' lang='lat' dir='ltr'>oon-</span> 
     </span>
     <span class='ocr_line' id='line_1_17' title="bbox 185 2222 1251 2316; baseline 0.004 -26"><span class='ocrx_word' id='word_1_122' title='bbox 185 2222 402 2311; x_wconf 88' lang='lat' dir='ltr'>junctionnm,</span> <span class='ocrx_word' id='word_1_123' title='bbox 418 2233 451 2290; x_wconf 86' lang='lat' dir='ltr'>et</span> <span class='ocrx_word' id='word_1_124' title='bbox 467 2224 695 2314; x_wconf 77' lang='lat' dir='ltr'>adjectivorum</span> <span class='ocrx_word' id='word_1_125' title='bbox 707 2249 790 2316; x_wconf 72' lang='lat' dir='ltr'>arpo,</span> <span class='ocrx_word' id='word_1_126' title='bbox 803 2252 928 2310; x_wconf 68' lang='lat' dir='ltr'>rassae,</span> <span class='ocrx_word' id='word_1_127' title='bbox 943 2226 1002 2295; x_wconf 78' lang='lat' dir='ltr'>dm.</span> <span class='ocrx_word' id='word_1_128' title='bbox 1023 2250 1088 2295; x_wconf 91' lang='lat' dir='ltr'>non</span> <span class='ocrx_word' id='word_1_129' title='bbox 1101 2250 1172 2296; x_wconf 89' lang='lat' dir='ltr'>raro</span> <span class='ocrx_word' id='word_1_130' title='bbox 1187 2227 1251 2295; x_wconf 85' lang='lat' dir='ltr'>dif-</span> 
     </span>
     <span class='ocr_line' id='line_1_18' title="bbox 188 2334 1249 2426; baseline 0.003 -25"><span class='ocrx_word' id='word_1_131' title='bbox 188 2334 316 2401; x_wconf 87' lang='lat' dir='ltr'>ficultas</span> <span class='ocrx_word' id='word_1_132' title='bbox 332 2343 365 2402; x_wconf 91' lang='lat' dir='ltr'>et</span> <span class='ocrx_word' id='word_1_133' title='bbox 386 2334 557 2403; x_wconf 88' lang='lat' dir='ltr'>dubitandi</span> <span class='ocrx_word' id='word_1_134' title='bbox 576 2336 708 2418; x_wconf 88' lang='lat' dir='ltr'>occasio,</span> <span class='ocrx_word' id='word_1_135' title='bbox 730 2337 907 2426; x_wconf 74' lang='lat' dir='ltr'>prasertim</span> <span class='ocrx_word' id='word_1_136' title='bbox 927 2338 1035 2404; x_wconf 84' lang='lat' dir='ltr'>minus</span> <span class='ocrx_word' id='word_1_137' title='bbox 1056 2336 1249 2418; x_wconf 85' lang='lat' dir='ltr'>exercitatis,</span> 
     </span>
     <span class='ocr_line' id='line_1_19' title="bbox 189 2443 1251 2536; baseline 0.005 -27"><span class='ocrx_word' id='word_1_138' title='bbox 189 2445 274 2510; x_wconf 83' lang='lat' dir='ltr'>inter</span> <span class='ocrx_word' id='word_1_139' title='bbox 287 2443 461 2531; x_wconf 86' lang='lat' dir='ltr'>legendum</span> <span class='ocrx_word' id='word_1_140' title='bbox 476 2444 592 2512; x_wconf 89' lang='lat' dir='ltr'>oboriri</span> <span class='ocrx_word' id='word_1_141' title='bbox 607 2444 720 2514; x_wconf 89' lang='lat' dir='ltr'>solent.</span> <span class='ocrx_word' id='word_1_142' title='bbox 753 2445 879 2514; x_wconf 91' lang='lat' dir='ltr'>Deinde</span> <span class='ocrx_word' id='word_1_143' title='bbox 891 2470 978 2536; x_wconf 87' lang='lat' dir='ltr'>saepe</span> <span class='ocrx_word' id='word_1_144' title='bbox 988 2447 1105 2529; x_wconf 89' lang='lat' dir='ltr'>evenit,</span> <span class='ocrx_word' id='word_1_145' title='bbox 1122 2456 1159 2513; x_wconf 92' lang='lat' dir='ltr'>ut</span> <span class='ocrx_word' id='word_1_146' title='bbox 1169 2469 1251 2536; x_wconf 62' lang='lat' dir='ltr'>prm«</span> 
     </span>
     <span class='ocr_line' id='line_1_20' title="bbox 190 2553 1252 2646; baseline 0 -24"><span class='ocrx_word' id='word_1_147' title='bbox 190 2553 279 2640; x_wconf 81' lang='lat' dir='ltr'>dicta</span> <span class='ocrx_word' id='word_1_148' title='bbox 292 2553 464 2622; x_wconf 89' lang='lat' dir='ltr'>methodus</span> <span class='ocrx_word' id='word_1_149' title='bbox 478 2553 575 2622; x_wconf 90' lang='lat' dir='ltr'>nimis</span> <span class='ocrx_word' id='word_1_150' title='bbox 591 2555 770 2644; x_wconf 83' lang='lat' dir='ltr'>frequenter</span> <span class='ocrx_word' id='word_1_151' title='bbox 785 2579 1034 2646; x_wconf 86' lang='lat' dir='ltr'>supervacaneas</span> <span class='ocrx_word' id='word_1_152' title='bbox 1049 2555 1252 2645; x_wconf 86' lang='lat' dir='ltr'>repetitiones</span> 
     </span>
     <span class='ocr_line' id='line_1_21' title="bbox 192 2663 1252 2754; baseline 0 -22"><span class='ocrx_word' id='word_1_153' title='bbox 192 2666 332 2754; x_wconf 83' lang='lat' dir='ltr'>effugere</span> <span class='ocrx_word' id='word_1_154' title='bbox 345 2674 494 2753; x_wconf 86' lang='lat' dir='ltr'>nequest,</span> <span class='ocrx_word' id='word_1_155' title='bbox 509 2687 529 2730; x_wconf 88' lang='lat' dir='ltr'>a</span> <span class='ocrx_word' id='word_1_156' title='bbox 543 2665 660 2754; x_wconf 88' lang='lat' dir='ltr'>quibus</span> <span class='ocrx_word' id='word_1_157' title='bbox 675 2666 958 2733; x_wconf 85' lang='lat' dir='ltr'>demonstrationes</span> <span class='ocrx_word' id='word_1_158' title='bbox 972 2675 1022 2732; x_wconf 87' lang='lat' dir='ltr'>est</span> <span class='ocrx_word' id='word_1_159' title='bbox 1035 2663 1163 2754; x_wconf 88' lang='lat' dir='ltr'>quando</span> <span class='ocrx_word' id='word_1_160' title='bbox 1177 2687 1252 2754; x_wconf 90' lang='lat' dir='ltr'>pro·</span> 
     </span>
     <span class='ocr_line' id='line_1_22' title="bbox 190 2770 1251 2862; baseline -0.001 -20"><span class='ocrx_word' id='word_1_161' title='bbox 190 2770 278 2858; x_wconf 80' lang='lat' dir='ltr'>lixae,</span> <span class='ocrx_word' id='word_1_162' title='bbox 294 2773 469 2862; x_wconf 84' lang='lat' dir='ltr'>aliquando</span> <span class='ocrx_word' id='word_1_163' title='bbox 483 2783 516 2841; x_wconf 91' lang='lat' dir='ltr'>et</span> <span class='ocrx_word' id='word_1_164' title='bbox 532 2774 637 2862; x_wconf 85' lang='lat' dir='ltr'>magis</span> <span class='ocrx_word' id='word_1_165' title='bbox 654 2773 810 2841; x_wconf 74' lang='lat' dir='ltr'>intricata</span> <span class='ocrx_word' id='word_1_166' title='bbox 827 2773 978 2841; x_wconf 83' lang='lat' dir='ltr'>evadunt</span> <span class='ocrx_word' id='word_1_167' title='bbox 1022 2773 1149 2855; x_wconf 81' lang='lat' dir='ltr'>Quibus</span> <span class='ocrx_word' id='word_1_168' title='bbox 1161 2772 1251 2842; x_wconf 90' lang='lat' dir='ltr'>vitiis</span> 
     </span>
     <span class='ocr_line' id='line_1_23' title="bbox 189 2881 1251 2972; baseline -0.004 -18"><span class='ocrx_word' id='word_1_169' title='bbox 189 2896 300 2954; x_wconf 85' lang='lat' dir='ltr'>noster</span> <span class='ocrx_word' id='word_1_170' title='bbox 313 2883 427 2951; x_wconf 90' lang='lat' dir='ltr'>modus</span> <span class='ocrx_word' id='word_1_171' title='bbox 441 2882 534 2950; x_wconf 84' lang='lat' dir='ltr'>facile</span> <span class='ocrx_word' id='word_1_172' title='bbox 551 2905 608 2970; x_wconf 90' lang='lat' dir='ltr'>per</span> <span class='ocrx_word' id='word_1_173' title='bbox 620 2883 790 2950; x_wconf 85' lang='lat' dir='ltr'>verborum</span> <span class='ocrx_word' id='word_1_174' title='bbox 808 2882 1034 2972; x_wconf 86' lang='lat' dir='ltr'>signorumque</span> <span class='ocrx_word' id='word_1_175' title='bbox 1052 2881 1251 2950; x_wconf 84' lang='lat' dir='ltr'>arbitrariam</span> 
     </span>
     <span class='ocr_line' id='line_1_24' title="bbox 191 2991 1251 3082; baseline -0.003 -18"><span class='ocrx_word' id='word_1_176' title='bbox 191 2998 368 3064; x_wconf 86' lang='lat' dir='ltr'>mixturam</span> <span class='ocrx_word' id='word_1_177' title='bbox 383 2992 537 3061; x_wconf 84' lang='lat' dir='ltr'>medetur.</span> <span class='ocrx_word' id='word_1_178' title='bbox 575 2993 684 3082; x_wconf 85' lang='lat' dir='ltr'>Atque</span> <span class='ocrx_word' id='word_1_179' title='bbox 698 2992 768 3060; x_wconf 85' lang='lat' dir='ltr'>haec</span> <span class='ocrx_word' id='word_1_180' title='bbox 783 2992 823 3060; x_wconf 89' lang='lat' dir='ltr'>dc</span> <span class='ocrx_word' id='word_1_181' title='bbox 837 2991 950 3082; x_wconf 75' lang='lat' dir='ltr'>opellae</span> <span class='ocrx_word' id='word_1_182' title='bbox 964 2992 1060 3080; x_wconf 91' lang='lat' dir='ltr'>hujus</span> <span class='ocrx_word' id='word_1_183' title='bbox 1074 2991 1251 3061; x_wconf 89' lang='lat' dir='ltr'>intentione</span> 
     </span>
     <span class='ocr_line' id='line_1_25' title="bbox 192 3104 1250 3195; baseline -0.001 -21"><span class='ocrx_word' id='word_1_184' title='bbox 192 3118 225 3177; x_wconf 89' lang='lat' dir='ltr'>et</span> <span class='ocrx_word' id='word_1_185' title='bbox 253 3106 405 3174; x_wconf 91' lang='lat' dir='ltr'>methodo</span> <span class='ocrx_word' id='word_1_186' title='bbox 433 3106 519 3173; x_wconf 92' lang='lat' dir='ltr'>dicta</span> <span class='ocrx_word' id='word_1_187' title='bbox 547 3106 715 3174; x_wconf 88' lang='lat' dir='ltr'>sufficiant.</span> <span class='ocrx_word' id='word_1_188' title='bbox 759 3106 920 3176; x_wconf 80' lang='lat' dir='ltr'>Caeterum</span> <span class='ocrx_word' id='word_1_189' title='bbox 954 3128 1026 3195; x_wconf 83' lang='lat' dir='ltr'>quae</span> <span class='ocrx_word' id='word_1_190' title='bbox 1057 3104 1094 3173; x_wconf 93' lang='lat' dir='ltr'>in</span> <span class='ocrx_word' id='word_1_191' title='bbox 1121 3106 1250 3174; x_wconf 89' lang='lat' dir='ltr'>laudem</span> 
     </span>
     <span class='ocr_line' id='line_1_26' title="bbox 192 3217 1251 3308; baseline -0.001 -22"><span class='ocrx_word' id='word_1_192' title='bbox 192 3217 377 3287; x_wconf 86' lang='lat' dir='ltr'>Mathescos</span> <span class='ocrx_word' id='word_1_193' title='bbox 403 3219 439 3286; x_wconf 90' lang='lat' dir='ltr'>in</span> <span class='ocrx_word' id='word_1_194' title='bbox 462 3241 589 3307; x_wconf 87' lang='lat' dir='ltr'>genere,</span> <span class='ocrx_word' id='word_1_195' title='bbox 613 3229 669 3287; x_wconf 87' lang='lat' dir='ltr'>ant</span> <span class='ocrx_word' id='word_1_196' title='bbox 689 3217 885 3287; x_wconf 81' lang='lat' dir='ltr'>Geometriae</span> <span class='ocrx_word' id='word_1_197' title='bbox 909 3217 1029 3306; x_wconf 88' lang='lat' dir='ltr'>ipsius;</span> <span class='ocrx_word' id='word_1_198' title='bbox 1055 3226 1089 3285; x_wconf 91' lang='lat' dir='ltr'>et</span> <span class='ocrx_word' id='word_1_199' title='bbox 1113 3241 1185 3308; x_wconf 81' lang='lat' dir='ltr'>ques</span> <span class='ocrx_word' id='word_1_200' title='bbox 1211 3218 1251 3285; x_wconf 92' lang='lat' dir='ltr'>de</span> 
     </span>
     <span class='ocr_line' id='line_1_27' title="bbox 192 3327 1252 3418; baseline -0.005 -20"><span class='ocrx_word' id='word_1_201' title='bbox 192 3330 327 3398; x_wconf 61' lang='lat' dir='ltr'>historia</span> <span class='ocrx_word' id='word_1_202' title='bbox 340 3331 454 3398; x_wconf 89' lang='lat' dir='ltr'>harum</span> <span class='ocrx_word' id='word_1_203' title='bbox 469 3330 682 3411; x_wconf 85' lang='lat' dir='ltr'>scientiarum,</span> <span class='ocrx_word' id='word_1_204' title='bbox 702 3328 837 3418; x_wconf 87' lang='lat' dir='ltr'>ideoque</span> <span class='ocrx_word' id='word_1_205' title='bbox 855 3328 895 3395; x_wconf 88' lang='lat' dir='ltr'>dc</span> <span class='ocrx_word' id='word_1_206' title='bbox 908 3328 1041 3396; x_wconf 69' lang='lat' dir='ltr'>Erselr&#39;tic</span> <span class='ocrx_word' id='word_1_207' title='bbox 1055 3327 1169 3394; x_wconf 90' lang='lat' dir='ltr'>horum</span> <span class='ocrx_word' id='word_1_208' title='bbox 1187 3327 1252 3395; x_wconf 90' lang='lat' dir='ltr'>ele·</span> 
     </span>
     <span class='ocr_line' id='line_1_28' title="bbox 190 3436 1252 3528; baseline -0.008 -18"><span class='ocrx_word' id='word_1_209' title='bbox 190 3452 373 3522; x_wconf 85' lang='lat' dir='ltr'>mentorum</span> <span class='ocrx_word' id='word_1_210' title='bbox 401 3440 560 3528; x_wconf 85' lang='lat' dir='ltr'>digestore</span> <span class='ocrx_word' id='word_1_211' title='bbox 589 3438 653 3506; x_wconf 88' lang='lat' dir='ltr'>dici</span> <span class='ocrx_word' id='word_1_212' title='bbox 682 3449 821 3528; x_wconf 87' lang='lat' dir='ltr'>possent,</span> <span class='ocrx_word' id='word_1_213' title='bbox 856 3447 889 3507; x_wconf 93' lang='lat' dir='ltr'>et</span> <span class='ocrx_word' id='word_1_214' title='bbox 916 3439 1039 3526; x_wconf 89' lang='lat' dir='ltr'>reliqua</span> <span class='ocrx_word' id='word_1_215' title='bbox 1067 3436 1252 3525; x_wconf 87' lang='lat' dir='ltr'>hujusmodi</span> 
     </span>
     <span class='ocr_line' id='line_1_29' title="bbox 192 3548 1252 3641; baseline -0.006 -23"><span class='ocrx_word' id='word_1_216' title='bbox 192 3549 376 3641; x_wconf 74' lang='grc' dir='ltr'>ἐξωτερικαὶ,</span> <span class='ocrx_word' id='word_1_217' title='bbox 398 3551 451 3617; x_wconf 91' lang='lat' dir='ltr'>cui</span> <span class='ocrx_word' id='word_1_218' title='bbox 472 3549 542 3616; x_wconf 89' lang='lat' dir='ltr'>hacc</span> <span class='ocrx_word' id='word_1_219' title='bbox 561 3548 699 3638; x_wconf 87' lang='lat' dir='ltr'>placent,</span> <span class='ocrx_word' id='word_1_220' title='bbox 725 3548 810 3637; x_wconf 92' lang='lat' dir='ltr'>apud</span> <span class='ocrx_word' id='word_1_221' title='bbox 831 3549 911 3615; x_wconf 89' lang='lat' dir='ltr'>alios</span> <span class='ocrx_word' id='word_1_222' title='bbox 933 3549 1119 3636; x_wconf 84' lang='lat' dir='ltr'>interpretes</span> <span class='ocrx_word' id='word_1_223' title='bbox 1141 3569 1252 3613; x_wconf 90' lang='lat' dir='ltr'>consu·</span> 
     </span>
     <span class='ocr_line' id='line_1_30' title="bbox 191 3656 1253 3751; baseline -0.005 -21"><span class='ocrx_word' id='word_1_224' title='bbox 191 3663 259 3731; x_wconf 91' lang='lat' dir='ltr'>lere</span> <span class='ocrx_word' id='word_1_225' title='bbox 286 3670 402 3751; x_wconf 86' lang='lat' dir='ltr'>potest.</span> <span class='ocrx_word' id='word_1_226' title='bbox 446 3659 560 3748; x_wconf 87' lang='lat' dir='ltr'>Neque</span> <span class='ocrx_word' id='word_1_227' title='bbox 591 3682 650 3727; x_wconf 89' lang='lat' dir='ltr'>nos</span> <span class='ocrx_word' id='word_1_228' title='bbox 678 3659 843 3749; x_wconf 83' lang='lat' dir='ltr'>angustiae</span> <span class='ocrx_word' id='word_1_229' title='bbox 871 3659 1033 3748; x_wconf 88' lang='lat' dir='ltr'>temporie,</span> <span class='ocrx_word' id='word_1_230' title='bbox 1063 3656 1149 3746; x_wconf 92' lang='lat' dir='ltr'>quod</span> <span class='ocrx_word' id='word_1_231' title='bbox 1176 3656 1253 3728; x_wconf 88' lang='lat' dir='ltr'>huic</span> 
     </span>
     <span class='ocr_line' id='line_1_31' title="bbox 193 3768 1252 3863; baseline -0.003 -23"><span class='ocrx_word' id='word_1_232' title='bbox 193 3773 282 3863; x_wconf 90' lang='lat' dir='ltr'>operi</span> <span class='ocrx_word' id='word_1_233' title='bbox 301 3772 444 3862; x_wconf 87' lang='lat' dir='ltr'>impendi</span> <span class='ocrx_word' id='word_1_234' title='bbox 459 3772 574 3861; x_wconf 88' lang='lat' dir='ltr'>potuit,</span> <span class='ocrx_word' id='word_1_235' title='bbox 593 3795 653 3839; x_wconf 90' lang='lat' dir='ltr'>nec</span> <span class='ocrx_word' id='word_1_236' title='bbox 673 3772 942 3861; x_wconf 88' lang='lat' dir='ltr'>interpellationes</span> <span class='ocrx_word' id='word_1_237' title='bbox 961 3768 1171 3858; x_wconf 83' lang='lat' dir='ltr'>negotiorum,</span> <span class='ocrx_word' id='word_1_238' title='bbox 1191 3793 1252 3837; x_wconf 91' lang='lat' dir='ltr'>nec</span> 
     </span>
     <span class='ocr_line' id='line_1_32' title="bbox 192 3882 1253 3972; baseline -0.003 -22"><span class='ocrx_word' id='word_1_239' title='bbox 192 3883 449 3972; x_wconf 88' lang='lat' dir='ltr'>adjumentorum</span> <span class='ocrx_word' id='word_1_240' title='bbox 463 3882 506 3949; x_wconf 85' lang='lat' dir='ltr'>ad</span> <span class='ocrx_word' id='word_1_241' title='bbox 526 3884 595 3950; x_wconf 87' lang='lat' dir='ltr'>haec</span> <span class='ocrx_word' id='word_1_242' title='bbox 613 3883 722 3950; x_wconf 86' lang='lat' dir='ltr'>studia</span> <span class='ocrx_word' id='word_1_243' title='bbox 737 3883 823 3971; x_wconf 88' lang='lat' dir='ltr'>apud</span> <span class='ocrx_word' id='word_1_244' title='bbox 841 3905 900 3951; x_wconf 88' lang='lat' dir='ltr'>nos</span> <span class='ocrx_word' id='word_1_245' title='bbox 914 3891 1099 3972; x_wconf 82' lang='lat' dir='ltr'>egestatem,</span> <span class='ocrx_word' id='word_1_246' title='bbox 1114 3890 1147 3947; x_wconf 91' lang='lat' dir='ltr'>et</span> <span class='ocrx_word' id='word_1_247' title='bbox 1165 3903 1253 3969; x_wconf 77' lang='lat' dir='ltr'>quae-</span> 
     </span>
     <span class='ocr_line' id='line_1_33' title="bbox 192 3991 1253 4078; baseline -0.002 -16"><span class='ocrx_word' id='word_1_248' title='bbox 192 3994 270 4062; x_wconf 85' lang='lat' dir='ltr'>dam</span> <span class='ocrx_word' id='word_1_249' title='bbox 296 3995 371 4078; x_wconf 86' lang='lat' dir='ltr'>alia,</span> <span class='ocrx_word' id='word_1_250' title='bbox 395 4005 433 4062; x_wconf 92' lang='lat' dir='ltr'>ut</span> <span class='ocrx_word' id='word_1_251' title='bbox 457 3994 566 4063; x_wconf 87' lang='lat' dir='ltr'>liceret</span> <span class='ocrx_word' id='word_1_252' title='bbox 593 4018 657 4063; x_wconf 92' lang='lat' dir='ltr'>non</span> <span class='ocrx_word' id='word_1_253' title='bbox 683 3994 850 4078; x_wconf 87' lang='lat' dir='ltr'>immerito,</span> <span class='ocrx_word' id='word_1_254' title='bbox 873 3995 908 4063; x_wconf 92' lang='lat' dir='ltr'>in</span> <span class='ocrx_word' id='word_1_255' title='bbox 932 3991 1170 4063; x_wconf 86' lang='lat' dir='ltr'>excusationem</span> <span class='ocrx_word' id='word_1_256' title='bbox 1194 3994 1253 4060; x_wconf 88' lang='lat' dir='ltr'>oh·</span> 
     </span>
     <span class='ocr_line' id='line_1_34' title="bbox 192 4105 1252 4189; baseline -0.002 -15"><span class='ocrx_word' id='word_1_257' title='bbox 192 4105 374 4188; x_wconf 81' lang='lat' dir='ltr'>tendamus,</span> <span class='ocrx_word' id='word_1_258' title='bbox 400 4116 489 4174; x_wconf 86' lang='lat' dir='ltr'>meto</span> <span class='ocrx_word' id='word_1_259' title='bbox 514 4107 635 4175; x_wconf 90' lang='lat' dir='ltr'>scilicet</span> <span class='ocrx_word' id='word_1_260' title='bbox 659 4106 792 4189; x_wconf 91' lang='lat' dir='ltr'>inducti,</span> <span class='ocrx_word' id='word_1_261' title='bbox 817 4129 858 4174; x_wconf 92' lang='lat' dir='ltr'>ne</span> <span class='ocrx_word' id='word_1_262' title='bbox 880 4107 950 4174; x_wconf 75' lang='lat' dir='ltr'>hac</span> <span class='ocrx_word' id='word_1_263' title='bbox 971 4115 1081 4174; x_wconf 88' lang='lat' dir='ltr'>nostra</span> <span class='ocrx_word' id='word_1_264' title='bbox 1103 4105 1252 4174; x_wconf 90' lang='lat' dir='ltr'>omnibus</span> 
     </span>
     <span class='ocr_line' id='line_1_35' title="bbox 193 4214 1252 4305; baseline 0 -23"><span class='ocrx_word' id='word_1_265' title='bbox 193 4215 302 4282; x_wconf 90' lang='lat' dir='ltr'>minus</span> <span class='ocrx_word' id='word_1_266' title='bbox 328 4214 534 4285; x_wconf 85' lang='lat' dir='ltr'>satisfaciant.</span> <span class='ocrx_word' id='word_1_267' title='bbox 579 4214 700 4284; x_wconf 85' lang='lat' dir='ltr'>Verum</span> <span class='ocrx_word' id='word_1_268' title='bbox 725 4238 798 4305; x_wconf 75' lang='lat' dir='ltr'>qua</span> <span class='ocrx_word' id='word_1_269' title='bbox 822 4215 955 4305; x_wconf 84' lang='lat' dir='ltr'>ingenui</span> <span class='ocrx_word' id='word_1_270' title='bbox 976 4215 1119 4284; x_wconf 86' lang='lat' dir='ltr'>Lectoris</span> <span class='ocrx_word' id='word_1_271' title='bbox 1140 4216 1252 4284; x_wconf 88' lang='lat' dir='ltr'>usibus</span> 
     </span>
     <span class='ocr_line' id='line_1_36' title="bbox 194 4325 1252 4415; baseline -0.005 -21"><span class='ocrx_word' id='word_1_272' title='bbox 194 4326 443 4410; x_wconf 77' lang='lat' dir='ltr'>elaboravimus,</span> <span class='ocrx_word' id='word_1_273' title='bbox 464 4326 574 4394; x_wconf 89' lang='lat' dir='ltr'>eadem</span> <span class='ocrx_word' id='word_1_274' title='bbox 589 4327 625 4393; x_wconf 93' lang='lat' dir='ltr'>in</span> <span class='ocrx_word' id='word_1_275' title='bbox 638 4326 776 4394; x_wconf 90' lang='lat' dir='ltr'>solidum</span> <span class='ocrx_word' id='word_1_276' title='bbox 795 4325 898 4415; x_wconf 90' lang='lat' dir='ltr'>ipsius</span> <span class='ocrx_word' id='word_1_277' title='bbox 916 4348 1057 4394; x_wconf 78' lang='lat' dir='ltr'>censura</span> <span class='ocrx_word' id='word_1_278' title='bbox 1076 4325 1252 4413; x_wconf 81' lang='lat' dir='ltr'>sejudicio</span> 
     </span>
     <span class='ocr_line' id='line_1_37' title="bbox 193 4432 1252 4526; baseline -0.004 -22"><span class='ocrx_word' id='word_1_279' title='bbox 193 4437 426 4520; x_wconf 88' lang='lat' dir='ltr'>submittimus,</span> <span class='ocrx_word' id='word_1_280' title='bbox 440 4435 605 4526; x_wconf 83' lang='lat' dir='ltr'>probanda</span> <span class='ocrx_word' id='word_1_281' title='bbox 619 4436 647 4503; x_wconf 89' lang='lat' dir='ltr'>si</span> <span class='ocrx_word' id='word_1_282' title='bbox 660 4435 755 4505; x_wconf 89' lang='lat' dir='ltr'>utilis</span> <span class='ocrx_word' id='word_1_283' title='bbox 768 4435 832 4504; x_wconf 89' lang='lat' dir='ltr'>sibi</span> <span class='ocrx_word' id='word_1_284' title='bbox 845 4435 1042 4525; x_wconf 86' lang='lat' dir='ltr'>compererit,</span> <span class='ocrx_word' id='word_1_285' title='bbox 1057 4433 1109 4502; x_wconf 88' lang='lat' dir='ltr'>sin</span> <span class='ocrx_word' id='word_1_286' title='bbox 1122 4432 1252 4500; x_wconf 90' lang='lat' dir='ltr'>omnino</span> 
     </span>
    </p>
   </div>
   <div class='ocr_carea' id='block_1_3' title="bbox 194 4547 1153 4695">
    <p class='ocr_par' dir='ltr' id='par_1_3' title="bbox 194 4547 1153 4695">
     <span class='ocr_line' id='line_1_38' title="bbox 194 4547 1153 4695; baseline 0.005 -80"><span class='ocrx_word' id='word_1_287' title='bbox 194 4569 296 4630; x_wconf 78' lang='lat' dir='ltr'>seem,</span> <span class='ocrx_word' id='word_1_288' title='bbox 310 4547 495 4635; x_wconf 85' lang='lat' dir='ltr'>rejicienda.</span> <span class='ocrx_word' id='word_1_289' title='bbox 1071 4629 1090 4695; x_wconf 77' lang='grc' dir='ltr'>Ι</span> <span class='ocrx_word' id='word_1_290' title='bbox 1123 4627 1153 4693; x_wconf 76' lang='grc' dir='ltr'><strong>Β</strong></span> 
     </span>
    </p>
   </div>
   <div class='ocr_carea' id='block_1_4' title="bbox 0 0 1597 5192">
    <p class='ocr_par' dir='ltr' id='par_1_4' title="bbox 0 0 1597 5192">
     <span class='ocr_line' id='line_1_39' title="bbox 0 0 1597 5192; baseline 0 0"><span class='ocrx_word' id='word_1_291' title='bbox 0 0 1597 5192; x_wconf 95' lang='lat' dir='ltr'> </span> 
     </span>
    </p>
   </div>
  </div>
 </body>
</html>
