3167 5192
310 384 373 451 190
645 402 831 452 assarones
853 401 1126 453 narnausrrca.
1274 387 1382 473 [usur.
1400 404 1464 451 xn.

309 569 476 635 velocitate
491 568 603 635 deferri
623 569 754 637 mobilia
769 570 832 637 duo
846 582 965 659 puncta
980 572 1045 655 (vel
1059 572 1123 637 alia
1137 571 1262 660 quaevis
1281 570 1418 658 aequalia
1434 581 1465 636 et

309 672 426 737 similia
436 672 498 737 dno
510 672 665 759 mobilia),
679 673 876 758 intelligatur
887 674 983 740 etiam
995 674 1096 740 lineas
1106 675 1185 740 istas
1195 686 1252 740 aut
1260 674 1462 763 peripherias,
1557 712 1558 767 q

308 778 420 863 utique
434 776 649 862 congruentia
665 775 806 863 capaces,
821 777 951 843 sibimet
972 777 1135 865 applicari,
1151 778 1198 844 sie
1220 788 1257 843 nt
1279 778 1367 843 dicta
1387 800 1463 865 quo-

309 902 371 966 que
392 888 511 966 puncta
532 878 584 945 vel
606 878 739 946 mobilia
760 878 889 945 sibimet
909 889 1119 968 apponantur,
1141 880 1286 967 adeoque
1306 881 1371 945 sibi
1392 902 1463 945 oon·
1557 874 1558 877 '

309 991 428 1065 gruunt
442 989 510 1046 tum
526 981 567 1045 ab
581 980 682 1059 initio,
698 990 767 1045 tum
789 980 822 1044 in
844 1004 1013 1067 progressu
1032 982 1083 1047 sui
1101 986 1208 1047 motus
1227 981 1327 1068 (quod
1339 981 1462 1047 eveniet

308 1083 350 1147 ob
373 1083 569 1170 suppositam
591 1088 696 1147 motus
711 1080 865 1169 aequalem
879 1083 1102 1165 celeritatem);
1125 1084 1200 1150 inde
1216 1084 1461 1170 congruentibus

309 1194 460 1271 perpetuo
474 1182 657 1263 mobilibus,
674 1193 705 1249 et
720 1184 863 1271 ipsorum
876 1184 990 1249 orbitis
1004 1185 1266 1264 coincidentibns,
1282 1185 1371 1251 baud
1385 1184 1463 1251 diffi·
1557 1268 1558 1273 ρ

309 1288 369 1353 cile
384 1288 559 1374 coneipitur
573 1287 659 1375 ipsos
679 1294 783 1352 m'otus
802 1286 999 1374 ἐφαρμόζειν,
1014 1287 1109 1368 rmiri,
1125 1289 1309 1369 coalescere,
1325 1288 1464 1377 adeoque

309 1390 441 1457 andem
463 1391 672 1477 quantitatem
692 1391 818 1471 habere,
841 1414 898 1456 seu
918 1391 1047 1457 sibimet
1068 1392 1235 1478 adaquari.
1281 1390 1367 1458 Item
1385 1392 1413 1456 si
1431 1392 1465 1457 in

309 1494 463 1559 curriculo
479 1494 616 1581 corporis
632 1492 768 1581 alicujus
786 1496 876 1581 (puta
891 1492 977 1560 Solis
991 1503 1047 1559 aut
1065 1492 1183 1579 Terra)
1203 1495 1295 1581 eujus
1315 1496 1467 1581 aequabili

309 1609 398 1665 motu
424 1598 650 1665 determinatur
675 1598 825 1684 temporis
854 1598 1027 1684 quantitas,
1054 1597 1223 1685 adsumpta
1247 1598 1468 1685 concipiantur

309 1702 372 1768 duo
394 1712 513 1790 puncta
534 1724 592 1767 ceu
613 1700 751 1781 termini,
774 1700 814 1765 de
835 1700 953 1787 quibus
974 1710 1128 1781 motuum,
1150 1701 1292 1789 adeoque
1313 1711 1466 1789 tempore,

309 1806 540 1873 decurrentium
555 1804 647 1869 initia
661 1813 891 1891 computentur,
905 1804 1020 1890 istique
1031 1804 1158 1869 termini
1169 1806 1231 1872 sibi
1246 1806 1468 1893 concipiantur

309 1908 436 1996 adponi,
461 1908 506 1973 sic
531 1917 568 1973 ut
593 1907 710 1972 exinde
738 1907 843 1991 (modo
865 1929 943 1972 mox
965 1892 1123 1995 exposito)
1148 1908 1211 1974 duo
1231 1918 1338 1975 motus
1360 1912 1402 1975 ab
1425 1910 1468 1975 iis

308 2012 507 2098 auspicantes
529 2020 705 2096 congruant
726 2000 875 2089 inrioem,
898 2010 995 2076 etiam
1017 2009 1087 2097 ipsa
1108 2021 1251 2098 tempora
1271 2012 1368 2078 simul
1388 2034 1468 2078 (arn-

308 2114 417 2193 fluent,
433 2123 465 2179 et
480 2113 515 2177 in
529 2134 630 2177 unum
647 2112 912 2199 commigrabunt.
956 2111 1071 2199 Neque
1092 2114 1120 2179 si
1138 2114 1336 2200 confingatur
1356 2116 1467 2183 animo

308 2216 441 2281 duorum
456 2238 610 2281 annorum
626 2215 718 2281 initia
733 2215 895 2303 conjungi,
911 2216 1039 2281 difficile
1053 2218 1096 2282 sit
1109 2226 1147 2282 ut
1160 2218 1255 2305 parili
1269 2228 1377 2285 tenore
1390 2242 1468 2306 pro-
1557 2230 1558 2237 ’

308 2322 453 2389 cedentes
468 2322 518 2388 illi
538 2323 633 2389 simul
654 2324 803 2403 existant,
820 2345 854 2389 se
871 2325 963 2410 quasi
981 2335 1156 2412 penetrent,
1176 2326 1211 2390 in
1230 2349 1331 2391 unum
1350 2337 1467 2393 coeant
1557 2338 1558 2341 ’

308 2426 486 2514 imaginari.
531 2426 626 2505 Quod
640 2426 770 2515 perinde
785 2436 834 2492 est
848 2450 885 2493 ac
904 2427 932 2492 si
950 2426 1080 2508 diceres,
1096 2426 1158 2493 dno
1173 2428 1310 2515 aequalia
1321 2440 1467 2518 tempora

308 2530 404 2595 simul
422 2529 623 2618 incepissent,
639 2532 704 2593 unt
723 2527 900 2594 desiissent.
945 2527 1097 2607 Quinimo
1117 2533 1181 2615 qut
1196 2530 1318 2595 ratione
1336 2540 1465 2619 tempus
1557 2534 1558 2573 l

307 2636 441 2722 tempori
464 2633 695 2722 quodammodo
714 2654 888 2717 congruum
909 2638 1020 2699 revera
1041 2633 1092 2713 sit,
1112 2633 1187 2699 hinc
1208 2655 1333 2721 quoqne
1354 2635 1467 2701 licebit
1557 2687 1558 2711 ,

303 2739 456 2825 judicare.
502 2737 586 2804 Cum
615 2748 740 2824 tempus
770 2735 912 2822 ejusdem
938 2736 1129 2803 nobilissimi
1154 2739 1466 2827 constantissimiqne
1557 2742 1558 2801 ἶ

307 2840 434 2905 mobilis
461 2840 610 2926 aequabili
636 2838 780 2904 circulari
806 2848 896 2903 motu
920 2839 1037 2926 saepius
1066 2841 1178 2906 iterato
1205 2854 1404 2909 mensuretur
1433 2856 1466 2911 et

308 2941 532 3007 determinetur
554 2943 672 3028 optime
696 2942 803 3028 (sicuti
824 2952 915 3007 notat
935 2943 1155 3023 Aristoteles¹3
1192 2943 1237 3009 ‘H
1264 2948 1465 3036 κνκλοῴορῖο
1557 2986 1558 3029 r

310 3042 438 3128 (inquit)
455 3040 476 3124 ἡ
492 3041 597 3125 ὁμαλὴ
612 3042 729 3129 μέτρον
741 3043 899 3127 μάλιστα,
916 3042 967 3110 ὅτι
986 3043 1004 3110 ὁ
1021 3043 1155 3133 ἀριθμὸς
1168 3047 1287 3128 ταύτης
1299 3050 1466 3137 «γνωριμῶ-
1557 3096 1558 3103 ο

308 3145 427 3227 rarae),
451 3143 585 3210 circulus
610 3156 716 3211 autem
742 3147 811 3227 iste,
836 3146 994 3234 periodico
1018 3149 1145 3214 mobilis
1171 3152 1313 3237 ejusdem
1335 3176 1466 3221 mcursu

308 3248 401 3314 toties
423 3268 578 3329 emensae,
603 3270 726 3336 semper
748 3272 832 3315 nnus
857 3250 1005 3338 idemque
1029 3254 1185 3340 persistat,
1209 3254 1285 3320 hine
1309 3255 1367 3321 illo
1388 3280 1466 3323 eon-
1557 3248 1558 3278 ¹

308 3350 437 3418 ciliante
452 3350 682 3439 medianteque,
698 3364 804 3419 motus
824 3362 856 3418 ct
872 3363 999 3442 tempus
1017 3358 1086 3441 (nec
1101 3380 1164 3422 non
1179 3368 1322 3423 motuum
1340 3368 1465 3447 tempo-
1557 3418 1558 3423 ,

307 3477 440 3542 rumque
454 3464 558 3541 partes
577 3455 618 3519 ab
638 3454 748 3520 eodem
769 3455 862 3520 istius
882 3456 1068 3542 peripheria
1087 3470 1205 3545 puncto
1224 3461 1385 3547 capientes
1407 3486 1466 3535 ex·

308 3558 442 3637 ordinm,
459 3567 491 3623 et
506 3556 540 3621 in
554 3557 639 3623 idem
657 3567 812 3645 punctum
826 3558 1017 3644 desinentes)
1040 3561 1129 3628 velut
1147 3563 1301 3629 uniuntur
1320 3574 1354 3630 et
1374 3554 1466 3631 iden·
1557 3640 1558 3645 η

307 3662 468 3729 tifieantur
482 3661 565 3726 inter
578 3684 621 3740 se,
637 3661 777 3748 adeoque
792 3673 970 3747 congruunt
984 3663 1218 3751 perfectissime.
1249 3665 1466 3745 Quamobrem
1557 3648 1558 3655 ἵ

307 3787 409 3831 annus
431 3765 465 3829 in
488 3786 522 3829 se
544 3762 634 3842 verti,
649 3763 751 3829 redire
773 3786 908 3844 menses,
928 3764 1097 3831 instaurari
1118 3768 1233 3848 secula,
1256 3768 1363 3855 lapsas
1382 3780 1467 3835 tem·
1557 3836 1558 3841 ,

306 3876 465 3955 pastuum
480 3866 565 3931 vises
581 3875 675 3951 atque
688 3864 834 3952 periodos
848 3865 982 3946 restitui,
993 3867 1119 3933 eosdem
1134 3868 1271 3956 denique
1285 3880 1466 3958 temporum
1557 3952 1558 3957 ἵ

307 3970 456 4035 circuitus
478 3969 590 4035 iterato
612 3968 693 4033 obiri
715 3992 824 4035 mense
845 3978 999 4049 censetm,
1022 3980 1054 4035 et
1075 3993 1218 4037 sumone
1239 3972 1351 4040 teritur
1371 3974 1465 4061 vulgi
1557 4034 1558 4045 ἶ

310 4070 377 4154 (καὶ
398 4068 461 4157 ’γὰρ
484 4068 501 4135 ὁ
523 4068 637 4157 χρόνος
659 4068 753 4141 αὐτὸς
774 4068 855 4137 εἶναι
876 4070 963 4137 δοκεῖ
982 4072 1099 4143 κύκλος
1119 4099 1178 4155 τις,
1207 4076 1338 4163 Tempus
1359 4079 1467 4165 ὄρνυον
1557 4094 1558 4153 j

308 4174 433 4241 videtur
455 4197 518 4239 ease
539 4174 643 4260 syrim
664 4175 736 4260 qais
761 4175 829 4259 (aut
849 4174 996 4260 circulus)
1020 4177 1063 4242 ob
1083 4188 1206 4244 motum
1228 4202 1292 4267 quo
1313 4179 1466 4247 determi-

788 4295 892 4359 ¹Paye.
905 4310 941 4347 ιν.
955 4312 996 4349 νο.

360 4504 437 4562 'lime
448 4504 474 4561 is
485 4503 549 4561 best
564 4504 709 4561 measured
721 4504 758 4577 by
770 4506 888 4563 imitorm
900 4509 1017 4565 circular
1027 4510 1139 4580 motion,
1151 4509 1297 4581 retnrning
1307 4508 1368 4567 into
1380 4510 1465 4569 itself.
