3167 5192
441 775 892 865 ΜΑΤΗΕΜΑΤΙΟΙ
940 774 1365 856 PROFESSORIS

669 927 1134 1055 uncrronns

790 1169 855 1235 [an.
874 1168 1016 1235 mm]

769 1538 900 1607 LECT.
923 1538 1039 1605 XVL*

333 1700 579 1861 SALUTEM
608 1698 759 1787 grutulor,
793 1697 951 1764 auditores
980 1697 1101 1786 optimi,
1139 1720 1303 1786 voveoque
1333 1721 1478 1788 perquam
1546 1731 1547 1770 l

396 1804 490 1871 vobis
517 1803 707 1884 diuturnam,
734 1823 794 1868 nec
818 1800 903 1866 ultra
928 1800 968 1868 de
992 1802 1154 1890 prooemiis
1181 1802 1325 1869 solicitus
1350 1824 1477 1891 pcnsnm

326 1916 445 1994 repeto,
461 1906 508 1971 sic
522 1916 558 1970 ut
572 1905 721 1971 methodo
739 1904 862 1992 pridem
881 1905 1037 1971 institute
1057 1928 1188 1993 pergam
1205 1905 1362 1973 insistere.
1407 1906 1478 1972 Pro·
1546 1899 1547 1970 ἶ

327 2010 467 2099 positum
494 2009 557 2075 fuit
588 2008 789 2095 (meministis
815 2008 936 2096 opinor)
964 2010 1128 2095 generales
1156 2010 1414 2096 magnitudinum
1441 2014 1479 2097 (ct

327 2113 402 2179 inde
423 2113 616 2199 reliquorum
637 2114 839 2200 quantorum)
864 2113 1044 2179 affectiones
1068 2122 1266 2200 pertractare.
1310 2112 1342 2177 E
1369 2115 1476 2201 quibus

328 2240 399 2283 cum
415 2216 578 2305 plusculas
592 2216 795 2297 excusserim,
815 2238 873 2304 pro
895 2238 965 2281 meo
985 2214 1113 2281 modulo
1133 2238 1198 2281 non
1217 2216 1385 2297 incuriose,
1400 2237 1476 2281 nunc

329 2320 371 2385 ad
385 2320 474 2385 illam
489 2318 672 2385 Metheseos
686 2318 775 2385 velut
789 2318 929 2383 animam
946 2340 1027 2406 pene
1042 2318 1213 2384 deventum
1232 2328 1289 2399 est,
1308 2320 1475 2409 proportio

329 2422 511 2504 ualitatem3
534 2446 552 2489 e
575 2427 639 2509 qut
656 2421 720 2487 fere
736 2419 854 2509 pendet
871 2420 1023 2508 quioquid
1045 2420 1171 2509 uspiam
1191 2420 1226 2486 in
1247 2419 1473 2488 Mathematicis

328 2527 473 2595 mirabile
490 2527 543 2593 vel
557 2526 737 2591 abstrusum
752 2523 993 2590 demonstretur.
1037 2522 1122 2591 Cum
1141 2534 1247 2591 autem
1266 2526 1474 2614 proportiona-

329 2633 403 2698 litas
420 2633 455 2697 in
477 2630 709 2719 comparatione
730 2627 977 2716 proportionum,
1000 2628 1159 2716 proportio
1179 2628 1330 2694 consistat
1349 2630 1385 2695 in
1399 2653 1473 2696 oom-

329 2737 491 2825 paratione
516 2758 619 2801 rerum
646 2744 844 2821 quantarum,
873 2732 1023 2821 expedire
1045 2733 1181 2814 videtur,
1211 2738 1472 2823 uponapawuic

329 2862 385 2905 seu
399 2838 545 2926 praeludii
562 2838 641 2918 loco,
660 2848 696 2902 ut
717 2837 757 2903 de
777 2846 966 2924 quantorum
983 2835 1140 2924 imprimis
1156 2837 1228 2924 ipsd
1245 2837 1287 2903 ad
1308 2838 1471 2929 proportio

329 2964 403 3007 nem
428 2941 581 3027 requisitt
604 2939 874 3028 comparabilitate
903 2939 1118 3027 dispiciamus.
1162 2938 1232 3006 Nec
1260 2942 1346 3007 enirn
1376 2940 1471 3009 omnis

328 3054 448 3131 quanta
467 3044 512 3108 sie
532 3042 613 3108 inter
628 3066 661 3107 se
676 3044 850 3131 comparari
864 3054 1005 3131 possunt,
1026 3053 1064 3110 ut
1077 3053 1221 3111 mutuam
1238 3043 1356 3111 habere
1376 3046 1471 3112 diosn-
1546 3081 1547 3100 1

329 3157 381 3213 tur
394 3144 636 3234 proportionem,
652 3154 685 3210 st
700 3144 756 3211 illa
769 3154 894 3210 tantum
905 3167 977 3232 quae
990 3145 1142 3234 peculiari
1156 3146 1276 3213 ratione
1288 3170 1323 3213 se
1338 3146 1470 3236 proprius
1546 3165 1547 3196 ὲ

329 3248 501 3333 attingunt,
524 3247 614 3334 cujus
636 3246 738 3333 gratis
759 3246 822 3312 dici
844 3246 946 3313 solent
967 3248 1180 3336 homogeneae.
1226 3248 1276 3315 Dc
1292 3262 1469 3337 quantorum
1546 3229 1547 3252 ¹

330 3352 428 3439 igitur
452 3350 706 3437 homogeneitate
735 3361 766 3416 et
795 3349 1061 3437 heterogencitate
1082 3352 1151 3440 jam
1176 3351 1397 3440 disquiremus
1436 3350 1469 3415 In

329 3454 412 3521 hanc
433 3476 507 3520 vero
528 3474 595 3517 rem
617 3451 773 3539 imprimis
797 3450 972 3517 notandum
993 3461 1107 3539 praeter
1125 3453 1275 3519 attributa
1292 3452 1469 3530 communia,

329 3579 401 3644 quae
430 3554 621 3621 conveniunt
647 3554 794 3622 omnibus
823 3552 961 3640 quantis,
991 3576 1090 3641 eaque
1119 3553 1320 3641 distinguunt
1344 3580 1365 3622 a
1388 3555 1470 3622 rebus

327 3660 513 3748 quantitatis
528 3658 719 3747 expertibus,
735 3656 965 3741 (extensionem
979 3679 1102 3745 nempe,
1114 3657 1377 3740 divisibilitatem,
1392 3680 1470 3724 mcu-

329 3763 558 3830 surubilitstem
584 3761 828 3848 qualescunque,
859 3770 891 3824 et
918 3759 970 3826 his
1000 3783 1159 3827 connexas
1187 3762 1372 3851 passiones)
1401 3760 1469 3826 alias

328 3868 439 3935 haberi
454 3864 656 3943 differentias,
679 3885 750 3950 quae
772 3884 822 3927 res
841 3872 975 3952 quantas
995 3862 1179 3951 dispescunt
1198 3888 1218 3929 a
1237 3887 1271 3930 se
1289 3865 1430 3943 invicem,
1443 3872 1469 3925 et

329 3970 364 4035 in
383 3970 528 4058 proxime
543 3966 748 4033 subordinate
762 3986 879 4051 genera
893 3964 1107 4049 distribuunt3
1131 3966 1177 4033 sic
1195 3976 1232 4033 ut
1251 3990 1323 4055 quoe
1341 3969 1398 4033 sub
1415 3984 1468 4030 uno

330 4094 480 4157 generum
495 4072 627 4137 istorum
639 4069 839 4136 continentur
853 4067 960 4134 omnia
973 4069 1120 4135 dicentur
1132 4071 1324 4158 dompmea,
1336 4094 1405 4157 quae
1417 4066 1468 4132 sub

382 4312 395 4338 ⁴*
409 4306 469 4362 Our
486 4307 596 4378 subject
613 4325 673 4366 now
689 4310 713 4365 is
731 4310 902 4381 Proportion.

383 4391 538 4470 Quantities
555 4409 603 4447 aro
620 4393 821 4464 homogeneous
837 4413 870 4451 or
886 4395 1118 4466 heterogcneous:
