3167 5192
100 429 189 481 nncr.
205 414 246 500 1.]
444 430 631 485 anemonas
652 433 795 486 ornos„
1115 420 1157 487 19

100 595 298 685 designatam
319 598 360 666 ad
380 600 479 667 medii
499 609 623 689 partem
644 601 754 669 radius
782 602 900 691 aliquis
925 603 1156 692 exporrigatur.

99 699 271 770 Enimvero
293 725 368 770 cum
388 705 549 772 radiorum
569 706 640 773 istae
662 729 742 794 quas
764 707 999 794 assignavimus
1023 708 1155 791 radices,

97 803 237 872 lucidum
252 808 477 896 componentia
495 809 691 898 corpuscula,
711 811 778 876 sint
797 809 933 892 illorum,
948 833 1083 899 quorum
1097 833 1156 878 nos

97 916 255 996 utcunque
275 911 470 997 quantitates
489 933 585 978 sensu
601 912 656 980 vel
677 913 785 979 animo
803 915 980 1001 pertingere
1001 915 1154 996 valemus,

97 1032 260 1100 corporum
273 1025 421 1102 respectu
434 1024 588 1103 tanquam
606 1016 731 1085 infinite
745 1040 854 1106 parva,
869 1039 928 1084 nec
946 1040 1012 1084 non
1029 1016 1157 1084 infinita

96 1116 184 1202 quasi
197 1117 390 1205 pernicitate
400 1118 527 1201 donata,
542 1143 607 1186 non
623 1120 750 1190 difficile
761 1122 885 1211 concipi
899 1131 1004 1208 potest
1017 1122 1053 1187 in
1067 1122 1155 1188 omni

95 1215 300 1305 designabili,
323 1218 376 1286 vel
396 1219 597 1308 imaginabili
625 1221 761 1289 lucentis
790 1221 926 1311 spatiolo
955 1244 1082 1312 prorsus
1105 1223 1157 1288 in·

95 1321 328 1389 numerabilem
356 1345 464 1389 eorum
491 1323 733 1392 multitudinem
760 1325 906 1408 exismre,
935 1348 1070 1415 quorum
1091 1326 1157 1394 fere

95 1423 220 1512 singula
243 1427 389 1494 divemas
413 1429 449 1493 in
469 1428 583 1517 plagas
605 1428 760 1511 tendnnt;
797 1438 835 1495 ut
859 1429 949 1496 nulla
979 1430 1022 1496 sit
1049 1429 1156 1518 desig-

93 1529 211 1596 nabilis
237 1529 349 1620 plaga,
373 1554 470 1619 quam
492 1554 557 1600 non
576 1555 642 1599 una
665 1531 824 1621 quaepiam
847 1541 984 1621 appetat,
1014 1532 1156 1621 aliquam

94 1631 214 1715 saltem,
230 1634 352 1701 utlibet
370 1634 630 1724 imperceptibilis
649 1646 682 1702 ct
701 1636 841 1723 angusti,
862 1636 1012 1724 temporis
1034 1661 1155 1704 moram

94 1735 338 1826 interponendo.
381 1738 424 1806 In
445 1761 483 1806 eo
506 1738 665 1828 siquidem
693 1738 892 1828 tempuscnlo
921 1739 1021 1807 lucidi
1049 1749 1156 1829 partes

94 1838 238 1928 singulus
260 1844 430 1910 innumera
451 1843 628 1910 successive
645 1844 723 1910 talia
745 1843 932 1933 corpuscula
953 1844 1157 1932 subingredi-

94 1954 189 2010 untur
203 1945 306 2033 juxta
321 1945 541 2034 deserantque,
564 1945 605 2012 de
626 1948 742 2034 quibus
759 1948 877 2014 mirum
894 1947 990 2015 fuerit
1005 1948 1040 2014 ni
1055 1949 1155 2037 quod·

94 2045 166 2114 dam
199 2073 305 2118 unum
338 2049 380 2117 ad
408 2050 611 2138 designatum
644 2051 742 2118 medii
771 2051 911 2140 spatium
940 2051 1059 2134 tendat,
1091 2051 1155 2118 sibi

93 2154 341 2222 transmittendo
373 2166 535 2223 meatuum
570 2155 709 2242 aliquem
747 2157 839 2243 (quos
868 2166 900 2222 et
929 2157 999 2244 pari
1033 2158 1155 2225 rationo

93 2262 250 2345 tanquam
271 2257 414 2324 infinitos
439 2280 618 2347 supponere
638 2256 686 2323 fas
715 2260 775 2342 est)
807 2257 956 2325 idoneum
984 2260 1153 2347 reperiens.

93 2355 145 2423 Ita
158 2361 296 2448 vulgare
310 2361 553 2449 pronunciatum
574 2361 779 2448 interpretor3
803 2359 837 2425 id
859 2361 945 2449 quod
959 2361 1038 2427 alias
1052 2361 1155 2448 rigide

93 2472 261 2550 sumptum
274 2462 362 2528 haud
376 2483 488 2527 verum
502 2460 594 2528 duco.
630 2457 664 2524 N
664 2482 701 2525 ec
715 2461 800 2525 enim
816 2459 901 2526 idem
917 2483 1030 2548 corpus
1044 2463 1155 2528 eodem

93 2567 249 2654 temporis
270 2573 388 2652 puncto
409 2565 552 2629 diversas
572 2563 607 2628 in
628 2572 734 2650 partes
752 2562 949 2644 contendere,
964 2564 1018 2630 vel
1033 2563 1153 2646 adniti3

92 2668 148 2734 sed
171 2689 237 2734 nec
257 2666 390 2734 eandem
409 2665 541 2755 praecise
553 2664 653 2732 medii
670 2676 794 2755 partem
813 2664 980 2734 ediversis
1001 2666 1081 2734 locis
1102 2687 1155 2734 ac-

92 2772 245 2838 cedentes
272 2791 437 2858 corporum
464 2778 569 2835 motus
598 2768 745 2856 excipere
768 2769 940 2857 qnisquam
965 2770 1154 2858 conceperit,

91 2873 217 2962 opinor,
239 2883 297 2940 ant
316 2895 376 2962 ego
397 2873 622 2954 concesserim
644 2896 710 2940 non
731 2883 813 2940 corte
836 2873 939 2961 magis
959 2897 1055 2962 quam
1069 2873 1154 2940 idem

93 2999 209 3066 corpus
223 2999 289 3044 una
302 2977 410 3065 plures
430 2976 516 3044 locos
531 2999 691 3066 occupare,
713 2976 766 3044 vel
781 2975 917 3044 eundem
937 2975 1042 3044 locum
1060 2975 1153 3065 plura

94 3081 191 3149 simul
213 3103 343 3169 corpora
364 3081 541 3169 suscipere3
564 3080 606 3146 ad
622 3081 721 3147 istum
737 3079 869 3147 modum
890 3080 1052 3148 intellecta
1066 3080 1153 3148 dicta

94 3182 273 3272 suppositio
290 3192 390 3252 totam
411 3205 476 3249 una
490 3204 563 3248 cum
583 3181 683 3248 radiis
704 3180 820 3249 lucidis
834 3191 991 3263 naturam,
1013 3204 1150 3266 omnem,

93 3293 131 3349 ut
158 3285 243 3352 mihi
266 3285 403 3367 videtur,
427 3285 601 3374 Physicam
626 3285 837 3373 permiscebit
882 3285 923 3352 In
952 3293 1059 3352 nostro
1083 3309 1152 3353 rem

94 3387 280 3475 explicandi
293 3387 390 3455 modo
403 3386 486 3453 nihil
500 3387 611 3454 dumus
625 3386 786 3454 obversari
797 3385 901 3467 video,
916 3409 1013 3473 quem
1027 3387 1151 3456 uthina

95 3487 215 3558 divinae
229 3491 390 3580 potentie,
410 3489 637 3579 sapientiaeque
656 3489 708 3556 vis
722 3488 827 3575 magis
846 3488 1011 3569 elucescat,
1026 3489 1061 3556 in
1080 3490 1151 3558 luce

96 3589 141 3657 sic
154 3592 360 3673 efformandt,
372 3601 439 3658 tam
449 3592 519 3679 ejus
531 3588 740 3657 effectricibus
754 3589 919 3678 particulis
933 3589 1151 3660 admirabilem

95 3694 283 3777 exilitatem,
297 3691 710 3782 incomprehensibilemque
717 3691 919 3759 velocitatem
931 3691 1151 3780 impertiendo,

96 3816 168 3883 que
181 3821 311 3888 prorsus
324 3799 355 3866 ci
368 3795 554 3865 necessariae
567 3794 704 3876 fuerunt,
718 3805 756 3861 nt
769 3793 948 3862 sensionem
962 3797 1105 3878 efficeret,
1121 3805 1154 3864 et

96 3901 220 3993 reliqua
242 3914 310 3971 tam
338 3901 432 3970 utilia
451 3900 482 3968 ci
506 3898 666 3967 destinata
685 3899 797 3966 munia
818 3899 930 3967 obiret.
967 3897 1052 3968 Sane
1072 3899 1154 3968 lucis

96 4008 317 4096 corpusculum
335 4028 436 4073 unum
450 4007 493 4073 ab
511 4003 642 4071 arennlt
661 4003 775 4092 qutvis
799 4003 911 4072 litoret
927 4003 1096 4091 plusquam
1116 4009 1155 4071 ed

96 4109 238 4180 fortassis
258 4111 460 4202 proportione
475 4119 650 4197 superatur,
662 4115 728 4197 qut
746 4119 815 4176 tota
834 4119 954 4196 quanta
972 4116 1092 4197 quanta
1106 4118 1155 4176 est

97 4214 260 4280 mundana
276 4213 378 4281 moles
392 4211 554 4279 arennlam
573 4210 669 4278 istam
691 4209 835 4291 excedit3
859 4210 894 4277 id
915 4209 1002 4299 quod
1024 4233 1088 4277 non
1107 4210 1154 4280 ita

98 4319 238 4387 censebit
259 4319 425 4399 absonum,
441 4315 587 4404 quisquis
609 4315 651 4382 ad
670 4313 848 4403 complures
869 4315 948 4382 satis
968 4312 1078 4382 obvias
1097 4336 1154 4403 ap·

98 4422 257 4505 parentius
276 4431 417 4490 mentem
437 4418 619 4488 adverterit.

154 4523 401 4596 Subnoandum
429 4533 478 4593 est
501 4544 595 4612 porro
620 4522 699 4593 duas
720 4521 781 4590 has
809 4519 1063 4592 fundamentales
1090 4522 1154 4611 hy-
