<?xml version="1.0" encoding="UTF-8"?>
<!DOCTYPE html PUBLIC "-//W3C//DTD XHTML 1.0 Transitional//EN"
    "http://www.w3.org/TR/xhtml1/DTD/xhtml1-transitional.dtd">
<html xmlns="http://www.w3.org/1999/xhtml" xml:lang="en" lang="en">
 <head>
  <title>
</title>
<meta http-equiv="Content-Type" content="text/html;charset=utf-8" />
  <meta name='ocr-system' content='tesseract 3.04.00' />
  <meta name='ocr-capabilities' content='ocr_page ocr_carea ocr_par ocr_line ocrx_word'/>
</head>
<body>
  <div class='ocr_page' id='page_1' title='image "./mathematicalwor00whewgoog_0322.png"; bbox 0 0 3167 5192; ppageno 0'>
   <div class='ocr_carea' id='block_1_1' title="bbox 291 390 1455 477">
    <p class='ocr_par' dir='ltr' id='par_1_1' title="bbox 291 390 1455 477">
     <span class='ocr_line' id='line_1_1' title="bbox 291 390 1455 477; baseline -0.009 -13"><span class='ocrx_word' id='word_1_1' title='bbox 291 396 355 464; x_wconf 80' lang='lat'><strong>298</strong></span> <span class='ocrx_word' id='word_1_2' title='bbox 632 408 819 462; x_wconf 75' lang='lat' dir='ltr'><strong>rumonus</strong></span> <span class='ocrx_word' id='word_1_3' title='bbox 841 406 1115 459; x_wconf 78' lang='lat' dir='ltr'><strong>uarnruarrcm.</strong></span> <span class='ocrx_word' id='word_1_4' title='bbox 1225 390 1332 477; x_wconf 83' lang='lat' dir='ltr'><strong>[naor.</strong></span> <span class='ocrx_word' id='word_1_5' title='bbox 1349 404 1455 457; x_wconf 76' lang='lat' dir='ltr'><strong>xum.</strong></span> 
     </span>
    </p>
   </div>
   <div class='ocr_carea' id='block_1_2' title="bbox 290 576 1457 667">
    <p class='ocr_par' dir='ltr' id='par_1_2' title="bbox 290 576 1457 667">
     <span class='ocr_line' id='line_1_2' title="bbox 290 576 1457 667; baseline 0 -21"><span class='ocrx_word' id='word_1_6' title='bbox 290 589 425 662; x_wconf 88' lang='lat' dir='ltr'><strong>tantum,</strong></span> <span class='ocrx_word' id='word_1_7' title='bbox 441 579 569 647; x_wconf 84' lang='lat' dir='ltr'><strong>confuse</strong></span> <span class='ocrx_word' id='word_1_8' title='bbox 583 579 714 667; x_wconf 89' lang='lat' dir='ltr'><strong>quidem</strong></span> <span class='ocrx_word' id='word_1_9' title='bbox 728 586 761 646; x_wconf 88' lang='lat' dir='ltr'><strong>et</strong></span> <span class='ocrx_word' id='word_1_10' title='bbox 775 578 960 645; x_wconf 86' lang='lat' dir='ltr'><strong>indistincte</strong></span> <span class='ocrx_word' id='word_1_11' title='bbox 973 577 1080 645; x_wconf 90' lang='lat' dir='ltr'><strong>nullos</strong></span> <span class='ocrx_word' id='word_1_12' title='bbox 1098 585 1199 645; x_wconf 87' lang='lat' dir='ltr'><strong>certos</strong></span> <span class='ocrx_word' id='word_1_13' title='bbox 1214 576 1334 644; x_wconf 85' lang='lat' dir='ltr'><strong>limites</strong></span> <span class='ocrx_word' id='word_1_14' title='bbox 1349 577 1457 663; x_wconf 85' lang='lat' dir='ltr'><strong>assig-</strong></span> 
     </span>
    </p>
   </div>
   <div class='ocr_carea' id='block_1_3' title="bbox 291 668 1568 764">
    <p class='ocr_par' dir='ltr' id='par_1_3' title="bbox 291 668 1568 764">
     <span class='ocr_line' id='line_1_3' title="bbox 291 668 1568 764; baseline -0.004 -15"><span class='ocrx_word' id='word_1_15' title='bbox 291 682 408 764; x_wconf 88' lang='lat' dir='ltr'><strong>nando,</strong></span> <span class='ocrx_word' id='word_1_16' title='bbox 434 680 574 749; x_wconf 89' lang='lat' dir='ltr'><strong>hominis</strong></span> <span class='ocrx_word' id='word_1_17' title='bbox 597 702 714 747; x_wconf 89' lang='lat' dir='ltr'><strong>nomen</strong></span> <span class='ocrx_word' id='word_1_18' title='bbox 738 680 800 747; x_wconf 91' lang='lat' dir='ltr'><strong>sub</strong></span> <span class='ocrx_word' id='word_1_19' title='bbox 826 679 973 746; x_wconf 88' lang='lat' dir='ltr'><strong>animalis</strong></span> <span class='ocrx_word' id='word_1_20' title='bbox 996 680 1127 747; x_wconf 90' lang='lat' dir='ltr'><strong>nominc</strong></span> <span class='ocrx_word' id='word_1_21' title='bbox 1153 678 1316 761; x_wconf 78' lang='lat' dir='ltr'>contineri,</span> <span class='ocrx_word' id='word_1_22' title='bbox 1342 702 1406 744; x_wconf 90' lang='lat' dir='ltr'><strong>nec</strong></span> <span class='ocrx_word' id='word_1_23' title='bbox 1426 679 1460 745; x_wconf 91' lang='lat' dir='ltr'><strong>ei</strong></span> <span class='ocrx_word' id='word_1_24' title='bbox 1567 668 1568 745; x_wconf 63' lang='grc' dir='ltr'><strong>ἶ</strong></span> 
     </span>
    </p>
   </div>
   <div class='ocr_carea' id='block_1_4' title="bbox 288 780 1568 4166">
    <p class='ocr_par' dir='ltr' id='par_1_4' title="bbox 288 780 1568 3239">
     <span class='ocr_line' id='line_1_4' title="bbox 293 780 1462 871; baseline 0 -22"><span class='ocrx_word' id='word_1_25' title='bbox 293 784 421 871; x_wconf 88' lang='lat' dir='ltr'><strong>penitus</strong></span> <span class='ocrx_word' id='word_1_26' title='bbox 445 783 629 871; x_wconf 74' lang='lat' dir='ltr'><strong>adaequari)</strong></span> <span class='ocrx_word' id='word_1_27' title='bbox 653 782 749 870; x_wconf 90' lang='lat' dir='ltr'><strong>quod,</strong></span> <span class='ocrx_word' id='word_1_28' title='bbox 770 783 912 869; x_wconf 89' lang='lat' dir='ltr'><strong>inquam,</strong></span> <span class='ocrx_word' id='word_1_29' title='bbox 938 782 985 848; x_wconf 86' lang='lat' dir='ltr'><strong>ita</strong></span> <span class='ocrx_word' id='word_1_30' title='bbox 1006 804 1042 849; x_wconf 88' lang='lat' dir='ltr'><strong>se</strong></span> <span class='ocrx_word' id='word_1_31' title='bbox 1061 805 1111 849; x_wconf 87' lang='lat' dir='ltr'><strong>res</strong></span> <span class='ocrx_word' id='word_1_32' title='bbox 1132 782 1259 863; x_wconf 88' lang='lat' dir='ltr'><strong>habeat,</strong></span> <span class='ocrx_word' id='word_1_33' title='bbox 1282 780 1462 849; x_wconf 74' lang='lat' dir='ltr'>innumeris</span> 
     </span>
     <span class='ocr_line' id='line_1_5' title="bbox 288 884 1462 976; baseline -0.003 -21"><span class='ocrx_word' id='word_1_34' title='bbox 288 887 418 963; x_wconf 77' lang='lat' dir='ltr'><strong>,adstr&#39;ui</strong></span> <span class='ocrx_word' id='word_1_35' title='bbox 438 887 539 976; x_wconf 78' lang='lat' dir='ltr'>possit</span> <span class='ocrx_word' id='word_1_36' title='bbox 558 886 716 975; x_wconf 89' lang='lat' dir='ltr'><strong>exemplis</strong></span> <span class='ocrx_word' id='word_1_37' title='bbox 731 886 949 973; x_wconf 86' lang='lat' dir='ltr'><strong>prostantibus</strong></span> <span class='ocrx_word' id='word_1_38' title='bbox 967 885 1053 974; x_wconf 92' lang='lat' dir='ltr'><strong>apud</strong></span> <span class='ocrx_word' id='word_1_39' title='bbox 1072 896 1194 954; x_wconf 85' lang='lat' dir='ltr'><strong>veteres</strong></span> <span class='ocrx_word' id='word_1_40' title='bbox 1214 887 1310 953; x_wconf 85' lang='lat' dir='ltr'><strong>etiam</strong></span> <span class='ocrx_word' id='word_1_41' title='bbox 1329 884 1462 952; x_wconf 80' lang='lat' dir='ltr'><strong>Mathe·</strong></span> 
     </span>
     <span class='ocr_line' id='line_1_6' title="bbox 295 987 1464 1077; baseline -0.001 -21"><span class='ocrx_word' id='word_1_42' title='bbox 295 992 437 1058; x_wconf 85' lang='lat' dir='ltr'><strong>maticos.</strong></span> <span class='ocrx_word' id='word_1_43' title='bbox 482 991 536 1058; x_wconf 84' lang='lat' dir='ltr'><strong>Ita</strong></span> <span class='ocrx_word' id='word_1_44' title='bbox 549 990 664 1058; x_wconf 83' lang='lat' dir='ltr'><strong>Theon</strong></span> <span class='ocrx_word' id='word_1_45' title='bbox 678 990 860 1077; x_wconf 75' lang='lat' dir='ltr'><strong>analogiam</strong></span> <span class='ocrx_word' id='word_1_46' title='bbox 878 989 1001 1071; x_wconf 90' lang='lat' dir='ltr'><strong>definit,</strong></span> <span class='ocrx_word' id='word_1_47' title='bbox 1017 988 1196 1074; x_wconf 75' lang='grc' dir='ltr'><strong>Ἀναλογία</strong></span> <span class='ocrx_word' id='word_1_48' title='bbox 1215 989 1249 1057; x_wconf 85' lang='grc' dir='ltr'><strong>δέ</strong></span> <span class='ocrx_word' id='word_1_49' title='bbox 1268 990 1340 1055; x_wconf 80' lang='grc' dir='ltr'>ἐστι</span> <span class='ocrx_word' id='word_1_50' title='bbox 1358 987 1464 1072; x_wconf 79' lang='grc' dir='ltr'>λθγσυ</span> 
     </span>
     <span class='ocr_line' id='line_1_7' title="bbox 296 1091 1463 1183; baseline -0.003 -22"><span class='ocrx_word' id='word_1_51' title='bbox 296 1093 316 1178; x_wconf 84' lang='grc' dir='ltr'><em>ἡ</em></span> <span class='ocrx_word' id='word_1_52' title='bbox 339 1093 421 1183; x_wconf 80' lang='grc' dir='ltr'>πρὸς</span> <span class='ocrx_word' id='word_1_53' title='bbox 442 1092 609 1177; x_wconf 74' lang='grc' dir='ltr'><strong>ἀλλήλους</strong></span> <span class='ocrx_word' id='word_1_54' title='bbox 629 1091 711 1160; x_wconf 79' lang='grc' dir='ltr'>ποιὰ</span> <span class='ocrx_word' id='word_1_55' title='bbox 732 1092 876 1181; x_wconf 51' lang='grc' dir='ltr'>σχέσιςι,</span> <span class='ocrx_word' id='word_1_56' title='bbox 895 1093 1055 1159; x_wconf 90' lang='lat' dir='ltr'><strong>rationum</strong></span> <span class='ocrx_word' id='word_1_57' title='bbox 1072 1094 1154 1159; x_wconf 88' lang='lat' dir='ltr'><strong>inter</strong></span> <span class='ocrx_word' id='word_1_58' title='bbox 1168 1116 1203 1160; x_wconf 90' lang='lat' dir='ltr'><strong>se</strong></span> <span class='ocrx_word' id='word_1_59' title='bbox 1217 1092 1382 1173; x_wconf 87' lang='lat' dir='ltr'><strong>habitudo,</strong></span> <span class='ocrx_word' id='word_1_60' title='bbox 1397 1114 1463 1159; x_wconf 87' lang='lat' dir='ltr'><strong>non</strong></span> 
     </span>
     <span class='ocr_line' id='line_1_8' title="bbox 298 1196 1466 1285; baseline -0.002 -20"><span class='ocrx_word' id='word_1_61' title='bbox 298 1199 487 1285; x_wconf 80' lang='lat' dir='ltr'><strong>qualitativa</strong></span> <span class='ocrx_word' id='word_1_62' title='bbox 504 1198 627 1285; x_wconf 87' lang='lat' dir='ltr'><strong>opinor,</strong></span> <span class='ocrx_word' id='word_1_63' title='bbox 642 1220 714 1285; x_wconf 82' lang='lat' dir='ltr'><strong>qnae</strong></span> <span class='ocrx_word' id='word_1_64' title='bbox 732 1198 820 1263; x_wconf 91' lang='lat' dir='ltr'><strong>enim</strong></span> <span class='ocrx_word' id='word_1_65' title='bbox 840 1196 937 1262; x_wconf 82' lang='lat' dir='ltr'><strong>isthic</strong></span> <span class='ocrx_word' id='word_1_66' title='bbox 954 1196 1127 1263; x_wconf 89' lang='lat' dir='ltr'><strong>intervenit</strong></span> <span class='ocrx_word' id='word_1_67' title='bbox 1143 1196 1307 1285; x_wconf 75' lang='lat' dir='ltr'><strong>qualitas?</strong></span> <span class='ocrx_word' id='word_1_68' title='bbox 1327 1205 1361 1262; x_wconf 87' lang='lat' dir='ltr'><strong>at</strong></span> <span class='ocrx_word' id='word_1_69' title='bbox 1375 1218 1466 1284; x_wconf 74' lang='lat' dir='ltr'><strong>qusa-</strong></span> 
     </span>
     <span class='ocr_line' id='line_1_9' title="bbox 298 1298 1467 1386; baseline -0.003 -19"><span class='ocrx_word' id='word_1_70' title='bbox 298 1301 373 1367; x_wconf 90' lang='lat' dir='ltr'><strong>dam</strong></span> <span class='ocrx_word' id='word_1_71' title='bbox 392 1302 516 1368; x_wconf 88' lang='lat' dir='ltr'><strong>saltem.</strong></span> <span class='ocrx_word' id='word_1_72' title='bbox 561 1300 695 1369; x_wconf 81' lang='lat' dir='ltr'><strong>Musicae</strong></span> <span class='ocrx_word' id='word_1_73' title='bbox 717 1300 892 1367; x_wconf 72' lang='lat' dir='ltr'><strong>harmonia</strong></span> <span class='ocrx_word' id='word_1_74' title='bbox 914 1320 1015 1386; x_wconf 88' lang='lat' dir='ltr'><strong>genus</strong></span> <span class='ocrx_word' id='word_1_75' title='bbox 1040 1298 1152 1386; x_wconf 73' lang='grc' dir='ltr'>(γένος)</span> <span class='ocrx_word' id='word_1_76' title='bbox 1177 1299 1337 1365; x_wconf 87' lang='lat' dir='ltr'><strong>Aristides</strong></span> <span class='ocrx_word' id='word_1_77' title='bbox 1359 1299 1467 1379; x_wconf 83' lang='lat' dir='ltr'><strong>Quin-</strong></span> 
     </span>
     <span class='ocr_line' id='line_1_10' title="bbox 298 1402 1467 1492; baseline -0.003 -20"><span class='ocrx_word' id='word_1_78' title='bbox 298 1405 428 1471; x_wconf 87' lang='lat' dir='ltr'><strong>tilianus</strong></span> <span class='ocrx_word' id='word_1_79' title='bbox 449 1405 572 1488; x_wconf 91' lang='lat' dir='ltr'><strong>definit,</strong></span> <span class='ocrx_word' id='word_1_80' title='bbox 595 1402 694 1471; x_wconf 79' lang='grc' dir='ltr'>ποιὰν</span> <span class='ocrx_word' id='word_1_81' title='bbox 714 1402 932 1492; x_wconf 80' lang='grc' dir='ltr'>τετραχόρδου</span> <span class='ocrx_word' id='word_1_82' title='bbox 957 1402 1136 1491; x_wconf 70' lang='grc' dir='ltr'>διαίρεσιν’,</span> <span class='ocrx_word' id='word_1_83' title='bbox 1151 1426 1217 1469; x_wconf 94' lang='lat' dir='ltr'><strong>non</strong></span> <span class='ocrx_word' id='word_1_84' title='bbox 1237 1402 1467 1492; x_wconf 74' lang='lat' dir='ltr'><strong>qualitativam</strong></span> 
     </span>
     <span class='ocr_line' id='line_1_11' title="bbox 300 1505 1467 1595; baseline -0.002 -21"><span class='ocrx_word' id='word_1_85' title='bbox 300 1508 395 1574; x_wconf 90' lang='lat' dir='ltr'><strong>credo</strong></span> <span class='ocrx_word' id='word_1_86' title='bbox 418 1508 603 1595; x_wconf 87' lang='lat' dir='ltr'><strong>significans</strong></span> <span class='ocrx_word' id='word_1_87' title='bbox 627 1507 817 1573; x_wconf 87' lang='lat' dir='ltr'><strong>divisionem</strong></span> <span class='ocrx_word' id='word_1_88' title='bbox 841 1506 947 1573; x_wconf 89' lang='lat' dir='ltr'><strong>nescio</strong></span> <span class='ocrx_word' id='word_1_89' title='bbox 970 1528 1077 1595; x_wconf 86' lang='lat' dir='ltr'><strong>quam,</strong></span> <span class='ocrx_word' id='word_1_90' title='bbox 1104 1516 1138 1573; x_wconf 85' lang='lat' dir='ltr'><strong>at</strong></span> <span class='ocrx_word' id='word_1_91' title='bbox 1160 1514 1278 1573; x_wconf 86' lang='lat' dir='ltr'><strong>certam</strong></span> <span class='ocrx_word' id='word_1_92' title='bbox 1302 1505 1467 1593; x_wconf 85' lang='lat' dir='ltr'><strong>aliquam:</strong></span> 
     </span>
     <span class='ocr_line' id='line_1_12' title="bbox 299 1609 1468 1699; baseline -0.003 -21"><span class='ocrx_word' id='word_1_93' title='bbox 299 1633 399 1699; x_wconf 91' lang='lat' dir='ltr'><strong>quum</strong></span> <span class='ocrx_word' id='word_1_94' title='bbox 414 1611 537 1679; x_wconf 88' lang='lat' dir='ltr'><strong>scilicet</strong></span> <span class='ocrx_word' id='word_1_95' title='bbox 550 1610 787 1679; x_wconf 75' lang='lat' dir='ltr'>tetrachordum</span> <span class='ocrx_word' id='word_1_96' title='bbox 801 1609 977 1677; x_wconf 81' lang='lat' dir='ltr'><strong>innumeris</strong></span> <span class='ocrx_word' id='word_1_97' title='bbox 992 1609 1096 1676; x_wconf 84' lang='lat' dir='ltr'><strong>modis</strong></span> <span class='ocrx_word' id='word_1_98' title='bbox 1113 1609 1217 1677; x_wconf 88' lang='lat' dir='ltr'><strong>dividi</strong></span> <span class='ocrx_word' id='word_1_99' title='bbox 1232 1610 1342 1698; x_wconf 84' lang='lat' dir='ltr'><strong>possit,</strong></span> <span class='ocrx_word' id='word_1_100' title='bbox 1359 1632 1468 1697; x_wconf 86' lang='lat' dir='ltr'><strong>genus</strong></span> 
     </span>
     <span class='ocr_line' id='line_1_13' title="bbox 300 1711 1470 1800; baseline -0.001 -19"><span class='ocrx_word' id='word_1_101' title='bbox 300 1724 407 1782; x_wconf 83' lang='lat' dir='ltr'><strong>tamen</strong></span> <span class='ocrx_word' id='word_1_102' title='bbox 440 1713 602 1781; x_wconf 89' lang='lat' dir='ltr'><strong>Musicum</strong></span> <span class='ocrx_word' id='word_1_103' title='bbox 629 1735 695 1779; x_wconf 91' lang='lat' dir='ltr'><strong>non</strong></span> <span class='ocrx_word' id='word_1_104' title='bbox 723 1733 959 1800; x_wconf 88' lang='lat' dir='ltr'><strong>omnescunque</strong></span> <span class='ocrx_word' id='word_1_105' title='bbox 989 1712 1142 1779; x_wconf 78' lang='lat' dir='ltr'><strong>sectiones</strong></span> <span class='ocrx_word' id='word_1_106' title='bbox 1171 1712 1251 1794; x_wconf 77' lang='lat' dir='ltr'><strong>iste,</strong></span> <span class='ocrx_word' id='word_1_107' title='bbox 1281 1711 1338 1779; x_wconf 90' lang='lat' dir='ltr'><strong>sed</strong></span> <span class='ocrx_word' id='word_1_108' title='bbox 1370 1722 1470 1780; x_wconf 84' lang='lat' dir='ltr'><strong>ecrtae</strong></span> 
     </span>
     <span class='ocr_line' id='line_1_14' title="bbox 302 1813 1469 1903; baseline 0 -22"><span class='ocrx_word' id='word_1_109' title='bbox 302 1816 449 1903; x_wconf 76' lang='lat' dir='ltr'><strong>quadam</strong></span> <span class='ocrx_word' id='word_1_110' title='bbox 477 1815 695 1895; x_wconf 90' lang='lat' dir='ltr'><strong>constituunt;</strong></span> <span class='ocrx_word' id='word_1_111' title='bbox 731 1836 797 1881; x_wconf 88' lang='lat' dir='ltr'><strong>una</strong></span> <span class='ocrx_word' id='word_1_112' title='bbox 825 1814 948 1881; x_wconf 88' lang='lat' dir='ltr'><strong>scilicet</strong></span> <span class='ocrx_word' id='word_1_113' title='bbox 980 1814 1088 1901; x_wconf 87' lang='lat' dir='ltr'><strong>aliqua</strong></span> <span class='ocrx_word' id='word_1_114' title='bbox 1120 1836 1222 1901; x_wconf 87' lang='lat' dir='ltr'><strong>genus</strong></span> <span class='ocrx_word' id='word_1_115' title='bbox 1257 1813 1469 1896; x_wconf 87' lang='lat' dir='ltr'><strong>diatonicum,</strong></span> 
     </span>
     <span class='ocr_line' id='line_1_15' title="bbox 302 1916 1467 1999; baseline 0 -15"><span class='ocrx_word' id='word_1_116' title='bbox 302 1918 367 1984; x_wconf 85' lang='lat' dir='ltr'><strong>alia</strong></span> <span class='ocrx_word' id='word_1_117' title='bbox 394 1918 631 1999; x_wconf 86' lang='lat' dir='ltr'><strong>chromaticum,</strong></span> <span class='ocrx_word' id='word_1_118' title='bbox 663 1917 757 1985; x_wconf 88' lang='lat' dir='ltr'><strong>tertia</strong></span> <span class='ocrx_word' id='word_1_119' title='bbox 786 1918 1057 1985; x_wconf 81' lang='lat' dir='ltr'><strong>enharmonicum.</strong></span> <span class='ocrx_word' id='word_1_120' title='bbox 1107 1916 1270 1985; x_wconf 79' lang='lat' dir='ltr'><strong>Consonat</strong></span> <span class='ocrx_word' id='word_1_121' title='bbox 1299 1917 1467 1999; x_wconf 84' lang='lat' dir='ltr'><strong>Euclides,</strong></span> 
     </span>
     <span class='ocr_line' id='line_1_16' title="bbox 304 2017 1466 2108; baseline 0.002 -23"><span class='ocrx_word' id='word_1_122' title='bbox 304 2020 400 2091; x_wconf 84' lang='grc' dir='ltr'>Γένος</span> <span class='ocrx_word' id='word_1_123' title='bbox 427 2019 556 2106; x_wconf 90' lang='lat' dir='ltr'><strong>(inquit)</strong></span> <span class='ocrx_word' id='word_1_124' title='bbox 584 2019 658 2086; x_wconf 83' lang='grc' dir='ltr'>ἐστι</span> <span class='ocrx_word' id='word_1_125' title='bbox 682 2017 766 2085; x_wconf 81' lang='grc' dir='ltr'>ποιὰ</span> <span class='ocrx_word' id='word_1_126' title='bbox 792 2018 957 2107; x_wconf 79' lang='grc' dir='ltr'>τεττάρων</span> <span class='ocrx_word' id='word_1_127' title='bbox 985 2019 1137 2108; x_wconf 79' lang='grc' dir='ltr'>φθόγγων</span> <span class='ocrx_word' id='word_1_128' title='bbox 1165 2020 1327 2108; x_wconf 79' lang='grc' dir='ltr'>διαίρεσις.</span> <span class='ocrx_word' id='word_1_129' title='bbox 1372 2020 1466 2088; x_wconf 89' lang='lat' dir='ltr'><strong>Idem</strong></span> 
     </span>
     <span class='ocr_line' id='line_1_17' title="bbox 304 2120 1470 2211; baseline 0.002 -22"><span class='ocrx_word' id='word_1_130' title='bbox 304 2121 474 2202; x_wconf 82' lang='lat' dir='ltr'><strong>Aristides,</strong></span> <span class='ocrx_word' id='word_1_131' title='bbox 489 2120 716 2209; x_wconf 77' lang='grc' dir='ltr'>Ἥρμοσρένον</span> <span class='ocrx_word' id='word_1_132' title='bbox 734 2122 769 2189; x_wconf 87' lang='grc' dir='ltr'><strong>δὲ</strong></span> <span class='ocrx_word' id='word_1_133' title='bbox 790 2122 863 2188; x_wconf 79' lang='grc' dir='ltr'>ἐστι</span> <span class='ocrx_word' id='word_1_134' title='bbox 881 2120 919 2189; x_wconf 82' lang='grc' dir='ltr'>τὸ</span> <span class='ocrx_word' id='word_1_135' title='bbox 938 2124 975 2189; x_wconf 79' lang='grc' dir='ltr'><strong>ἐκ</strong></span> <span class='ocrx_word' id='word_1_136' title='bbox 989 2122 1151 2211; x_wconf 76' lang='grc' dir='ltr'>φθόγγων,</span> <span class='ocrx_word' id='word_1_137' title='bbox 1167 2124 1221 2191; x_wconf 78' lang='lat' dir='ltr'><strong>sul</strong></span> <span class='ocrx_word' id='word_1_138' title='bbox 1235 2123 1470 2207; x_wconf 78' lang='grc' dir='ltr'>διαστημάτων</span> 
     </span>
     <span class='ocr_line' id='line_1_18' title="bbox 304 2224 1568 2314; baseline 0.001 -22"><span class='ocrx_word' id='word_1_139' title='bbox 304 2233 402 2293; x_wconf 73' lang='grc' dir='ltr'>ποιὰν</span> <span class='ocrx_word' id='word_1_140' title='bbox 416 2224 508 2309; x_wconf 77' lang='grc' dir='ltr'>τάξιν</span> <span class='ocrx_word' id='word_1_141' title='bbox 525 2224 674 2314; x_wconf 80' lang='grc' dir='ltr'>ἐχόντων.</span> <span class='ocrx_word' id='word_1_142' title='bbox 719 2225 828 2293; x_wconf 73' lang='grc' dir='ltr'>Παιὰν</span> <span class='ocrx_word' id='word_1_143' title='bbox 842 2224 943 2310; x_wconf 73' lang='grc' dir='ltr'>τάξιν,</span> <span class='ocrx_word' id='word_1_144' title='bbox 959 2226 1102 2293; x_wconf 83' lang='lat' dir='ltr'><strong>ordinem</strong></span> <span class='ocrx_word' id='word_1_145' title='bbox 1117 2227 1286 2314; x_wconf 83' lang='lat' dir='ltr'><strong>quendem,</strong></span> <span class='ocrx_word' id='word_1_146' title='bbox 1301 2249 1365 2294; x_wconf 93' lang='lat' dir='ltr'><strong>non</strong></span> <span class='ocrx_word' id='word_1_147' title='bbox 1379 2226 1470 2293; x_wconf 89' lang='lat' dir='ltr'><strong>ordi·</strong></span> <span class='ocrx_word' id='word_1_148' title='bbox 1567 2234 1568 2301; x_wconf 74' lang='lat' dir='ltr'><strong>t</strong></span> 
     </span>
     <span class='ocr_line' id='line_1_19' title="bbox 306 2329 1568 2426; baseline -0.001 -29"><span class='ocrx_word' id='word_1_149' title='bbox 306 2354 379 2397; x_wconf 90' lang='lat' dir='ltr'><strong>nem</strong></span> <span class='ocrx_word' id='word_1_150' title='bbox 400 2329 512 2419; x_wconf 89' lang='lat' dir='ltr'><strong>opinor</strong></span> <span class='ocrx_word' id='word_1_151' title='bbox 528 2330 764 2417; x_wconf 83' lang='lat' dir='ltr'><strong>qualitativam.</strong></span> <span class='ocrx_word' id='word_1_152' title='bbox 809 2329 1025 2397; x_wconf 86' lang='lat' dir='ltr'><strong>Nicomachus</strong></span> <span class='ocrx_word' id='word_1_153' title='bbox 1043 2330 1077 2396; x_wconf 88' lang='lat' dir='ltr'><strong>in</strong></span> <span class='ocrx_word' id='word_1_154' title='bbox 1094 2330 1282 2398; x_wconf 86' lang='lat' dir='ltr'><strong>Enchiridio</strong></span> <span class='ocrx_word' id='word_1_155' title='bbox 1302 2329 1472 2415; x_wconf 81' lang='grc' dir='ltr'>διάστημα</span> <span class='ocrx_word' id='word_1_156' title='bbox 1567 2402 1568 2426; x_wconf 32' lang='grc' dir='ltr'>γ</span> 
     </span>
     <span class='ocr_line' id='line_1_20' title="bbox 307 2428 1568 2517; baseline -0.002 -16"><span class='ocrx_word' id='word_1_157' title='bbox 307 2432 426 2516; x_wconf 89' lang='lat' dir='ltr'><strong>definit,</strong></span> <span class='ocrx_word' id='word_1_158' title='bbox 454 2428 527 2499; x_wconf 82' lang='grc' dir='ltr'>ὁδὸν</span> <span class='ocrx_word' id='word_1_159' title='bbox 551 2430 651 2500; x_wconf 80' lang='grc' dir='ltr'>ποιὰν</span> <span class='ocrx_word' id='word_1_160' title='bbox 675 2430 743 2498; x_wconf 80' lang='grc' dir='ltr'><strong>ἀπὸ</strong></span> <span class='ocrx_word' id='word_1_161' title='bbox 769 2431 953 2517; x_wconf 81' lang='grc' dir='ltr'>βαρύτητος</span> <span class='ocrx_word' id='word_1_162' title='bbox 982 2430 1026 2503; x_wconf 79' lang='grc' dir='ltr'><strong>εἰς</strong></span> <span class='ocrx_word' id='word_1_163' title='bbox 1055 2431 1194 2515; x_wconf 77' lang='grc' dir='ltr'>ὀξύτητα</span> <span class='ocrx_word' id='word_1_164' title='bbox 1220 2431 1242 2516; x_wconf 81' lang='grc' dir='ltr'><em>ἢ</em></span> <span class='ocrx_word' id='word_1_165' title='bbox 1276 2431 1469 2501; x_wconf 69' lang='lat' dir='ltr'><strong>drdratsv&#39;.</strong></span> <span class='ocrx_word' id='word_1_166' title='bbox 1567 2428 1568 2511; x_wconf 64' lang='lat' dir='ltr'><strong>f</strong></span> 
     </span>
     <span class='ocr_line' id='line_1_21' title="bbox 308 2532 1470 2625; baseline 0 -23"><span class='ocrx_word' id='word_1_167' title='bbox 308 2536 463 2625; x_wconf 69' lang='lat' dir='ltr'><strong>,ejusaem</strong></span> <span class='ocrx_word' id='word_1_168' title='bbox 478 2544 527 2601; x_wconf 70' lang='lat' dir='ltr'><strong>st</strong></span> <span class='ocrx_word' id='word_1_169' title='bbox 542 2534 708 2623; x_wconf 67' lang='lat' dir='ltr'><strong>unnyn</strong></span> <span class='ocrx_word' id='word_1_170' title='bbox 722 2534 875 2617; x_wconf 69' lang='lat' dir='ltr'><strong>reniso,</strong></span> <span class='ocrx_word' id='word_1_171' title='bbox 891 2532 989 2600; x_wconf 60' lang='grc' dir='ltr'>Ἐστι</span> <span class='ocrx_word' id='word_1_172' title='bbox 1002 2533 1168 2619; x_wconf 58' lang='grc' dir='ltr'>διάστημα</span> <span class='ocrx_word' id='word_1_173' title='bbox 1181 2533 1367 2623; x_wconf 56' lang='lat' dir='ltr'><strong>amet</strong></span> <span class='ocrx_word' id='word_1_174' title='bbox 1382 2534 1470 2621; x_wconf 63' lang='grc' dir='ltr'><strong>πρὸς</strong></span> 
     </span>
     <span class='ocr_line' id='line_1_22' title="bbox 306 2637 1467 2728; baseline 0 -23"><span class='ocrx_word' id='word_1_175' title='bbox 306 2638 474 2724; x_wconf 71' lang='grc' dir='ltr'>ἀλλήλους</span> <span class='ocrx_word' id='word_1_176' title='bbox 498 2639 578 2706; x_wconf 80' lang='grc' dir='ltr'>ποιὰ</span> <span class='ocrx_word' id='word_1_177' title='bbox 604 2637 749 2728; x_wconf 52' lang='grc' dir='ltr'>σχέσιέ·</span> <span class='ocrx_word' id='word_1_178' title='bbox 778 2637 836 2707; x_wconf 88' lang='lat' dir='ltr'><strong>ubi</strong></span> <span class='ocrx_word' id='word_1_179' title='bbox 858 2637 999 2705; x_wconf 80' lang='lat' dir='ltr'><strong>notabile</strong></span> <span class='ocrx_word' id='word_1_180' title='bbox 1020 2648 1069 2705; x_wconf 88' lang='lat' dir='ltr'><strong>est</strong></span> <span class='ocrx_word' id='word_1_181' title='bbox 1094 2638 1339 2705; x_wconf 83' lang='lat' dir='ltr'><strong>Arithmetioam</strong></span> <span class='ocrx_word' id='word_1_182' title='bbox 1363 2639 1467 2727; x_wconf 86' lang='lat' dir='ltr'><strong>ipsum</strong></span> 
     </span>
     <span class='ocr_line' id='line_1_23' title="bbox 309 2740 1471 2830; baseline -0.001 -21"><span class='ocrx_word' id='word_1_183' title='bbox 309 2744 464 2810; x_wconf 87' lang='lat' dir='ltr'><strong>rationem</strong></span> <span class='ocrx_word' id='word_1_184' title='bbox 487 2742 540 2809; x_wconf 86' lang='lat' dir='ltr'><strong>vel</strong></span> <span class='ocrx_word' id='word_1_185' title='bbox 562 2740 782 2823; x_wconf 85' lang='lat' dir='ltr'><strong>differentiam,</strong></span> <span class='ocrx_word' id='word_1_186' title='bbox 805 2762 876 2827; x_wconf 83' lang='lat' dir='ltr'><strong>quas</strong></span> <span class='ocrx_word' id='word_1_187' title='bbox 898 2740 982 2807; x_wconf 89' lang='lat' dir='ltr'><strong>inter</strong></span> <span class='ocrx_word' id='word_1_188' title='bbox 1001 2740 1080 2808; x_wconf 91' lang='lat' dir='ltr'><strong>duos</strong></span> <span class='ocrx_word' id='word_1_189' title='bbox 1103 2741 1274 2830; x_wconf 71' lang='grc' dir='ltr'>φθθγγους,</span> <span class='ocrx_word' id='word_1_190' title='bbox 1298 2764 1355 2809; x_wconf 86' lang='lat' dir='ltr'><strong>seu</strong></span> <span class='ocrx_word' id='word_1_191' title='bbox 1374 2764 1471 2809; x_wconf 86' lang='lat' dir='ltr'><strong>sonos</strong></span> 
     </span>
     <span class='ocr_line' id='line_1_24' title="bbox 308 2842 1471 2933; baseline 0.001 -23"><span class='ocrx_word' id='word_1_192' title='bbox 308 2845 507 2911; x_wconf 85' lang='lat' dir='ltr'><strong>harmonioos</strong></span> <span class='ocrx_word' id='word_1_193' title='bbox 526 2844 701 2926; x_wconf 85' lang='lat' dir='ltr'><strong>intercedit,</strong></span> <span class='ocrx_word' id='word_1_194' title='bbox 716 2842 859 2911; x_wconf 84' lang='lat' dir='ltr'><strong>districte</strong></span> <span class='ocrx_word' id='word_1_195' title='bbox 875 2844 984 2911; x_wconf 82' lang='lat' dir='ltr'><strong>vocari</strong></span> <span class='ocrx_word' id='word_1_196' title='bbox 999 2842 1100 2911; x_wconf 75' lang='grc' dir='ltr'>ποιὰν</span> <span class='ocrx_word' id='word_1_197' title='bbox 1116 2844 1243 2933; x_wconf 78' lang='grc' dir='ltr'>σχέσιν,</span> <span class='ocrx_word' id='word_1_198' title='bbox 1259 2844 1335 2932; x_wconf 81' lang='lat' dir='ltr'><strong>quia</strong></span> <span class='ocrx_word' id='word_1_199' title='bbox 1349 2844 1471 2912; x_wconf 80' lang='lat' dir='ltr'><strong>seilicet</strong></span> 
     </span>
     <span class='ocr_line' id='line_1_25' title="bbox 310 2944 1470 3033; baseline 0.003 -23"><span class='ocrx_word' id='word_1_200' title='bbox 310 2944 512 3010; x_wconf 88' lang='lat' dir='ltr'><strong>doctissimus</strong></span> <span class='ocrx_word' id='word_1_201' title='bbox 526 2944 576 3013; x_wconf 78' lang='lat' dir='ltr'><strong>vir</strong></span> <span class='ocrx_word' id='word_1_202' title='bbox 590 2945 692 3012; x_wconf 90' lang='lat' dir='ltr'><strong>solam</strong></span> <span class='ocrx_word' id='word_1_203' title='bbox 706 2944 953 3032; x_wconf 85' lang='lat' dir='ltr'><strong>quantitativam</strong></span> <span class='ocrx_word' id='word_1_204' title='bbox 967 2944 1152 3013; x_wconf 77' lang='lat' dir='ltr'><strong>relationem</strong></span> <span class='ocrx_word' id='word_1_205' title='bbox 1166 2946 1320 3033; x_wconf 85' lang='lat' dir='ltr'><strong>agnoscit,</strong></span> <span class='ocrx_word' id='word_1_206' title='bbox 1334 2956 1369 3013; x_wconf 89' lang='lat' dir='ltr'><strong>et</strong></span> <span class='ocrx_word' id='word_1_207' title='bbox 1382 2944 1470 3013; x_wconf 86' lang='lat' dir='ltr'><strong>Geo-</strong></span> 
     </span>
     <span class='ocr_line' id='line_1_26' title="bbox 310 3046 1473 3138; baseline 0.004 -26"><span class='ocrx_word' id='word_1_208' title='bbox 310 3047 474 3113; x_wconf 80' lang='lat' dir='ltr'><strong>meh-icam</strong></span> <span class='ocrx_word' id='word_1_209' title='bbox 502 3047 657 3115; x_wconf 87' lang='lat' dir='ltr'><strong>rationem</strong></span> <span class='ocrx_word' id='word_1_210' title='bbox 684 3048 776 3115; x_wconf 84' lang='lat' dir='ltr'><strong>velut</strong></span> <span class='ocrx_word' id='word_1_211' title='bbox 804 3047 833 3113; x_wconf 90' lang='lat' dir='ltr'><strong>ei</strong></span> <span class='ocrx_word' id='word_1_212' title='bbox 863 3046 1154 3114; x_wconf 84' lang='lat' dir='ltr'><strong>contradistinctam</strong></span> <span class='ocrx_word' id='word_1_213' title='bbox 1186 3048 1339 3138; x_wconf 88' lang='lat' dir='ltr'><strong>appellari</strong></span> <span class='ocrx_word' id='word_1_214' title='bbox 1363 3060 1473 3117; x_wconf 86' lang='lat' dir='ltr'><strong>censet</strong></span> 
     </span>
     <span class='ocr_line' id='line_1_27' title="bbox 310 3147 1149 3239; baseline 0.001 -21"><span class='ocrx_word' id='word_1_215' title='bbox 310 3147 410 3218; x_wconf 79' lang='grc' dir='ltr'>ποιὰν</span> <span class='ocrx_word' id='word_1_216' title='bbox 424 3149 552 3238; x_wconf 78' lang='grc' dir='ltr'>σχέσιν,</span> <span class='ocrx_word' id='word_1_217' title='bbox 567 3150 629 3216; x_wconf 93' lang='lat' dir='ltr'><strong>hoc</strong></span> <span class='ocrx_word' id='word_1_218' title='bbox 643 3159 701 3233; x_wconf 90' lang='lat' dir='ltr'><strong>est,</strong></span> <span class='ocrx_word' id='word_1_219' title='bbox 716 3150 902 3217; x_wconf 87' lang='lat' dir='ltr'><strong>relationem</strong></span> <span class='ocrx_word' id='word_1_220' title='bbox 917 3150 1149 3239; x_wconf 79' lang='lat' dir='ltr'><strong>qualitativam·</strong></span> 
     </span>
    </p>

    <p class='ocr_par' dir='ltr' id='par_1_5' title="bbox 312 3252 1568 4166">
     <span class='ocr_line' id='line_1_28' title="bbox 376 3252 1474 3334; baseline 0.006 -16"><span class='ocrx_word' id='word_1_221' title='bbox 376 3252 462 3334; x_wconf 83' lang='lat' dir='ltr'><strong>Quia</strong></span> <span class='ocrx_word' id='word_1_222' title='bbox 474 3275 551 3320; x_wconf 83' lang='lat' dir='ltr'><strong>vero</strong></span> <span class='ocrx_word' id='word_1_223' title='bbox 570 3252 700 3319; x_wconf 82' lang='lat' dir='ltr'><strong>ferenda</strong></span> <span class='ocrx_word' id='word_1_224' title='bbox 720 3276 787 3320; x_wconf 94' lang='lat' dir='ltr'><strong>non</strong></span> <span class='ocrx_word' id='word_1_225' title='bbox 808 3255 979 3323; x_wconf 89' lang='lat' dir='ltr'><strong>arbitratur</strong></span> <span class='ocrx_word' id='word_1_226' title='bbox 999 3254 1034 3321; x_wconf 91' lang='lat' dir='ltr'><strong>in</strong></span> <span class='ocrx_word' id='word_1_227' title='bbox 1057 3255 1294 3325; x_wconf 85' lang='lat' dir='ltr'><strong>delinitionibus</strong></span> <span class='ocrx_word' id='word_1_228' title='bbox 1315 3257 1474 3325; x_wconf 76' lang='lat' dir='ltr'><strong>aocumtis</strong></span> 
     </span>
     <span class='ocr_line' id='line_1_29' title="bbox 312 3356 1568 3448; baseline 0.004 -23"><span class='ocrx_word' id='word_1_229' title='bbox 312 3356 480 3425; x_wconf 83' lang='lat' dir='ltr'><strong>indefinita</strong></span> <span class='ocrx_word' id='word_1_230' title='bbox 496 3357 576 3424; x_wconf 83' lang='lat' dir='ltr'><strong>talia</strong></span> <span class='ocrx_word' id='word_1_231' title='bbox 593 3356 758 3439; x_wconf 82' lang='lat' dir='ltr'><strong>voeabula,</strong></span> <span class='ocrx_word' id='word_1_232' title='bbox 775 3356 946 3425; x_wconf 88' lang='lat' dir='ltr'><strong>dicendum</strong></span> <span class='ocrx_word' id='word_1_233' title='bbox 965 3368 1014 3426; x_wconf 88' lang='lat' dir='ltr'><strong>est</strong></span> <span class='ocrx_word' id='word_1_234' title='bbox 1033 3360 1170 3448; x_wconf 85' lang='lat' dir='ltr'><strong>optimos</strong></span> <span class='ocrx_word' id='word_1_235' title='bbox 1188 3360 1300 3428; x_wconf 88' lang='lat' dir='ltr'><strong>saltem</strong></span> <span class='ocrx_word' id='word_1_236' title='bbox 1320 3360 1474 3429; x_wconf 82' lang='lat' dir='ltr'><strong>authores</strong></span> <span class='ocrx_word' id='word_1_237' title='bbox 1567 3378 1568 3413; x_wconf 60' lang='lat' dir='ltr'><strong>l</strong></span> 
     </span>
     <span class='ocr_line' id='line_1_30' title="bbox 313 3458 1474 3546; baseline 0.001 -18"><span class='ocrx_word' id='word_1_238' title='bbox 313 3460 478 3528; x_wconf 82' lang='lat' dir='ltr'><strong>admisisse</strong></span> <span class='ocrx_word' id='word_1_239' title='bbox 499 3458 595 3541; x_wconf 85' lang='lat' dir='ltr'><strong>talia3</strong></span> <span class='ocrx_word' id='word_1_240' title='bbox 623 3469 737 3546; x_wconf 87' lang='lat' dir='ltr'><strong>praeter</strong></span> <span class='ocrx_word' id='word_1_241' title='bbox 756 3480 836 3525; x_wconf 86' lang='lat' dir='ltr'><strong>mox</strong></span> <span class='ocrx_word' id='word_1_242' title='bbox 857 3458 1020 3541; x_wconf 85' lang='lat' dir='ltr'><strong>adductos,</strong></span> <span class='ocrx_word' id='word_1_243' title='bbox 1042 3483 1142 3527; x_wconf 89' lang='lat' dir='ltr'><strong>unum</strong></span> <span class='ocrx_word' id='word_1_244' title='bbox 1164 3460 1269 3529; x_wconf 82' lang='lat' dir='ltr'><strong>citabo</strong></span> <span class='ocrx_word' id='word_1_245' title='bbox 1290 3461 1474 3542; x_wconf 85' lang='lat' dir='ltr'><strong>Euclidem,</strong></span> 
     </span>
     <span class='ocr_line' id='line_1_31' title="bbox 313 3561 1477 3653; baseline -0.001 -22"><span class='ocrx_word' id='word_1_246' title='bbox 313 3564 420 3653; x_wconf 91' lang='lat' dir='ltr'><strong>quiin</strong></span> <span class='ocrx_word' id='word_1_247' title='bbox 437 3563 575 3652; x_wconf 83' lang='lat' dir='ltr'><strong>isagoge</strong></span> <span class='ocrx_word' id='word_1_248' title='bbox 593 3561 778 3629; x_wconf 81' lang='lat' dir='ltr'><strong>harmonict</strong></span> <span class='ocrx_word' id='word_1_249' title='bbox 796 3562 942 3649; x_wconf 79' lang='lat' dir='ltr'><strong>proxime</strong></span> <span class='ocrx_word' id='word_1_250' title='bbox 961 3564 1119 3650; x_wconf 84' lang='lat' dir='ltr'><strong>contiguis</strong></span> <span class='ocrx_word' id='word_1_251' title='bbox 1139 3562 1262 3631; x_wconf 89' lang='lat' dir='ltr'><strong>duabus</strong></span> <span class='ocrx_word' id='word_1_252' title='bbox 1279 3563 1477 3631; x_wconf 89' lang='lat' dir='ltr'><strong>definitioni·</strong></span> 
     </span>
     <span class='ocr_line' id='line_1_32' title="bbox 314 3662 1475 3753; baseline -0.002 -19"><span class='ocrx_word' id='word_1_253' title='bbox 314 3668 375 3734; x_wconf 87' lang='lat' dir='ltr'><strong>bus</strong></span> <span class='ocrx_word' id='word_1_254' title='bbox 396 3666 529 3734; x_wconf 85' lang='lat' dir='ltr'><strong>inseruit</strong></span> <span class='ocrx_word' id='word_1_255' title='bbox 549 3662 742 3732; x_wconf 84' lang='lat' dir='ltr'><strong>vocabulum</strong></span> <span class='ocrx_word' id='word_1_256' title='bbox 764 3686 826 3735; x_wconf 81' lang='grc' dir='ltr'>τις·</span> <span class='ocrx_word' id='word_1_257' title='bbox 856 3662 956 3736; x_wconf 83' lang='grc' dir='ltr'>Τόνος</span> <span class='ocrx_word' id='word_1_258' title='bbox 979 3664 1108 3753; x_wconf 79' lang='lat' dir='ltr'><strong>(inquit)</strong></span> <span class='ocrx_word' id='word_1_259' title='bbox 1132 3667 1205 3733; x_wconf 78' lang='grc' dir='ltr'>ἐστι</span> <span class='ocrx_word' id='word_1_260' title='bbox 1224 3664 1324 3739; x_wconf 81' lang='grc' dir='ltr'>τθιτος</span> <span class='ocrx_word' id='word_1_261' title='bbox 1345 3686 1396 3739; x_wconf 84' lang='grc' dir='ltr'>τις</span> <span class='ocrx_word' id='word_1_262' title='bbox 1417 3669 1475 3749; x_wconf 81' lang='grc' dir='ltr'>τῆς</span> 
     </span>
     <span class='ocr_line' id='line_1_33' title="bbox 315 3766 1476 3858; baseline 0 -21"><span class='ocrx_word' id='word_1_263' title='bbox 315 3773 433 3858; x_wconf 80' lang='grc' dir='ltr'>φωνῆς,</span> <span class='ocrx_word' id='word_1_264' title='bbox 456 3769 597 3841; x_wconf 74' lang='grc' dir='ltr'>δεκτικὸς</span> <span class='ocrx_word' id='word_1_265' title='bbox 616 3768 833 3852; x_wconf 75' lang='grc' dir='ltr'>συστήματος,</span> <span class='ocrx_word' id='word_1_266' title='bbox 854 3766 1015 3852; x_wconf 78' lang='grc' dir='ltr'>ἅπλατὴς.</span> <span class='ocrx_word' id='word_1_267' title='bbox 1060 3770 1105 3837; x_wconf 82' lang='lat' dir='ltr'><strong>Et</strong></span> <span class='ocrx_word' id='word_1_268' title='bbox 1124 3769 1209 3853; x_wconf 86' lang='lat' dir='ltr'><strong>dein,</strong></span> <span class='ocrx_word' id='word_1_269' title='bbox 1232 3768 1420 3855; x_wconf 71' lang='grc' dir='ltr'>Μεταβυλι)</span> <span class='ocrx_word' id='word_1_270' title='bbox 1439 3768 1476 3837; x_wconf 80' lang='grc' dir='ltr'><strong>δὲ</strong></span> 
     </span>
     <span class='ocr_line' id='line_1_34' title="bbox 314 3868 1568 3965; baseline 0.002 -27"><span class='ocrx_word' id='word_1_271' title='bbox 314 3873 405 3939; x_wconf 78' lang='grc' dir='ltr'>ἐστιν</span> <span class='ocrx_word' id='word_1_272' title='bbox 430 3871 540 3955; x_wconf 76' lang='grc' dir='ltr'>ὁμοίαν</span> <span class='ocrx_word' id='word_1_273' title='bbox 564 3871 649 3944; x_wconf 84' lang='grc' dir='ltr'>τινὸς</span> <span class='ocrx_word' id='word_1_274' title='bbox 672 3869 717 3942; x_wconf 76' lang='grc' dir='ltr'><strong>εἷς</strong></span> <span class='ocrx_word' id='word_1_275' title='bbox 738 3868 890 3956; x_wconf 76' lang='grc' dir='ltr'>ἀνόμοιον</span> <span class='ocrx_word' id='word_1_276' title='bbox 914 3870 1016 3939; x_wconf 85' lang='grc' dir='ltr'>τόπον</span> <span class='ocrx_word' id='word_1_277' title='bbox 1039 3872 1220 3957; x_wconf 80' lang='grc' dir='ltr'>μετάθεσις.</span> <span class='ocrx_word' id='word_1_278' title='bbox 1264 3872 1351 3940; x_wconf 87' lang='lat' dir='ltr'><strong>Ecce</strong></span> <span class='ocrx_word' id='word_1_279' title='bbox 1374 3872 1477 3945; x_wconf 78' lang='grc' dir='ltr'>τόπος</span> <span class='ocrx_word' id='word_1_280' title='bbox 1567 3884 1568 3965; x_wconf 58' lang='grc' dir='ltr'>ᾗ</span> 
     </span>
     <span class='ocr_line' id='line_1_35' title="bbox 316 3972 1568 4063; baseline -0.001 -20"><span class='ocrx_word' id='word_1_281' title='bbox 316 4003 374 4059; x_wconf 88' lang='grc' dir='ltr'>τις,</span> <span class='ocrx_word' id='word_1_282' title='bbox 392 3974 504 4061; x_wconf 68' lang='grc' dir='ltr'>ὁμοίου</span> <span class='ocrx_word' id='word_1_283' title='bbox 520 3974 613 4046; x_wconf 81' lang='grc' dir='ltr'>τινός.</span> <span class='ocrx_word' id='word_1_284' title='bbox 656 3972 734 4041; x_wconf 89' lang='lat' dir='ltr'><strong>Non</strong></span> <span class='ocrx_word' id='word_1_285' title='bbox 747 3972 911 4041; x_wconf 86' lang='lat' dir='ltr'><strong>abhorruit</strong></span> <span class='ocrx_word' id='word_1_286' title='bbox 925 3974 954 4041; x_wconf 91' lang='lat' dir='ltr'><strong>is</strong></span> <span class='ocrx_word' id='word_1_287' title='bbox 968 3973 1090 4043; x_wconf 87' lang='lat' dir='ltr'><strong>scilicet</strong></span> <span class='ocrx_word' id='word_1_288' title='bbox 1102 3976 1144 4043; x_wconf 86' lang='lat' dir='ltr'><strong>ab</strong></span> <span class='ocrx_word' id='word_1_289' title='bbox 1157 3974 1315 4063; x_wconf 89' lang='lat' dir='ltr'><strong>ejusmodi</strong></span> <span class='ocrx_word' id='word_1_290' title='bbox 1329 3974 1475 4057; x_wconf 82' lang='lat' dir='ltr'><strong>vocibus,</strong></span> <span class='ocrx_word' id='word_1_291' title='bbox 1567 4030 1568 4033; x_wconf 15' lang='grc' dir='ltr'>η</span> 
     </span>
     <span class='ocr_line' id='line_1_36' title="bbox 318 4076 1476 4166; baseline 0.002 -23"><span class='ocrx_word' id='word_1_292' title='bbox 318 4102 420 4166; x_wconf 89' lang='lat' dir='ltr'><strong>neque</strong></span> <span class='ocrx_word' id='word_1_293' title='bbox 434 4088 519 4147; x_wconf 87' lang='lat' dir='ltr'><strong>certe</strong></span> <span class='ocrx_word' id='word_1_294' title='bbox 532 4082 605 4145; x_wconf 77' lang='lat' dir='ltr'><strong>met</strong></span> <span class='ocrx_word' id='word_1_295' title='bbox 618 4077 775 4146; x_wconf 71' lang='lat' dir='ltr'><strong>sententie</strong></span> <span class='ocrx_word' id='word_1_296' title='bbox 789 4076 956 4145; x_wconf 86' lang='lat' dir='ltr'><strong>abhorrere</strong></span> <span class='ocrx_word' id='word_1_297' title='bbox 970 4077 1091 4147; x_wconf 89' lang='lat' dir='ltr'><strong>debuit.</strong></span> <span class='ocrx_word' id='word_1_298' title='bbox 1135 4077 1221 4145; x_wconf 86' lang='lat' dir='ltr'><strong>Nam</strong></span> <span class='ocrx_word' id='word_1_299' title='bbox 1236 4078 1271 4143; x_wconf 91' lang='lat' dir='ltr'><strong>in</strong></span> <span class='ocrx_word' id='word_1_300' title='bbox 1288 4077 1376 4145; x_wconf 88' lang='lat' dir='ltr'><strong>omni</strong></span> <span class='ocrx_word' id='word_1_301' title='bbox 1394 4100 1476 4166; x_wconf 76' lang='lat' dir='ltr'><strong>prte-</strong></span> 
     </span>
    </p>
   </div>
   <div class='ocr_carea' id='block_1_5' title="bbox 425 4229 1363 4296">
    <p class='ocr_par' dir='ltr' id='par_1_6' title="bbox 425 4229 1363 4296">
     <span class='ocr_line' id='line_1_37' title="bbox 425 4229 1363 4296; baseline 0.002 -15"><span class='ocrx_word' id='word_1_302' title='bbox 425 4231 435 4264; x_wconf 87' lang='lat'>¹</span> <span class='ocrx_word' id='word_1_303' title='bbox 452 4231 514 4296; x_wconf 82' lang='lat' dir='ltr'><strong>Oap.</strong></span> <span class='ocrx_word' id='word_1_304' title='bbox 528 4243 586 4282; x_wconf 81' lang='lat'>111.</span> <span class='ocrx_word' id='word_1_305' title='bbox 716 4230 729 4263; x_wconf 80' lang='lat'><strong>¹</strong></span> <span class='ocrx_word' id='word_1_306' title='bbox 745 4230 808 4295; x_wconf 75' lang='lat' dir='ltr'><strong>Peg.</strong></span> <span class='ocrx_word' id='word_1_307' title='bbox 825 4229 862 4281; x_wconf 83' lang='lat'><strong>16.</strong></span> <span class='ocrx_word' id='word_1_308' title='bbox 994 4230 1005 4265; x_wconf 80' lang='lat'>³</span> <span class='ocrx_word' id='word_1_309' title='bbox 1022 4230 1079 4283; x_wconf 87' lang='lat' dir='ltr'><strong>Lib.</strong></span> <span class='ocrx_word' id='word_1_310' title='bbox 1091 4244 1110 4282; x_wconf 86' lang='lat'><strong>1.</strong></span> <span class='ocrx_word' id='word_1_311' title='bbox 1241 4233 1252 4264; x_wconf 80' lang='lat'><strong>⁴</strong></span> <span class='ocrx_word' id='word_1_312' title='bbox 1268 4232 1363 4283; x_wconf 82' lang='lat' dir='ltr'><strong>Theon.</strong></span> 
     </span>
    </p>
   </div>
   <div class='ocr_carea' id='block_1_6' title="bbox 750 4397 1059 4409">
    <p class='ocr_par' dir='ltr' id='par_1_7' title="bbox 750 4397 1059 4409">
     <span class='ocr_line' id='line_1_38' title="bbox 750 4397 1059 4409; baseline 0.019 -6"><span class='ocrx_word' id='word_1_313' title='bbox 750 4397 928 4407; x_wconf 75' lang='grc' dir='ltr'><strong>ι--.-...---</strong></span> <span class='ocrx_word' id='word_1_314' title='bbox 936 4401 1006 4408; x_wconf 55' lang='lat' dir='ltr'><strong>..n-</strong></span> <span class='ocrx_word' id='word_1_315' title='bbox 1011 4403 1059 4409; x_wconf 83' lang='lat'><strong>-—-</strong></span> 
     </span>
    </p>
   </div>
   <div class='ocr_carea' id='block_1_7' title="bbox 371 4505 817 4565">
    <p class='ocr_par' dir='ltr' id='par_1_8' title="bbox 371 4505 817 4565">
     <span class='ocr_line' id='line_1_39' title="bbox 371 4505 817 4565; baseline 0.011 -4"><span class='ocrx_word' id='word_1_316' title='bbox 371 4506 408 4561; x_wconf 78' lang='lat' dir='ltr'><strong>So</strong></span> <span class='ocrx_word' id='word_1_317' title='bbox 425 4526 461 4559; x_wconf 81' lang='lat' dir='ltr'><strong>ra</strong></span> <span class='ocrx_word' id='word_1_318' title='bbox 478 4505 501 4559; x_wconf 86' lang='lat' dir='ltr'><strong>is</strong></span> <span class='ocrx_word' id='word_1_319' title='bbox 518 4505 589 4561; x_wconf 87' lang='lat' dir='ltr'><strong>used</strong></span> <span class='ocrx_word' id='word_1_320' title='bbox 606 4506 634 4560; x_wconf 91' lang='lat' dir='ltr'><strong>in</strong></span> <span class='ocrx_word' id='word_1_321' title='bbox 651 4506 817 4565; x_wconf 78' lang='lat' dir='ltr'><strong>delinitione.</strong></span> 
     </span>
    </p>
   </div>
   <div class='ocr_carea' id='block_1_8' title="bbox 0 0 1626 5192">
    <p class='ocr_par' dir='ltr' id='par_1_9' title="bbox 0 0 1626 5192">
     <span class='ocr_line' id='line_1_40' title="bbox 0 0 1626 5192; baseline 0 0"><span class='ocrx_word' id='word_1_322' title='bbox 0 0 1626 5192; x_wconf 95' lang='lat' dir='ltr'><strong> </strong></span> 
     </span>
    </p>
   </div>
  </div>
 </body>
</html>
