3167 5192
355 380 420 452 226
685 392 872 450 anemonas
894 394 1167 447 munnnrnon
1318 378 1424 465 [ruer.
1438 396 1502 448 nv.

357 556 474 622 lineam
504 574 650 619 revocare
671 560 826 616 conantur
846 548 1037 631 Geometra,
1062 565 1234 635 earumque
1256 550 1452 636 quantitates
1468 573 1503 616 ex

357 658 476 745 aliqud,
492 678 588 744 quam
603 654 645 721 ad
659 654 742 720 hanc
756 653 911 733 obtinent,
926 653 1080 719 relatione
1094 652 1317 719 determinare.

422 760 464 827 In
478 758 551 824 aliis
566 757 694 845 quantis
709 755 820 822 eadem
835 756 1020 821 observatur
1034 755 1123 820 ratio.
1169 753 1257 819 Nam
1272 754 1353 841 qnia
1366 754 1438 821 ooeli
1451 752 1504 839 (rel

357 886 399 931 ex
420 861 591 951 hypothesi
609 861 680 949 jam
700 859 880 947 receptiore,
902 858 1037 940 telluris)
1057 856 1171 923 diuma
1192 857 1355 923 revolutio
1375 870 1503 923 motuum

356 967 498 1033 maxims
512 973 669 1038 constans,
685 963 861 1037 uniformis,
876 972 908 1027 et
922 961 1075 1027 notabilis
1088 972 1154 1041 cst3
1177 960 1250 1027 ideo
1269 961 1461 1047 reliquorum
1475 963 1502 1025 in

357 1080 511 1149 motuum,
527 1078 715 1155 temporum,
732 1076 764 1131 et
783 1065 988 1131 velocitatum
1006 1052 1186 1129 mensnram
1206 1064 1391 1131 adsumitur
1408 1088 1443 1129 ac
1457 1064 1502 1129 ad·

357 1172 493 1240 hibetur.
539 1169 584 1235 Et
605 1170 647 1235 ad
667 1168 736 1235 auri
761 1167 1016 1254 (gravissimique
1037 1166 1185 1255 corporis,
1211 1177 1411 1255 catenasque
1436 1189 1502 1255 pra·

358 1275 466 1341 sertim
482 1272 691 1353 determinati,
707 1270 759 1337 vel
774 1270 817 1336 ad
831 1270 894 1336 olei
907 1292 974 1357 prae
986 1270 1109 1335 caeteris
1121 1270 1293 1355 levissimi)
1308 1271 1502 1358 quantitatem

357 1377 492 1443 aliorum
520 1375 697 1464 ponderum
719 1374 913 1461 quantitates
938 1372 1126 1459 rediguntur
1147 1395 1168 1436 a
1189 1371 1326 1441 Statinae
1347 1374 1501 1461 magonia

356 1480 402 1547 Et
421 1480 456 1545 in
476 1479 538 1545 alio
554 1478 667 1568 quovis
689 1500 804 1565 genere
823 1476 944 1564 quanti,
963 1475 1198 1541 commoditatis
1219 1476 1339 1563 gratis,
1360 1479 1423 1543 tale
1437 1476 1501 1565 qnid

357 1584 541 1651 adsciscitur
565 1584 601 1649 in
625 1603 816 1661 mensuram,
840 1579 1045 1666 simplicitate
1070 1585 1129 1644 sut
1153 1579 1206 1647 vel
1228 1580 1412 1648 mobilitate
1433 1604 1500 1668 prs·

355 1686 464 1755 liuha.

421 1800 452 1855 4.
490 1788 555 1857 Sed
576 1788 617 1853 ad
635 1798 775 1854 nostram
793 1810 861 1853 rem
880 1787 1011 1875 propius
1032 1796 1156 1873 quarto,
1178 1809 1332 1854 mensura
1352 1788 1414 1855 dici
1433 1787 1498 1855 solet

356 1892 479 1979 aliquid
504 1902 541 1957 ut
565 1892 659 1957 nobis
685 1892 802 1971 notius,
829 1901 886 1956 aut
910 1891 1193 1979 quomodocunque
1216 1892 1498 1959 determinatiusin

356 1994 497 2061 medium
519 1994 685 2082 profertur,
708 1994 890 2069 assumitur,
912 1992 1082 2081 exponitur
1103 1993 1164 2059 htc
1185 1993 1374 2076 intentione,
1395 1993 1496 2060 utalia

356 2108 476 2185 quanta
496 2096 738 2163 considerationi
758 2097 901 2183 subjecta
919 2120 991 2163 cum
1009 2118 1057 2177 eo,
1072 2096 1125 2162 vel
1144 2120 1183 2162 oo
1201 2097 1366 2164 medianto
1381 2098 1456 2163 inter
1468 2116 1495 2159 se

356 2201 529 2268 secundum
544 2198 753 2288 quantitatem
769 2210 989 2288 comparentur
997 2224 1006 2279 ;
1029 2199 1150 2265 scilicet
1163 2210 1201 2265 ut
1215 2201 1422 2289 investigetur
1430 2220 1494 2286 quo-

355 2304 416 2371 ties
435 2304 495 2371 hoc
513 2304 570 2369 illa
587 2303 737 2382 continet,
759 2302 812 2369 vel
834 2302 870 2367 in
890 2302 956 2367 illis
978 2302 1165 2384 continetur,
1183 2314 1241 2369 ant
1261 2316 1419 2392 utcunque
1436 2322 1494 2389 pro

353 2408 530 2497 portionem
553 2406 611 2472 illa
632 2406 807 2472 sortiuntur
827 2404 870 2470 ad
891 2405 962 2487 hoc,
986 2414 1020 2471 et
1042 2428 1085 2471 ex
1107 2410 1336 2495 consequentit
1357 2404 1490 2495 quomodo

354 2510 529 2577 referantur
543 2508 770 2589 adremarus,
787 2507 886 2573 scita
907 2507 1100 2595 quantitates
1122 2508 1264 2597 ipsorum
1287 2510 1376 2600 prins
1394 2511 1490 2595 ignota

355 2624 388 2681 et
402 2613 653 2681 indeterminata
668 2610 896 2698 dignoscantur
909 2632 947 2677 ac
961 2611 1209 2679 detenninentur
1222 2613 1427 2703 aliquatenus.
1450 2609 1490 2674 Ita

353 2738 420 2805 pes,
436 2716 570 2804 palmus,
587 2714 673 2795 ulna,
694 2714 832 2795 cubitus,
852 2701 984 2800 orgjia3
1007 2715 1153 2801 cyathus,
1169 2719 1356 2797 sextarium,
1370 2713 1488 2787 modiut

354 2817 548 2904 reliquaeque
574 2838 707 2903 quarum
733 2815 819 2905 apud
842 2815 961 2901 uulgus
986 2816 1117 2881 nomina
1140 2828 1259 2883 certam
1282 2815 1486 2905 longitudinm

354 2928 411 2983 aut
433 2918 637 3004 capacitatem
660 2918 799 2984 innuunt
819 2916 1056 3003 magnitudines
1077 2928 1153 2983 sunt
1167 2918 1238 2985 ideo
1251 2942 1413 2997 mensura,
1425 2935 1485 3002 quo

353 3020 441 3085 niam
455 3029 531 3085 nota
545 3021 761 3102 communiter,
777 3030 811 3087 et
831 3043 874 3086 ex
895 3032 987 3108 puoto
1008 3020 1140 3087 definita
1161 3026 1351 3113 supponitur
1370 3023 1484 3111 ipsorum

354 3122 534 3209 quantitas3
565 3121 650 3189 unde
672 3144 728 3212 per
749 3124 1016 3211 comparationem
1038 3146 1111 3191 cnm
1133 3124 1204 3191 istis
1228 3130 1285 3212 (ex
1306 3119 1482 3213 congruenti!

235 3230 237 3234 '
353 3221 407 3289 vel
428 3222 542 3289 idoneo
561 3222 716 3308 discursu)
738 3223 777 3290 de
796 3225 927 3291 adieram
946 3226 1127 3313 ignotarum
1146 3238 1180 3295 et
1197 3228 1481 3298 indeterminatum

353 3326 612 3414 magnitudinum
633 3327 765 3395 definite
784 3330 963 3415 quantitate
980 3330 1149 3417 judicetur.
1196 3330 1252 3399 Sic
1273 3346 1307 3401 et
1327 3354 1393 3399 cnm
1411 3326 1480 3391 ciffi*

352 3432 464 3499 darum
486 3432 595 3498 cuculi
617 3433 804 3523 peripheriis
826 3433 1047 3500 aubtensarum
1069 3436 1232 3522 quantitas
1252 3436 1421 3526 requiritur,
1438 3437 1480 3493 aot
1520 3521 1521 3526 γ

351 3534 545 3621 regularium
560 3535 782 3623 inscriptorum
798 3534 914 3601 circulo
932 3534 1106 3622 figurarum
1127 3537 1226 3605 latera
1246 3551 1365 3627 quanta
1375 3536 1431 3601 sint
1441 3531 1478 3595 in·
1519 3579 1520 3620 p

352 3638 545 3705 veniendum
563 3638 757 3727 proponitur,
773 3638 893 3704 assumi
914 3637 996 3705 solet
1016 3640 1051 3704 in
1072 3662 1251 3708 mensuram
1266 3641 1372 3710 circuli
1384 3634 1476 3705 radius·
1518 3667 1519 3714 t

352 3751 390 3808 ut
403 3740 559 3807 linearum
574 3742 715 3807 omnium
730 3741 765 3807 in
776 3740 893 3807 cuculo
903 3741 1079 3824 notissima,
1091 3745 1281 3833 ponitusque
1290 3740 1474 3814 deamata
1517 3767 1518 3808 t

352 3844 448 3931 inque
464 3854 569 3930 partes
583 3843 704 3931 aliquot
719 3842 867 3929 aquales,
883 3852 931 3909 tot
948 3854 1027 3931 quot
1043 3868 1086 3911 en
1104 3868 1167 3913 usu
1185 3848 1291 3915 visum
1305 3845 1401 3924 fuant
1412 3834 1475 3905 diti·

778 3992 895 3999 ...-

404 4048 441 4103 So
459 4049 508 4105 the
525 4051 630 4107 motion
649 4051 681 4105 of
699 4052 748 4108 the
767 4051 873 4108 heaven
891 4052 938 4124 (or
957 4053 989 4108 of
1004 4054 1053 4110 the
1071 4056 1152 4111 earth
1170 4058 1316 4128 according
1332 4060 1360 4111 to
1375 4050 1417 4107 the
1429 4054 1475 4097 Μ
1513 4003 1515 4090 i

352 4147 429 4189 more
446 4135 573 4190 received
590 4136 762 4211 hypothesis)
781 4138 807 4193 is
824 4137 872 4193 tha
889 4154 1015 4195 mensum
1031 4140 1063 4195 of
1076 4141 1151 4197 tima

366 4300 386 4356 ss
398 4218 439 4356 plo
455 4218 632 4371 fflfm
647 4218 790 4278 orbona
808 4205 1474 4297 marmannorgouuenaoswt

349 4315 367 4355 0
431 4318 447 4357 θ
574 4346 580 4358 .

402 4388 436 4455 (4)
471 4387 1165 4454 'l'hatisamemurewhiohiausedasauuit

402 4471 476 4527 'l'hus
488 4488 505 4527 a
516 4474 581 4543 root,
592 4474 703 4545 spelm,
715 4493 733 4531 a
744 4477 830 4546 cubit,
841 4495 860 4533 a
868 4478 983 4549 sathon,
993 4496 1011 4536 a
1021 4480 1091 4550 pint,
1102 4499 1121 4537 a
1132 4481 1237 4539 busheh
