3167 5192
151 368 245 418 1111.
261 350 316 438 11]
458 367 649 418 anemonas
670 367 911 418 oaonsuarca.
1148 347 1209 414 181

150 533 239 600 ficies
254 533 361 600 stricte
375 531 469 615 dicta,
490 541 673 622 rectumque
692 532 822 622 quidem
841 532 884 600 ad
903 535 1018 600 conum
1039 531 1210 620 pertinens.

110 679 120 692 ·
135 695 138 700 .
152 632 247 712 Quod
261 633 289 699 si
304 632 455 700 directrix
467 634 501 699 B
506 634 534 700 0
544 644 740 723 supponatur
754 657 782 700 e.
795 657 827 720 g.
847 633 1027 722 peripheria
1040 632 1211 715 1111111111,

153 737 313 824 lateraque
342 737 472 804 sibimet
499 736 678 826 inaequalia,
711 738 740 804 si
770 737 933 804 dividatur
957 736 1023 804 ΒΟ
1045 735 1080 802 in
1105 745 1211 824 partes

152 839 299 926 aequales,
315 850 347 905 et
361 851 587 907 connectantur
607 841 707 908 latera
729 841 797 920 VD,
822 841 880 905 VE
896 863 960 906 non
979 848 1072 906 erunt
1093 837 1212 926 Super·

152 943 240 1010 ficies
253 944 359 1024 BVD,
374 945 480 1024 DVE,
498 944 596 1010 EVC'
611 942 750 1030 aequales
769 943 852 1010 inter
871 965 914 1022 se,
936 941 992 1008 sed
1012 939 1212 1008 inscrutabili

153 1045 340 1133 plerumque
360 1046 491 1126 ratione,
510 1047 607 1134 juxta
620 1046 725 1112 varias
745 1044 935 1132 angulorum
954 1044 1157 1126 inclusorum,
1180 1051 1213 1110 et
1238 1070 1241 1076 ¹

153 1151 287 1217 laterum
302 1151 507 1238 inaequalium
522 1151 727 1232 differentias,
743 1150 935 1238 inaequales3
956 1149 991 1215 id
1008 1149 1094 1236 quod
1109 1150 1213 1217 hacte-

155 1277 218 1320 nus
241 1253 315 1320 illos
339 1253 506 1320 divexavit
528 1263 560 1318 et
581 1253 685 1335 torsit,
706 1255 765 1341 qai
783 1253 978 1320 dianetieadoe
1002 1254 1075 1320 corsi
1095 1253 1216 1322 1111111

151 1358 329 1446 superficiei
351 1357 565 1422 increbuerunt.

219 1467 275 1534 Ex
293 1467 346 1533 his
368 1475 566 1534 consectatur
579 1466 665 1554 qnod
687 1465 789 1553 possit
812 1465 997 1554 hujusmodi
1017 1463 1213 1532 circumlatio

152 1571 237 1636 facta
264 1569 485 1656 quadantenus
513 1567 637 1656 concipi
665 1578 756 1634 motu
774 1590 900 1654 quoque
923 1568 982 1632 tali
1006 1568 1100 1634 lineae
1121 1577 1214 1634 recte

153 1673 332 1759 genetricis,
357 1673 403 1737 ita
426 1682 465 1738 ut
490 1673 559 1760 ejus
580 1670 708 1757 singula
732 1693 867 1757 quaeque
893 1679 1011 1758 puncta
1036 1669 1214 1758 parallelos

153 1775 220 1840 lata
239 1774 359 1840 similes
373 1774 529 1840 directrici
550 1774 644 1840 lineae
663 1774 764 1840 lineas
779 1773 969 1854 describant,
989 1772 1084 1838 modo
1107 1781 1215 1838 tamen

155 1879 350 1967 concipiatur
369 1879 455 1944 linea
473 1878 619 1965 genetrix
638 1877 758 1964 ubique
774 1876 1051 1966 proportionaliter
1065 1885 1121 1942 aut
1140 1898 1215 1941 con·

154 1983 248 2064 trahi,
267 1982 319 2050 vel
339 1982 466 2048 dilatari
485 1980 660 2046 secundum
682 2003 792 2047 omnes
815 1981 865 2046 sui
886 1991 1001 2068 partes.
1047 1977 1214 2060 Quomodo

155 2109 269 2174 nempe
283 2085 311 2151 si
330 2095 415 2151 recta
436 2085 493 2150 VB
505 2085 552 2149 ita
564 2085 683 2150 sensim
698 2082 809 2149 diduci
829 2083 1034 2171 concipiatur,
1057 2092 1095 2151 ut
1115 2105 1216 2171 punc-

155 2198 225 2255 tum
242 2191 276 2254 B
294 2197 395 2253 totam
416 2187 534 2252 lineam
558 2185 624 2253 Bo
642 2186 850 2272 perambulet,
878 2186 973 2252 etiam
998 2195 1153 2274 punctum
1185 2187 1216 2253 G

155 2291 307 2381 parallelo
320 2291 363 2356 ad
375 2290 441 2356 BG
452 2299 541 2356 motu
555 2288 670 2369 delata,
686 2288 804 2354 lincam
825 2289 896 2354 GH
904 2288 966 2375 ipsi
990 2288 1056 2354 BC
1078 2289 1215 2356 similem

156 2392 322 2460 describet.
367 2391 520 2470 Quinimo
542 2391 571 2457 si
593 2391 750 2456 consimili
771 2399 864 2476 pacto
886 2413 984 2456 curva
1005 2388 1076 2470 ΒΟ,
1098 2389 1216 2457 directo

155 2495 261 2583 quoad
280 2494 398 2561 lineam
416 2503 535 2560 rectam
548 2494 618 2558 BV
631 2505 719 2559 motu
734 2493 861 2580 situque
875 2515 999 2580 semper
1017 2491 1059 2557 ad
1079 2493 1216 2580 seipsam

155 2596 307 2685 parallelo
326 2595 521 2683 concipiatur
541 2596 729 2683 promoveri,
750 2595 797 2660 sic
821 2604 857 2660 ut
881 2595 950 2681 ejus
978 2593 1107 2682 singula
1129 2617 1216 2683 quae·

155 2720 219 2784 que
233 2707 352 2785 puncta
370 2697 472 2762 lineas
484 2708 586 2763 rectas
603 2697 792 2778 describant,
809 2719 917 2764 secum
931 2719 1040 2763 omnes
1061 2698 1094 2763 in
1117 2719 1216 2785 punc-

61 2888 63 2891 ,
155 2812 225 2867 tum
248 2803 526 2880 Vconcurreutes3
547 2800 607 2866 hoc
632 2809 681 2864 est
704 2800 750 2865 ita
771 2810 810 2865 nt
825 2800 897 2888 ipsa
916 2823 973 2888 per
996 2810 1098 2867 totum
1122 2823 1215 2866 suum

155 2925 357 2991 progressum
382 2903 479 2990 juxta
507 2924 581 2968 suas
617 2923 728 2968 omnes
760 2912 867 2990 partes
900 2900 1064 2990 analogice
1092 2913 1217 2969 contra·

155 3007 259 3087 hatur,
284 3007 325 3072 ad
350 3006 500 3073 verticem
525 3027 627 3092 usqne
649 3006 690 3087 V3
721 3004 934 3094 producentur
962 3027 1004 3070 ex
1033 3005 1217 3092 hujusmodi

155 3110 296 3175 motibus
319 3107 508 3195 Superficies
522 3107 639 3173 conicae
657 3129 785 3195 prorsus
804 3107 922 3172 caedem
943 3129 1015 3172 cum
1037 3109 1106 3195 jam
1120 3129 1218 3195 prox·

157 3213 220 3278 ime
243 3211 393 3276 tractatis.
449 3208 569 3276 Verum
592 3209 776 3297 hujusmodi
798 3220 903 3276 motus
925 3209 1106 3296 imaginarii
1132 3218 1217 3290 sunt,

156 3325 189 3380 et
203 3313 312 3400 quales
326 3335 431 3379 rerum
445 3324 559 3378 natura
572 3312 702 3399 respuit
747 3312 958 3400 Explicandae
977 3321 1086 3378 11111111
1105 3313 1219 3400 hujus·

155 3417 244 3482 modi
271 3415 515 3502 superficierum
536 3424 658 3480 naturae
679 3413 837 3480 deservire
859 3423 1002 3502 possunt,
1025 3423 1058 3480 et
1080 3413 1218 3502 supponi

157 3520 270 3585 saltem
291 3529 329 3585 ut
349 3541 406 3606 per
426 3518 571 3583 divinem
589 3518 760 3604 potentiam
780 3516 967 3602 effectibiles.
1235 3509 1239 3518 ’

222 3620 278 3686 Ad
300 3621 378 3700 hac,
401 3619 429 3684 si
445 3619 529 3686 lineo
543 3619 699 3684 directa-rie
719 3618 753 3682 in
773 3627 863 3682 motu
882 3616 1027 3705 proxime
1048 3624 1219 3682 memorato

158 3735 355 3813 supponatur
369 3722 511 3809 undique
525 3721 641 3801 clausa,
658 3720 705 3786 sic
714 3732 752 3787 ut
766 3720 902 3807 figuram
916 3720 1063 3807 quamvis
1078 3741 1220 3808 compre·

157 3828 287 3908 hendat,
313 3826 503 3914 Superficies
527 3846 626 3890 curva
650 3823 817 3912 progenita
839 3845 912 3889 cum
938 3822 998 3888 hac
1021 3821 1134 3908 figura,
1161 3842 1220 3888 ceu

158 3932 245 4011 base,
271 3952 385 4017 corpus
419 3927 557 3994 solidum
583 3926 725 3992 includet
750 3925 959 4015 pyramidale,
985 3923 1038 3992 vel
1064 3925 1218 4006 conicum,

161 4035 281 4120 (stricte
296 4032 349 4100 vel
370 4031 445 4098 laxe
465 4053 522 4117 pro
547 4029 639 4095 dictae
660 4029 771 4116 figura
793 4033 907 4094 natura
926 4028 1110 4114 sumptum,)
1129 4027 1219 4114 cujus

158 4136 321 4225 generalia
345 4143 561 4223 symptomata
583 4132 661 4198 satis
685 4157 703 4198 1
728 4132 822 4198 dictis
850 4130 1041 4198 elucescunt.
1094 4127 1220 4218 Nempe

158 4238 245 4326 quod
260 4263 281 4305 a
292 4238 453 4326 parallelis
462 4237 504 4302 ad
518 4236 650 4322 hujusce
665 4234 760 4300 solidi
775 4233 982 4321 basinplsnis
996 4231 1221 4300 abscindentur

158 4342 282 4409 similes
305 4342 347 4407 ad
367 4341 516 4409 verticem
543 4339 744 4426 superficies,
765 4336 948 4424 similesque
973 4338 1067 4404 bases
1092 4335 1221 4403 interci·

159 4445 297 4532 pientur,
328 4454 361 4511 et
388 4443 507 4510 similia
535 4465 665 4532 corpora
690 4441 793 4509 solida
821 4439 1059 4530 progigncntur.
1114 4439 1220 4518 Verbo
