3167 5192
393 337 457 406 178
698 355 884 407 anmoins
906 353 1147 406 ononnnurcn.
1285 333 1394 422 [nncr.
1410 349 1451 400 ιι.

392 524 444 587 est
452 515 657 602 circumlatio,
669 541 743 587 cum
756 519 886 608 singula
899 518 1029 588 mobilis
1043 526 1163 608 puncta
1176 516 1343 586 ciroulmoe
1356 516 1454 585 unius

394 624 536 714 ejusdcm
550 623 661 693 circuli
674 623 870 714 peripherias
884 623 1078 708 describunt,
1093 622 1154 690 hoc
1173 631 1223 688 est
1242 643 1315 688 cum
1333 621 1370 688 in
1387 642 1454 688 unc

394 738 509 795 cuncta
522 728 619 816 plano
631 727 910 808 circumferentem
933 726 1060 815 qualem
1075 737 1157 794 certe
1171 736 1241 794 tum
1255 725 1327 814 ipsa
1339 735 1454 792 natura

394 840 509 920 sponte
522 830 660 918 concipit
674 840 770 917 atque
783 831 996 918 prosequitur,
1017 853 1090 897 cum
1104 853 1145 897 ne
1158 837 1260 896 rectos
1277 850 1352 896 suos
1373 849 1454 916 quos

394 933 571 1022 praesertim
585 933 712 1000 afferat
730 943 838 1000 motus
852 942 1029 1021 exequatur
1046 933 1089 1001 ab
1106 931 1265 998 immobili
1279 929 1454 998 retinaculo

395 1035 602 1124 prohibetur3
635 1035 785 1102 velutin
813 1036 1035 1126 pendulornm,
1059 1043 1093 1104 ot
1120 1035 1213 1102 libris
1242 1055 1453 1125 appensorum

395 1139 537 1206 motibus
550 1137 659 1206 videre
672 1147 741 1220 est,
762 1138 829 1205 imo
843 1161 916 1206 cum
930 1139 1055 1228 objecta
1069 1139 1182 1227 quavis
1196 1137 1377 1206 resistentia
1388 1159 1455 1204 non

395 1241 475 1310 satis
497 1241 590 1308 facilc
608 1252 694 1309 recto
712 1242 833 1309 tramiti
856 1242 943 1310 valet
961 1243 1134 1324 inhaerere3
1158 1241 1240 1308 sicut
1259 1242 1455 1308 iuratorum

395 1359 426 1414 et
444 1347 606 1428 corticum,
629 1359 660 1413 et
680 1348 850 1429 turbinum,
872 1361 902 1414 et
923 1349 959 1415 in
979 1349 1119 1436 pomum
1134 1347 1274 1436 pbrtoare
1297 1347 1453 1434 syderum,

395 1451 529 1517 metabor
554 1450 696 1540 adparet.
739 1449 862 1518 Verum
890 1449 1075 1540 hujusmodi
1104 1459 1249 1516 motuum
1274 1447 1454 1537 generalem

396 1554 538 1622 indolem
552 1553 639 1622 baud
652 1555 699 1621 ita
711 1564 895 1643 promptum
915 1564 963 1620 est
977 1554 1086 1621 verbis
1105 1553 1274 1642 explicere.
1318 1552 1455 1620 Praestat

397 1657 485 1748 ipsas
499 1680 579 1748 quaa
593 1659 753 1747 accipiunt
767 1658 944 1748 praecipuas
956 1656 1151 1746 hypotheses
1165 1677 1357 1745 percensere.

462 1761 644 1830 Assumunt
657 1762 760 1849 primo
773 1770 892 1828 rectem
907 1759 1025 1827 lineam
1045 1760 1079 1825 in
1093 1758 1190 1848 plano
1205 1759 1287 1825 circa
1300 1767 1454 1846 punctum

397 1864 535 1953 quodvis
552 1865 588 1930 in
606 1865 677 1954 ipso
694 1863 797 1930 fixum
818 1885 911 1952 posse
933 1861 1144 1944 circumferri3
1167 1863 1345 1951 cujusmodi
1365 1871 1456 1928 motu

397 1979 487 2058 patet
505 1968 612 2035 omnia
628 1967 721 2034 linea
740 1976 836 2033 motae
858 1977 978 2055 puncta
999 1967 1166 2034 circulares
1184 1965 1378 2056 peripherias
1400 1965 1456 2032 dc·

398 2071 553 2151 scribere3
583 2069 727 2158 singulas
754 2070 797 2136 ab
820 2091 886 2136 uno
915 2070 1028 2158 quovis
1053 2067 1227 2159 descriptas
1252 2069 1388 2157 singulis
1413 2067 1455 2136 ab

398 2175 498 2242 altero
515 2173 659 2263 quolibet
677 2174 774 2241 simul
792 2173 904 2242 eodem
926 2183 1066 2262 tempore
1088 2173 1253 2263 descriptis
1274 2173 1454 2263 parallelas,

399 2289 432 2345 et
449 2277 581 2345 similes.
625 2277 676 2345 Ut
695 2275 723 2343 si
741 2276 828 2343 linea
845 2287 931 2344 recta
944 2278 1011 2343 AB
1029 2287 1176 2344 manente
1197 2277 1264 2343 lixo
1285 2287 1403 2365 puncto
1430 2277 1459 2345 0

286 2429 292 2442 .
321 2425 329 2444 .
399 2381 645 2462 circumferatur,
672 2379 801 2467 singula
821 2391 940 2468 puncta
959 2379 1002 2461 A,
1025 2381 1066 2461 Ε,
1087 2381 1121 2445 Β
1138 2380 1333 2468 peripheriaa
1354 2379 1456 2448 circu-

399 2484 481 2552 lares
495 2485 572 2566 AA,
588 2485 660 2566 Em,
675 2484 739 2550 BB
750 2483 814 2550 sibi
828 2483 1006 2572 parallelas,
1022 2491 1055 2549 et
1069 2482 1189 2549 similes
1204 2505 1312 2550 omnes
1330 2483 1455 2570 (iisdem

397 2589 560 2671 nimirum,
586 2597 642 2654 ent
664 2586 841 2676 aequalibus
867 2585 994 2673 angulis
1016 2586 1193 2665 subtensas,
1215 2607 1349 2672 qnorum
1371 2607 1456 2652 com·

398 2713 496 2757 mune
509 2700 661 2771 centrum,
673 2699 729 2756 aut
743 2699 856 2756 vertex
874 2688 915 2774 0)
932 2687 1120 2754 describent.
1154 2685 1227 2754 Hoc
1242 2697 1347 2754 autem
1362 2687 1455 2754 modo

398 2802 523 2859 constat
556 2793 712 2880 procreari
740 2789 884 2873 circulos,
920 2801 954 2858 ot
982 2801 1138 2858 sectorum
1171 2791 1337 2858 circulares
1368 2813 1456 2858 areas

399 2895 525 2980 (quales
539 2895 649 2975 AOA,
664 2895 779 2979 Bon)
797 2894 853 2962 sed
874 2901 906 2961 et
925 2893 1061 2960 annulos
1080 2894 1212 2981 planos3
1235 2894 1340 2981 qualis
1359 2893 1455 2961 estis

399 2997 456 3085 qui
480 3007 588 3078 restat,
611 2997 640 3063 si
665 3021 683 3064 e
708 2996 824 3062 circulo
850 2997 969 3082 majore
992 2995 1124 3062 AABB
1146 2995 1330 3062 detrahatur
1352 2997 1456 3063 minor

400 3098 536 3166 cuculus
556 3098 771 3167 conoenuicus
784 3099 916 3166 ΕΕΕΕ.
962 3099 993 3164 E
1014 3103 1079 3188 qus
1097 3099 1205 3187 genesi
1220 3099 1383 3186 colligitur
1396 3099 1458 3166 cir·

400 3203 552 3284 culorum,
572 3213 605 3270 et
618 3212 773 3270 sectorum
788 3202 989 3269 circularium
1004 3225 1102 3284 arcae,
1122 3225 1140 3269 e
1155 3204 1360 3270 circularibus
1374 3203 1458 3292 peri·

398 3305 527 3394 pheriis,
543 3305 676 3393 integris
701 3314 757 3371 aut
777 3306 977 3395 partialibus,
1001 3307 1206 3374 concentricis
1228 3329 1265 3372 ac
1287 3307 1456 3390 similibus,

369 3493 374 3499 ¹
399 3417 553 3488 constare,
576 3417 625 3474 tot
649 3430 780 3475 numero
803 3417 882 3497 quot
906 3407 1015 3475 radius
1040 3418 1160 3495 puncta
1182 3409 1295 3490 habet;
1322 3430 1457 3496 quarum

399 3510 533 3600 proinde
557 3509 715 3577 calculum
740 3512 879 3578 ineundo
900 3511 1062 3578 circularis
1083 3535 1164 3578 arcos
1185 3512 1260 3578 talis
1282 3512 1386 3600 qualis
1408 3512 1458 3579 ‹li-

399 3615 523 3680 mensio
547 3633 644 3701 qnam
668 3613 821 3680 facillimo
845 3615 1016 3704 reperitm3
1043 3614 1076 3681 id
1098 3615 1184 3703 quod
1204 3637 1268 3682 non
1290 3626 1339 3682 est
1359 3615 1457 3706 hujus

400 3716 552 3803 temporis
568 3715 702 3782 ulterius
722 3737 890 3806 exponere.

466 3815 650 3897 Quinetiam
673 3827 857 3906 supponunt
876 3817 993 3884 lineam
1017 3817 1165 3906 quamvis
1189 3827 1318 3900 rectam,
1344 3817 1457 3886 indefi-

401 3919 470 3988 nite
499 3931 689 4009 protinam,
722 3943 787 3987 uno
818 3929 967 3988 manente
998 3921 1066 3988 fixo
1097 3921 1199 4009 ipsius
1227 3932 1345 4009 puncto
1373 3923 1457 3989 circs

400 4023 598 4108 designatam
627 4023 775 4110 quamvis
804 4021 839 4087 in
867 4022 932 4089 alio
964 4021 1060 4111 plano
1088 4022 1293 4089 constiurtam
1326 4021 1455 4104 lineam,

400 4148 532 4192 curvam
549 4134 606 4191 aut
624 4147 643 4190 e
662 4124 755 4190 rectis
773 4124 990 4213 compositam,
1014 4125 1146 4206 revolvi,
1166 4124 1213 4191 sic
1233 4134 1271 4191 ut
1291 4125 1322 4190 ei
1343 4145 1457 4213 nempe

401 4225 495 4293 linem
509 4249 633 4315 semper
646 4225 783 4308 insistat,
803 4226 856 4294 vel
875 4249 946 4294 eam
969 4224 1060 4315 qnasi
1080 4225 1212 4308 lambat,
1230 4236 1286 4300 aut
1305 4225 1458 4314 perstrin-

264 4350 296 4399 ·.
326 4383 333 4399 .
402 4338 470 4416 gat.
513 4327 576 4410 sit,
600 4327 741 4417 exempli
767 4333 872 4412 causa,
892 4328 978 4396 linea
1001 4338 1087 4396 recta
1108 4327 1176 4394 AB
1197 4327 1362 4396 indefinite
1384 4349 1458 4416 pro·

401 4442 503 4514 tensa,
517 4440 550 4498 ot
571 4429 607 4498 in
628 4433 667 4498 ol
682 4430 785 4499 lixum
803 4441 957 4522 punctum
978 4431 1021 4514 V;
1043 4441 1076 4530 et
1089 4452 1147 4521 por
1166 4431 1329 4522 Vsemper
1341 4431 1459 4500 leretur
