3167 5192
344 358 409 432 164?
643 379 829 432 nscmouns
850 373 1100 432 cucumerem·
1253 359 1361 444 [incr.
1377 377 1410 425 ι..
1436 369 1439 374 ·

343 553 458 622 formes
471 553 547 620 fore.
583 549 640 617 Ex
654 573 717 640 quo
732 550 876 617 discursu
891 549 1011 637 liquere
1025 547 1160 628 videtur,
1175 545 1211 611 id
1221 543 1307 633 quod
1321 539 1402 612 forte

344 679 409 724 non
429 655 549 722 nemini
570 655 687 720 mirum
709 654 864 734 videatur,
881 651 1020 719 caelestia
1041 673 1170 738 corpora
1186 671 1251 714 non
1266 669 1344 729 esse,
1360 669 1402 714 ex

346 769 435 847 parte
448 759 504 839 rei,
519 757 706 846 proprieque
724 755 893 844 loquendo,
909 755 1075 844 primarias
1090 763 1124 820 et
1137 750 1307 839 originales
1321 761 1402 818 tem-

345 861 431 951 porie
448 883 628 941 mensuras3
651 869 702 926 ast
722 859 796 925 illos
817 859 924 948 potius
943 868 1057 938 motus,
1073 857 1129 946 qui
1146 879 1244 946 prope
1257 878 1315 922 nos
1330 878 1403 922 sen-

346 966 435 1033 sibus
450 965 665 1044 observantur,
688 971 720 1028 et
739 961 966 1050 experimentis
988 962 1153 1049 subjacent
1173 960 1308 1040 nostris;
1328 981 1402 1026 cum

345 1068 459 1134 horum
483 1090 541 1155 ope
565 1067 737 1133 caelestium
758 1074 903 1132 motuum
926 1063 1161 1151 regularitatem
1182 1062 1402 1150 dijudicemus.

346 1169 398 1238 Ne
423 1169 551 1258 quidem
580 1170 648 1258 ipse
673 1168 731 1237 Sol
759 1169 909 1257 temporis
934 1168 1066 1234 idoneus
1091 1166 1204 1254 judex,
1228 1173 1284 1232 aut
1312 1165 1404 1232 testis

347 1271 545 1343 αὐτόπιστος
569 1284 627 1354 eet,
651 1273 715 1338 nisi
737 1281 892 1360 quatenus
915 1270 1049 1336 horariae
1071 1269 1226 1335 machinae
1252 1269 1403 1356 suffragio

347 1378 552 1442 veracitatem
568 1398 658 1442 suam
673 1385 820 1442 testatam
832 1374 917 1440 facit.
970 1373 1040 1440 Nec
1050 1395 1135 1454 sane,
1146 1372 1231 1460 quod
1242 1372 1344 1438 obiter
1354 1372 1414 1436 in-'

347 1492 489 1569 terpono,
504 1487 608 1567 potest
629 1479 696 1545 ullo
715 1487 807 1568 pacto
822 1477 896 1544 sciri
918 1499 994 1543 num
1014 1476 1136 1566 periodi
1160 1477 1311 1565 syderum
1330 1485 1403 1542 ante

347 1585 450 1652 multa
465 1584 571 1651 secula
584 1594 770 1649 nanscmeae
784 1582 884 1649 nostri
900 1581 997 1649 seculi
1009 1581 1260 1649 revolutionibus
1275 1582 1403 1647 omnino

349 1709 440 1775 pares
454 1685 588 1766 fuerint3
611 1707 704 1750 nemo
720 1683 840 1750 scilicet
854 1694 974 1750 asserat
988 1691 1072 1748 certo
1087 1682 1292 1748 Metlosedum
1312 1681 1404 1748 illum

349 1789 405 1877 qui
419 1799 543 1854 tantum
557 1810 622 1854 non
635 1786 725 1853 mille
739 1786 816 1852 vitas
829 1785 985 1872 transegit
999 1808 1109 1868 annos,
1125 1809 1162 1852 eo
1180 1785 1278 1852 fuisse
1297 1790 1405 1852 revera

348 1889 618 1980 μακροβιώτερον,
645 1889 701 1977 qui
726 1891 795 1976 jam
824 1901 897 1956 ante
928 1900 1055 1956 centurn
1085 1911 1185 1956 annos
1214 1889 1280 1956 fato
1312 1889 1404 1955 cedit.

350 1992 436 2072 Quid
448 1993 543 2074 enim,
560 1992 588 2058 si
604 1991 661 2059 Sol
675 2001 744 2057 tum
756 1992 985 2080 jumentoque
999 1993 1150 2079 vegetior,
1166 1993 1299 2081 decuplo
1314 1992 1407 2058 citius

197 2140 204 2156 .
350 2093 494 2183 periodos
515 2115 589 2159 suas
608 2093 794 2161 evolverat?
836 2092 931 2174 Quod
945 2095 973 2159 si
988 2104 1058 2161 tum
1072 2117 1126 2162 aer
1146 2095 1264 2183 purior,
1280 2105 1313 2161 et
1331 2094 1406 2160 inda

350 2213 515 2283 corporum
540 2194 681 2282 gravitas
706 2194 842 2261 validior
867 2197 1020 2278 effecerat,
1047 2205 1083 2262 ut
1109 2196 1162 2263 vel
1190 2197 1260 2284 ipsa
1286 2219 1407 2282 organa

349 2295 534 2362 mechanica
553 2295 711 2362 citatiores
733 2296 911 2384 acciperent
932 2308 1047 2380 motus,
1064 2296 1202 2385 adeoque
1216 2320 1289 2363 cum
1304 2297 1405 2363 nostri
1429 2325 1433 2332 ·

349 2400 500 2488 temporis
528 2399 747 2465 instrumentis
776 2410 958 2486 comparata
987 2401 1083 2467 fidem
1116 2421 1205 2467 suum
1234 2399 1406 2466 fallerent?

350 2501 549 2590 Ernpcdoclca
568 2499 707 2589 quidem,
726 2500 812 2591 apud
829 2503 1044 2584 Pltatarclrurn,
1068 2502 1267 2570 existimasse
1290 2502 1407 2568 dicitur

352 2603 460 2672 Solem
480 2603 573 2670 initio
598 2602 666 2671 dies
687 2604 784 2691 longe
806 2605 994 2693 prolixiores
1016 2607 1167 2673 effecisse.
1213 2605 1279 2674 Sed
1299 2605 1410 2671 minus

351 2705 386 2770 id
406 2704 522 2771 rationi
542 2715 788 2772 consentaneum
810 2705 945 2787 videtur,
961 2708 1038 2796 quia
1054 2707 1134 2773 tales
1149 2717 1255 2773 motus
1275 2707 1409 2794 vertigi-

351 2809 422 2873 nosi
443 2809 562 2873 sensim
584 2809 805 2895 elanguescere
827 2809 934 2897 potius
954 2808 1065 2890 solent,
1084 2832 1180 2897 quam
1202 2809 1406 2875 invalescere.

351 2906 472 2976 Verum
496 2911 597 2977 obiter
619 2912 696 2993 haec,
721 2921 754 2977 et
779 2911 838 2978 vix
861 2911 960 2992 serio;
987 2921 1181 2988 revertamur
1203 2912 1238 2976 in
1261 2912 1406 2978 orbitam.

352 3011 520 3100 Temporis
538 3015 607 3098 (eeu
627 3013 852 3101 pennanentiae
873 3037 978 3080 rerum
999 3013 1033 3078 in
1056 3035 1113 3080 suo
1135 3035 1213 3095 esse,
1229 3023 1324 3096 statu,
1340 3036 1409 3080 mo·

352 3119 441 3200 tuve)
459 3116 629 3202 quantitas,
645 3125 682 3182 ut
696 3115 817 3181 dictum
832 3125 889 3196 est,
905 3138 925 3180 a
939 3125 1028 3182 motu
1043 3117 1186 3204 quolibet
1201 3117 1414 3204 dignoscitur,

352 3219 434 3286 bene
453 3218 585 3299 notorio,
601 3218 761 3306 aequabili,
779 3221 847 3305 (seu
862 3219 967 3307 quoad
988 3231 1092 3308 partes
1115 3221 1156 3286 ad
1174 3220 1235 3287 hoc
1249 3220 1415 3287 adhibitas·

353 3321 416 3388 sibi
426 3331 606 3388 constanter
616 3321 776 3410 aequaliac
786 3322 884 3388 simili
894 3325 916 3408 ;)
931 3322 1005 3389 dein
1017 3324 1230 3391 secundarios
1241 3323 1409 3411 quibusvis

292 3487 297 3497 ,
354 3424 427 3491 aliis
449 3424 598 3506 motibus,
623 3425 774 3512 quicum
798 3425 854 3490 illo
878 3427 1050 3513 comparati
1079 3428 1280 3514 proportione
1309 3449 1411 3492 corre·

354 3526 521 3617 spondent,
535 3526 742 3592 ecaelestibus
756 3528 922 3614 imprimis,
937 3527 1022 3596 Solis
1036 3529 1236 3617 potissimum
1248 3551 1285 3594 ac
1296 3527 1407 3596 Lunae.

355 3631 448 3697 Adeo
462 3640 500 3696 ut
513 3630 650 3717 aequalia
662 3641 805 3717 tempora
826 3631 899 3711 siut,
921 3632 954 3696 in
974 3632 1091 3718 quibus
1111 3631 1220 3698 eadem
1243 3631 1410 3720 clepsydra

356 3733 453 3799 semel
472 3756 510 3799 ac
528 3734 652 3812 iterum,
668 3731 721 3796 vel
743 3737 833 3820 aeque
856 3733 966 3800 multis
983 3734 1108 3800 vicibus
1128 3734 1331 3815 exhauritur3
1355 3743 1410 3799 aut

356 3837 534 3925 inquibus
562 3835 672 3902 eadem
700 3835 816 3923 sydera
844 3837 988 3924 periodos
1017 3837 1154 3918 easdem,
1184 3847 1241 3903 aut
1268 3835 1410 3924 ejusdem

356 3939 477 4028 periodi
507 3950 611 4027 partes
637 3939 773 4026 aequales
802 3939 989 4020 absolvunt3
1020 3939 1190 4027 inaequalia
1219 3961 1293 4006 vero
1315 3939 1412 4026 juxta

357 4067 578 4133 quamcunque
598 4045 842 4132 proportionem,
866 4041 901 4109 in
926 4043 1042 4131 quibus
1071 4043 1225 4123 similiter,
1256 4064 1312 4109 scu
1339 4064 1430 4129 pro-·

359 4147 576 4236 portionaliter
594 4145 767 4236 inaequales
782 4147 903 4236 periodi
917 4155 1154 4213 consumuntur.
1198 4141 1311 4232 Neque
1326 4144 1414 4231 quis-

360 4273 454 4337 quam
471 4245 601 4338 objiciat
614 4259 740 4338 tempus
754 4248 962 4317 communiter
976 4247 1087 4314 haberi
1101 4269 1159 4335 pro
1176 4250 1324 4313 mensurt
1345 4267 1414 4311 mo-

359 4363 422 4432 tus,
443 4361 476 4417 et
494 4363 720 4440 consequenter
736 4353 778 4420 ad
797 4353 857 4420 hoc
878 4364 983 4420 motus
1005 4350 1208 4431 differentias,
1228 4347 1414 4436 (velocioris,

360 4451 517 4536 tardioris,
538 4455 711 4539 accelerati,
722 4454 901 4541 retardati)
920 4453 1115 4523 adsumendo
1135 4461 1260 4542 tempus
1276 4461 1318 4530 ut
1334 4471 1415 4540 pree-
