<?xml version="1.0" encoding="UTF-8"?>
<!DOCTYPE html PUBLIC "-//W3C//DTD XHTML 1.0 Transitional//EN"
    "http://www.w3.org/TR/xhtml1/DTD/xhtml1-transitional.dtd">
<html xmlns="http://www.w3.org/1999/xhtml" xml:lang="en" lang="en">
 <head>
  <title>
</title>
<meta http-equiv="Content-Type" content="text/html;charset=utf-8" />
  <meta name='ocr-system' content='tesseract 3.04.00' />
  <meta name='ocr-capabilities' content='ocr_page ocr_carea ocr_par ocr_line ocrx_word'/>
</head>
<body>
  <div class='ocr_page' id='page_1' title='image "./mathematicalwor00whewgoog_0106.png"; bbox 0 0 3167 5192; ppageno 0'>
   <div class='ocr_carea' id='block_1_1' title="bbox 338 360 1551 449">
    <p class='ocr_par' dir='ltr' id='par_1_1' title="bbox 338 360 1551 449">
     <span class='ocr_line' id='line_1_1' title="bbox 338 360 1551 449; baseline -0.007 -18"><span class='ocrx_word' id='word_1_1' title='bbox 338 364 380 432; x_wconf 80' lang='lat'>82</span> <span class='ocrx_word' id='word_1_2' title='bbox 676 381 863 433; x_wconf 81' lang='lat' dir='ltr'>urcrrouus</span> <span class='ocrx_word' id='word_1_3' title='bbox 886 382 1158 435; x_wconf 76' lang='lat' dir='ltr'>naruunsrmn.</span> <span class='ocrx_word' id='word_1_4' title='bbox 1345 363 1443 449; x_wconf 82' lang='lat' dir='ltr'>[ruer.</span> <span class='ocrx_word' id='word_1_5' title='bbox 1456 375 1481 423; x_wconf 84' lang='lat' dir='ltr'>r.</span> <span class='ocrx_word' id='word_1_6' title='bbox 1550 360 1551 367; x_wconf 78' lang='grc'>’</span> 
     </span>
    </p>
   </div>
   <div class='ocr_carea' id='block_1_2' title="bbox 336 542 1546 1977">
    <p class='ocr_par' dir='ltr' id='par_1_2' title="bbox 336 542 1546 1650">
     <span class='ocr_line' id='line_1_2' title="bbox 337 542 1484 639; baseline -0.004 -22"><span class='ocrx_word' id='word_1_7' title='bbox 337 550 513 639; x_wconf 78' lang='lat' dir='ltr'>desumptae</span> <span class='ocrx_word' id='word_1_8' title='bbox 532 550 716 631; x_wconf 59' lang='lat' dir='ltr'>sententiam</span> <span class='ocrx_word' id='word_1_9' title='bbox 739 550 839 619; x_wconf 73' lang='lat' dir='ltr'><em>Nihil</em></span> <span class='ocrx_word' id='word_1_10' title='bbox 851 563 895 618; x_wconf 84' lang='lat' dir='ltr'>ert</span> <span class='ocrx_word' id='word_1_11' title='bbox 912 548 948 617; x_wconf 75' lang='lat' dir='ltr'>ia</span> <span class='ocrx_word' id='word_1_12' title='bbox 966 542 1123 619; x_wconf 77' lang='lat' dir='ltr'>intellectu</span> <span class='ocrx_word' id='word_1_13' title='bbox 1136 549 1224 638; x_wconf 79' lang='lat' dir='ltr'>qaod</span> <span class='ocrx_word' id='word_1_14' title='bbox 1243 572 1309 615; x_wconf 81' lang='lat' dir='ltr'>noa</span> <span class='ocrx_word' id='word_1_15' title='bbox 1320 546 1390 635; x_wconf 75' lang='lat' dir='ltr'>ficit</span> <span class='ocrx_word' id='word_1_16' title='bbox 1405 544 1484 633; x_wconf 71' lang='lat' dir='ltr'>prist</span> 
     </span>
     <span class='ocr_line' id='line_1_3' title="bbox 337 644 1485 737; baseline -0.004 -18"><span class='ocrx_word' id='word_1_17' title='bbox 337 655 373 719; x_wconf 66' lang='grc' dir='ltr'>ὄπ</span> <span class='ocrx_word' id='word_1_18' title='bbox 386 678 478 719; x_wconf 80' lang='lat' dir='ltr'>aenea</span> <span class='ocrx_word' id='word_1_19' title='bbox 487 679 500 720; x_wconf 91' lang='lat'>.·</span> <span class='ocrx_word' id='word_1_20' title='bbox 521 654 697 721; x_wconf 66' lang='lat' dir='ltr'>Intellectus</span> <span class='ocrx_word' id='word_1_21' title='bbox 711 655 758 721; x_wconf 82' lang='lat' dir='ltr'>ad</span> <span class='ocrx_word' id='word_1_22' title='bbox 770 658 873 721; x_wconf 74' lang='lat' dir='ltr'>instar</span> <span class='ocrx_word' id='word_1_23' title='bbox 886 679 918 721; x_wconf 83' lang='lat' dir='ltr'>se</span> <span class='ocrx_word' id='word_1_24' title='bbox 932 654 1023 723; x_wconf 78' lang='lat' dir='ltr'>habat</span> <span class='ocrx_word' id='word_1_25' title='bbox 1037 680 1118 723; x_wconf 78' lang='lat' dir='ltr'>rasoe</span> <span class='ocrx_word' id='word_1_26' title='bbox 1133 653 1252 721; x_wconf 77' lang='lat' dir='ltr'>tadaloe</span> <span class='ocrx_word' id='word_1_27' title='bbox 1258 678 1276 735; x_wconf 88' lang='lat'>,·</span> <span class='ocrx_word' id='word_1_28' title='bbox 1299 671 1400 737; x_wconf 87' lang='lat' dir='ltr'>eoque</span> <span class='ocrx_word' id='word_1_29' title='bbox 1418 644 1485 711; x_wconf 78' lang='lat' dir='ltr'>redi·</span> 
     </span>
     <span class='ocr_line' id='line_1_4' title="bbox 336 746 1485 847; baseline -0.007 -25"><span class='ocrx_word' id='word_1_30' title='bbox 336 778 396 843; x_wconf 87' lang='lat' dir='ltr'>gas</span> <span class='ocrx_word' id='word_1_31' title='bbox 423 779 495 843; x_wconf 88' lang='lat' dir='ltr'>qnae</span> <span class='ocrx_word' id='word_1_32' title='bbox 523 757 610 845; x_wconf 89' lang='lat' dir='ltr'>apud</span> <span class='ocrx_word' id='word_1_33' title='bbox 640 781 713 824; x_wconf 90' lang='lat' dir='ltr'>curn</span> <span class='ocrx_word' id='word_1_34' title='bbox 744 758 943 847; x_wconf 85' lang='lat' dir='ltr'>reperiuntur</span> <span class='ocrx_word' id='word_1_35' title='bbox 971 758 1067 825; x_wconf 88' lang='lat' dir='ltr'>talia:</span> <span class='ocrx_word' id='word_1_36' title='bbox 1106 759 1205 823; x_wconf 83' lang='grc' dir='ltr'>Νοεῖν</span> <span class='ocrx_word' id='word_1_37' title='bbox 1233 754 1296 823; x_wconf 78' lang='grc' dir='ltr'>οὐκ</span> <span class='ocrx_word' id='word_1_38' title='bbox 1318 752 1407 820; x_wconf 81' lang='grc' dir='ltr'>ἐστὶν</span> <span class='ocrx_word' id='word_1_39' title='bbox 1426 746 1485 815; x_wconf 72' lang='grc' dir='ltr'>ἄνευ</span> 
     </span>
     <span class='ocr_line' id='line_1_5' title="bbox 337 850 1487 947; baseline -0.007 -21"><span class='ocrx_word' id='word_1_40' title='bbox 337 858 603 947; x_wconf 55' lang='grc' dir='ltr'><strong><em>φαντάσματοςι;</em></strong></span> <span class='ocrx_word' id='word_1_41' title='bbox 630 860 685 941; x_wconf 84' lang='lat' dir='ltr'>Et,</span> <span class='ocrx_word' id='word_1_42' title='bbox 710 860 950 945; x_wconf 75' lang='grc' dir='ltr'>Αἰσθανόμενος</span> <span class='ocrx_word' id='word_1_43' title='bbox 971 860 1071 945; x_wconf 77' lang='grc' dir='ltr'>μηδὲν</span> <span class='ocrx_word' id='word_1_44' title='bbox 1093 860 1185 927; x_wconf 78' lang='grc' dir='ltr'>οὐδὲν</span> <span class='ocrx_word' id='word_1_45' title='bbox 1216 859 1262 927; x_wconf 78' lang='grc' dir='ltr'>ἂν</span> <span class='ocrx_word' id='word_1_46' title='bbox 1293 856 1403 942; x_wconf 78' lang='grc' dir='ltr'><strong><em>μάθοι,</em></strong></span> <span class='ocrx_word' id='word_1_47' title='bbox 1431 850 1487 918; x_wconf 77' lang='grc' dir='ltr'>οὐδὲ</span> 
     </span>
     <span class='ocr_line' id='line_1_6' title="bbox 337 958 1488 1049; baseline -0.008 -22"><span class='ocrx_word' id='word_1_48' title='bbox 337 958 462 1044; x_wconf 60' lang='grc' dir='ltr'>ξννίοθ,</span> <span class='ocrx_word' id='word_1_49' title='bbox 478 969 538 1027; x_wconf 85' lang='lat' dir='ltr'>etc.</span> <span class='ocrx_word' id='word_1_50' title='bbox 583 960 639 1025; x_wconf 86' lang='lat' dir='ltr'>Ex</span> <span class='ocrx_word' id='word_1_51' title='bbox 652 961 770 1049; x_wconf 88' lang='lat' dir='ltr'>quibus</span> <span class='ocrx_word' id='word_1_52' title='bbox 785 971 928 1029; x_wconf 88' lang='lat' dir='ltr'>constare</span> <span class='ocrx_word' id='word_1_53' title='bbox 947 961 1074 1029; x_wconf 86' lang='lat' dir='ltr'>videtur</span> <span class='ocrx_word' id='word_1_54' title='bbox 1099 961 1133 1028; x_wconf 90' lang='lat' dir='ltr'>iu</span> <span class='ocrx_word' id='word_1_55' title='bbox 1156 968 1194 1029; x_wconf 76' lang='lat' dir='ltr'>ed</span> <span class='ocrx_word' id='word_1_56' title='bbox 1213 958 1381 1027; x_wconf 69' lang='lat' dir='ltr'>sententis</span> <span class='ocrx_word' id='word_1_57' title='bbox 1400 974 1488 1019; x_wconf 79' lang='lat' dir='ltr'>versa·</span> 
     </span>
     <span class='ocr_line' id='line_1_7' title="bbox 338 1064 1496 1154; baseline -0.004 -24"><span class='ocrx_word' id='word_1_58' title='bbox 338 1074 407 1130; x_wconf 89' lang='lat' dir='ltr'>tum</span> <span class='ocrx_word' id='word_1_59' title='bbox 439 1087 508 1131; x_wconf 91' lang='lat' dir='ltr'>esse</span> <span class='ocrx_word' id='word_1_60' title='bbox 539 1064 777 1153; x_wconf 89' lang='lat' dir='ltr'>philosophum,</span> <span class='ocrx_word' id='word_1_61' title='bbox 808 1064 895 1154; x_wconf 91' lang='lat' dir='ltr'>quod</span> <span class='ocrx_word' id='word_1_62' title='bbox 926 1065 1129 1132; x_wconf 79' lang='lat' dir='ltr'><strong>scientiarum</strong></span> <span class='ocrx_word' id='word_1_63' title='bbox 1159 1064 1328 1154; x_wconf 88' lang='lat' dir='ltr'>principia</span> <span class='ocrx_word' id='word_1_64' title='bbox 1357 1076 1496 1126; x_wconf 80' lang='lat' dir='ltr'>sensuum.</span> 
     </span>
     <span class='ocr_line' id='line_1_8' title="bbox 336 1156 1489 1258; baseline -0.004 -23"><span class='ocrx_word' id='word_1_65' title='bbox 336 1167 538 1248; x_wconf 81' lang='lat' dir='ltr'>testimoniis,</span> <span class='ocrx_word' id='word_1_66' title='bbox 554 1177 587 1235; x_wconf 89' lang='lat' dir='ltr'>et</span> <span class='ocrx_word' id='word_1_67' title='bbox 601 1168 818 1254; x_wconf 72' lang='lat' dir='ltr'><strong>singularibus</strong></span> <span class='ocrx_word' id='word_1_68' title='bbox 833 1168 1059 1258; x_wconf 82' lang='lat' dir='ltr'>experimentis</span> <span class='ocrx_word' id='word_1_69' title='bbox 1071 1169 1200 1236; x_wconf 90' lang='lat' dir='ltr'>omnino</span> <span class='ocrx_word' id='word_1_70' title='bbox 1210 1169 1376 1235; x_wconf 85' lang='lat' dir='ltr'>nitantur.</span> <span class='ocrx_word' id='word_1_71' title='bbox 1411 1156 1489 1241; x_wconf 85' lang='lat' dir='ltr'>Quod</span> 
     </span>
     <span class='ocr_line' id='line_1_9' title="bbox 339 1262 1489 1356; baseline -0.01 -19"><span class='ocrx_word' id='word_1_72' title='bbox 339 1271 368 1337; x_wconf 93' lang='lat' dir='ltr'>si</span> <span class='ocrx_word' id='word_1_73' title='bbox 390 1294 500 1338; x_wconf 83' lang='lat' dir='ltr'>rerum</span> <span class='ocrx_word' id='word_1_74' title='bbox 522 1295 592 1339; x_wconf 90' lang='lat' dir='ltr'>esse</span> <span class='ocrx_word' id='word_1_75' title='bbox 613 1272 813 1353; x_wconf 85' lang='lat' dir='ltr'>concedatur,</span> <span class='ocrx_word' id='word_1_76' title='bbox 834 1272 893 1339; x_wconf 84' lang='lat' dir='ltr'>vix</span> <span class='ocrx_word' id='word_1_77' title='bbox 915 1272 1115 1339; x_wconf 85' lang='lat' dir='ltr'>diffitendum</span> <span class='ocrx_word' id='word_1_78' title='bbox 1138 1274 1181 1339; x_wconf 85' lang='lat' dir='ltr'>sit</span> <span class='ocrx_word' id='word_1_79' title='bbox 1202 1272 1285 1339; x_wconf 90' lang='lat' dir='ltr'>inde</span> <span class='ocrx_word' id='word_1_80' title='bbox 1309 1265 1430 1356; x_wconf 88' lang='lat' dir='ltr'>aliquid</span> <span class='ocrx_word' id='word_1_81' title='bbox 1446 1262 1489 1327; x_wconf 86' lang='lat' dir='ltr'>de·</span> 
     </span>
     <span class='ocr_line' id='line_1_10' title="bbox 338 1364 1546 1464; baseline -0.007 -23"><span class='ocrx_word' id='word_1_82' title='bbox 338 1373 448 1441; x_wconf 86' lang='lat' dir='ltr'>cedere</span> <span class='ocrx_word' id='word_1_83' title='bbox 466 1374 579 1461; x_wconf 83' lang='lat' dir='ltr'>rigidae</span> <span class='ocrx_word' id='word_1_84' title='bbox 598 1373 792 1454; x_wconf 78' lang='lat' dir='ltr'>certitudini,</span> <span class='ocrx_word' id='word_1_85' title='bbox 813 1398 871 1441; x_wconf 91' lang='lat' dir='ltr'>nec</span> <span class='ocrx_word' id='word_1_86' title='bbox 894 1374 956 1440; x_wconf 76' lang='lat' dir='ltr'>istd</span> <span class='ocrx_word' id='word_1_87' title='bbox 981 1374 1152 1464; x_wconf 84' lang='lat' dir='ltr'>hypothesi</span> <span class='ocrx_word' id='word_1_88' title='bbox 1183 1374 1343 1453; x_wconf 68' lang='lat' dir='ltr'>admissa,</span> <span class='ocrx_word' id='word_1_89' title='bbox 1371 1364 1489 1456; x_wconf 74' lang='lat' dir='ltr'>quodris</span> <span class='ocrx_word' id='word_1_90' title='bbox 1543 1366 1546 1374; x_wconf 80' lang='grc'><strong><em>’</em></strong></span> 
     </span>
     <span class='ocr_line' id='line_1_11' title="bbox 338 1470 1488 1567; baseline -0.008 -24"><span class='ocrx_word' id='word_1_91' title='bbox 338 1477 514 1545; x_wconf 87' lang='lat' dir='ltr'>humanum</span> <span class='ocrx_word' id='word_1_92' title='bbox 542 1477 743 1543; x_wconf 78' lang='lat' dir='ltr'>ratiocinium</span> <span class='ocrx_word' id='word_1_93' title='bbox 773 1499 869 1566; x_wconf 89' lang='lat' dir='ltr'>supra</span> <span class='ocrx_word' id='word_1_94' title='bbox 904 1478 1091 1567; x_wconf 79' lang='lat' dir='ltr'>conjecturae</span> <span class='ocrx_word' id='word_1_95' title='bbox 1126 1477 1311 1567; x_wconf 87' lang='lat' dir='ltr'>probabilis</span> <span class='ocrx_word' id='word_1_96' title='bbox 1341 1470 1488 1558; x_wconf 81' lang='lat' dir='ltr'>fastigium</span> 
     </span>
     <span class='ocr_line' id='line_1_12' title="bbox 338 1580 538 1650; baseline -0.005 0"><span class='ocrx_word' id='word_1_97' title='bbox 338 1580 538 1650; x_wconf 86' lang='lat' dir='ltr'>adscendere.</span> 
     </span>
    </p>

    <p class='ocr_par' dir='ltr' id='par_1_3' title="bbox 337 1678 1489 1977">
     <span class='ocr_line' id='line_1_13' title="bbox 403 1678 1489 1775; baseline -0.007 -26"><span class='ocrx_word' id='word_1_98' title='bbox 403 1684 557 1750; x_wconf 81' lang='lat' dir='ltr'>Attamen</span> <span class='ocrx_word' id='word_1_99' title='bbox 572 1682 629 1750; x_wconf 92' lang='lat' dir='ltr'>ubi</span> <span class='ocrx_word' id='word_1_100' title='bbox 644 1682 766 1771; x_wconf 78' lang='lat' dir='ltr'>quevis</span> <span class='ocrx_word' id='word_1_101' title='bbox 781 1683 956 1771; x_wconf 87' lang='lat' dir='ltr'>propositio</span> <span class='ocrx_word' id='word_1_102' title='bbox 976 1695 1136 1773; x_wconf 77' lang='lat' dir='ltr'>perpetum</span> <span class='ocrx_word' id='word_1_103' title='bbox 1159 1684 1373 1775; x_wconf 80' lang='lat' dir='ltr'>experientiae</span> <span class='ocrx_word' id='word_1_104' title='bbox 1395 1678 1489 1765; x_wconf 83' lang='lat' dir='ltr'>depre-</span> 
     </span>
     <span class='ocr_line' id='line_1_14' title="bbox 337 1778 1487 1875; baseline -0.006 -22"><span class='ocrx_word' id='word_1_105' title='bbox 337 1786 488 1853; x_wconf 89' lang='lat' dir='ltr'>henditur</span> <span class='ocrx_word' id='word_1_106' title='bbox 503 1796 714 1853; x_wconf 88' lang='lat' dir='ltr'>consentanea</span> <span class='ocrx_word' id='word_1_107' title='bbox 732 1786 919 1873; x_wconf 89' lang='lat' dir='ltr'>(praesertim</span> <span class='ocrx_word' id='word_1_108' title='bbox 934 1810 1006 1875; x_wconf 83' lang='lat' dir='ltr'>quae</span> <span class='ocrx_word' id='word_1_109' title='bbox 1022 1810 1085 1854; x_wconf 90' lang='lat' dir='ltr'>non</span> <span class='ocrx_word' id='word_1_110' title='bbox 1100 1788 1183 1855; x_wconf 89' lang='lat' dir='ltr'>circa</span> <span class='ocrx_word' id='word_1_111' title='bbox 1196 1812 1308 1857; x_wconf 88' lang='lat' dir='ltr'>rerum</span> <span class='ocrx_word' id='word_1_112' title='bbox 1330 1778 1487 1852; x_wconf 81' lang='lat' dir='ltr'>accidentia</span> 
     </span>
     <span class='ocr_line' id='line_1_15' title="bbox 337 1888 1487 1977; baseline -0.004 -22"><span class='ocrx_word' id='word_1_113' title='bbox 337 1888 457 1955; x_wconf 79' lang='lat' dir='ltr'>versari</span> <span class='ocrx_word' id='word_1_114' title='bbox 471 1888 606 1968; x_wconf 86' lang='lat' dir='ltr'>videtur,</span> <span class='ocrx_word' id='word_1_115' title='bbox 622 1899 655 1952; x_wconf 90' lang='lat' dir='ltr'>at</span> <span class='ocrx_word' id='word_1_116' title='bbox 668 1888 845 1976; x_wconf 88' lang='lat' dir='ltr'>praecipuas</span> <span class='ocrx_word' id='word_1_117' title='bbox 860 1888 902 1955; x_wconf 90' lang='lat' dir='ltr'>ad</span> <span class='ocrx_word' id='word_1_118' title='bbox 916 1890 1132 1977; x_wconf 78' lang='lat' dir='ltr'>proprietates,</span> <span class='ocrx_word' id='word_1_119' title='bbox 1148 1901 1180 1957; x_wconf 92' lang='lat' dir='ltr'>et</span> <span class='ocrx_word' id='word_1_120' title='bbox 1194 1891 1350 1957; x_wconf 90' lang='lat' dir='ltr'>intimam</span> <span class='ocrx_word' id='word_1_121' title='bbox 1364 1888 1487 1974; x_wconf 78' lang='lat' dir='ltr'>ipsarum</span> 
     </span>
    </p>
   </div>
   <div class='ocr_carea' id='block_1_3' title="bbox 225 1988 1487 2079">
    <p class='ocr_par' dir='ltr' id='par_1_4' title="bbox 225 1988 1487 2079">
     <span class='ocr_line' id='line_1_16' title="bbox 225 1988 1487 2079; baseline -0.008 -21"><span class='ocrx_word' id='word_1_122' title='bbox 225 2013 229 2021; x_wconf 89' lang='grc'>’</span> <span class='ocrx_word' id='word_1_123' title='bbox 338 1991 597 2057; x_wconf 81' lang='lat' dir='ltr'>constitutionem</span> <span class='ocrx_word' id='word_1_124' title='bbox 611 1991 778 2079; x_wconf 88' lang='lat' dir='ltr'>pertinere)</span> <span class='ocrx_word' id='word_1_125' title='bbox 798 1992 911 2058; x_wconf 88' lang='lat' dir='ltr'>saltem</span> <span class='ocrx_word' id='word_1_126' title='bbox 932 1994 1128 2060; x_wconf 86' lang='lat' dir='ltr'>tutissimum</span> <span class='ocrx_word' id='word_1_127' title='bbox 1147 1996 1216 2074; x_wconf 87' lang='lat' dir='ltr'>erit,</span> <span class='ocrx_word' id='word_1_128' title='bbox 1235 2006 1271 2061; x_wconf 89' lang='lat' dir='ltr'>et</span> <span class='ocrx_word' id='word_1_129' title='bbox 1293 2017 1314 2058; x_wconf 89' lang='lat' dir='ltr'>a</span> <span class='ocrx_word' id='word_1_130' title='bbox 1334 1988 1424 2056; x_wconf 89' lang='lat' dir='ltr'>nobis</span> <span class='ocrx_word' id='word_1_131' title='bbox 1441 2005 1487 2049; x_wconf 77' lang='lat' dir='ltr'>ea·</span> 
     </span>
    </p>
   </div>
   <div class='ocr_carea' id='block_1_4' title="bbox 336 2094 1551 4050">
    <p class='ocr_par' dir='ltr' id='par_1_5' title="bbox 336 2094 1551 3419">
     <span class='ocr_line' id='line_1_17' title="bbox 339 2094 1486 2185; baseline -0.002 -24"><span class='ocrx_word' id='word_1_132' title='bbox 339 2095 406 2183; x_wconf 78' lang='lat' dir='ltr'>iget</span> <span class='ocrx_word' id='word_1_133' title='bbox 427 2117 553 2161; x_wconf 90' lang='lat' dir='ltr'>summa</span> <span class='ocrx_word' id='word_1_134' title='bbox 567 2094 745 2181; x_wconf 85' lang='lat' dir='ltr'>prudentia,</span> <span class='ocrx_word' id='word_1_135' title='bbox 762 2105 944 2184; x_wconf 92' lang='lat' dir='ltr'>promptum</span> <span class='ocrx_word' id='word_1_136' title='bbox 967 2107 1004 2163; x_wconf 92' lang='lat' dir='ltr'>ut</span> <span class='ocrx_word' id='word_1_137' title='bbox 1025 2096 1055 2162; x_wconf 92' lang='lat' dir='ltr'>ei</span> <span class='ocrx_word' id='word_1_138' title='bbox 1077 2120 1266 2165; x_wconf 89' lang='lat' dir='ltr'>consensum</span> <span class='ocrx_word' id='word_1_139' title='bbox 1290 2094 1486 2185; x_wconf 73' lang='lat' dir='ltr'>prebemus·</span> 
     </span>
     <span class='ocr_line' id='line_1_18' title="bbox 340 2188 1485 2288; baseline -0.008 -21"><span class='ocrx_word' id='word_1_140' title='bbox 340 2197 433 2267; x_wconf 84' lang='lat' dir='ltr'>Sicut</span> <span class='ocrx_word' id='word_1_141' title='bbox 450 2197 535 2263; x_wconf 91' lang='lat' dir='ltr'>enim</span> <span class='ocrx_word' id='word_1_142' title='bbox 554 2197 604 2263; x_wconf 91' lang='lat' dir='ltr'>illi</span> <span class='ocrx_word' id='word_1_143' title='bbox 623 2198 709 2287; x_wconf 91' lang='lat' dir='ltr'>quod</span> <span class='ocrx_word' id='word_1_144' title='bbox 729 2221 788 2264; x_wconf 90' lang='lat' dir='ltr'>nos</span> <span class='ocrx_word' id='word_1_145' title='bbox 810 2199 862 2265; x_wconf 89' lang='lat' dir='ltr'>vel</span> <span class='ocrx_word' id='word_1_146' title='bbox 883 2198 982 2267; x_wconf 87' lang='lat' dir='ltr'>semel</span> <span class='ocrx_word' id='word_1_147' title='bbox 1002 2200 1125 2288; x_wconf 83' lang='lat' dir='ltr'>decepit</span> <span class='ocrx_word' id='word_1_148' title='bbox 1146 2200 1265 2269; x_wconf 89' lang='lat' dir='ltr'>indicio</span> <span class='ocrx_word' id='word_1_149' title='bbox 1289 2198 1388 2265; x_wconf 89' lang='lat' dir='ltr'>fidem</span> <span class='ocrx_word' id='word_1_150' title='bbox 1409 2188 1485 2258; x_wconf 78' lang='lat' dir='ltr'>adhi-</span> 
     </span>
     <span class='ocr_line' id='line_1_19' title="bbox 338 2290 1551 2389; baseline -0.002 -20"><span class='ocrx_word' id='word_1_151' title='bbox 338 2304 422 2383; x_wconf 91' lang='lat' dir='ltr'>bere,</span> <span class='ocrx_word' id='word_1_152' title='bbox 448 2324 514 2369; x_wconf 90' lang='lat' dir='ltr'>non</span> <span class='ocrx_word' id='word_1_153' title='bbox 538 2302 657 2389; x_wconf 79' lang='lat' dir='ltr'>injuria</span> <span class='ocrx_word' id='word_1_154' title='bbox 684 2302 863 2389; x_wconf 89' lang='lat' dir='ltr'>postuletur</span> <span class='ocrx_word' id='word_1_155' title='bbox 892 2302 1079 2371; x_wconf 76' lang='lat' dir='ltr'>inconsulte</span> <span class='ocrx_word' id='word_1_156' title='bbox 1108 2306 1311 2387; x_wconf 80' lang='lat' dir='ltr'>temeritatis,</span> <span class='ocrx_word' id='word_1_157' title='bbox 1344 2303 1390 2368; x_wconf 84' lang='lat' dir='ltr'>ita</span> <span class='ocrx_word' id='word_1_158' title='bbox 1415 2290 1486 2385; x_wconf 87' lang='lat' dir='ltr'>quod</span> <span class='ocrx_word' id='word_1_159' title='bbox 1550 2362 1551 2367; x_wconf 75' lang='grc'>,</span> 
     </span>
     <span class='ocr_line' id='line_1_20' title="bbox 337 2403 1483 2495; baseline -0.006 -23"><span class='ocrx_word' id='word_1_160' title='bbox 337 2404 455 2473; x_wconf 89' lang='lat' dir='ltr'>millies</span> <span class='ocrx_word' id='word_1_161' title='bbox 478 2406 678 2494; x_wconf 82' lang='lat' dir='ltr'>exploratum</span> <span class='ocrx_word' id='word_1_162' title='bbox 700 2405 915 2493; x_wconf 84' lang='lat' dir='ltr'>expectationi</span> <span class='ocrx_word' id='word_1_163' title='bbox 937 2417 1053 2473; x_wconf 84' lang='lat' dir='ltr'>nostrae</span> <span class='ocrx_word' id='word_1_164' title='bbox 1071 2430 1167 2495; x_wconf 91' lang='lat' dir='ltr'>quam</span> <span class='ocrx_word' id='word_1_165' title='bbox 1189 2403 1426 2475; x_wconf 85' lang='lat' dir='ltr'>accuratissime</span> <span class='ocrx_word' id='word_1_166' title='bbox 1445 2416 1483 2460; x_wconf 83' lang='lat' dir='ltr'>re·</span> 
     </span>
     <span class='ocr_line' id='line_1_21' title="bbox 337 2494 1483 2600; baseline -0.003 -23"><span class='ocrx_word' id='word_1_167' title='bbox 337 2510 477 2600; x_wconf 90' lang='lat' dir='ltr'>spondit,</span> <span class='ocrx_word' id='word_1_168' title='bbox 492 2510 659 2599; x_wconf 81' lang='lat' dir='ltr'>praecipuae</span> <span class='ocrx_word' id='word_1_169' title='bbox 681 2508 775 2575; x_wconf 85' lang='lat' dir='ltr'>fuerit</span> <span class='ocrx_word' id='word_1_170' title='bbox 798 2508 975 2595; x_wconf 84' lang='lat' dir='ltr'>prudentiae</span> <span class='ocrx_word' id='word_1_171' title='bbox 998 2509 1028 2575; x_wconf 88' lang='lat' dir='ltr'>ei</span> <span class='ocrx_word' id='word_1_172' title='bbox 1050 2532 1250 2597; x_wconf 86' lang='lat' dir='ltr'>nequaquem</span> <span class='ocrx_word' id='word_1_173' title='bbox 1274 2508 1425 2581; x_wconf 83' lang='lat' dir='ltr'>diffidere,</span> <span class='ocrx_word' id='word_1_174' title='bbox 1439 2494 1483 2565; x_wconf 68' lang='lat' dir='ltr'>ted</span> 
     </span>
     <span class='ocr_line' id='line_1_22' title="bbox 337 2598 1481 2700; baseline -0.007 -17"><span class='ocrx_word' id='word_1_175' title='bbox 337 2614 484 2683; x_wconf 77' lang='lat' dir='ltr'>assentiri</span> <span class='ocrx_word' id='word_1_176' title='bbox 506 2613 638 2695; x_wconf 85' lang='lat' dir='ltr'>fortiter,</span> <span class='ocrx_word' id='word_1_177' title='bbox 662 2611 822 2678; x_wconf 87' lang='lat' dir='ltr'>mordicus</span> <span class='ocrx_word' id='word_1_178' title='bbox 848 2612 1026 2693; x_wconf 79' lang='lat' dir='ltr'>adhaererc3</span> <span class='ocrx_word' id='word_1_179' title='bbox 1057 2614 1231 2700; x_wconf 85' lang='lat' dir='ltr'>praesertim</span> <span class='ocrx_word' id='word_1_180' title='bbox 1254 2638 1331 2681; x_wconf 91' lang='lat' dir='ltr'>curn</span> <span class='ocrx_word' id='word_1_181' title='bbox 1355 2598 1481 2675; x_wconf 78' lang='lat' dir='ltr'>assensui</span> 
     </span>
     <span class='ocr_line' id='line_1_23' title="bbox 336 2710 1550 2805; baseline 0.003 -22"><span class='ocrx_word' id='word_1_182' title='bbox 336 2718 513 2785; x_wconf 88' lang='lat' dir='ltr'>roborando</span> <span class='ocrx_word' id='word_1_183' title='bbox 528 2718 657 2784; x_wconf 87' lang='lat' dir='ltr'>accedat</span> <span class='ocrx_word' id='word_1_184' title='bbox 670 2724 792 2782; x_wconf 77' lang='lat' dir='ltr'>naturae</span> <span class='ocrx_word' id='word_1_185' title='bbox 808 2716 868 2781; x_wconf 90' lang='lat' dir='ltr'>sibi</span> <span class='ocrx_word' id='word_1_186' title='bbox 882 2739 1046 2805; x_wconf 89' lang='lat' dir='ltr'>nunquam</span> <span class='ocrx_word' id='word_1_187' title='bbox 1061 2716 1227 2783; x_wconf 88' lang='lat' dir='ltr'>dissimilis</span> <span class='ocrx_word' id='word_1_188' title='bbox 1242 2712 1440 2787; x_wconf 71' lang='lat' dir='ltr'>constantim</span> <span class='ocrx_word' id='word_1_189' title='bbox 1458 2710 1483 2768; x_wconf 60' lang='lat' dir='ltr'>et</span> <span class='ocrx_word' id='word_1_190' title='bbox 1549 2738 1550 2747; x_wconf 76' lang='grc'>’</span> 
     </span>
     <span class='ocr_line' id='line_1_24' title="bbox 337 2812 1481 2909; baseline -0.003 -22"><span class='ocrx_word' id='word_1_191' title='bbox 337 2820 548 2887; x_wconf 88' lang='lat' dir='ltr'>immutabilis</span> <span class='ocrx_word' id='word_1_192' title='bbox 563 2820 718 2908; x_wconf 85' lang='lat' dir='ltr'>sapientia</span> <span class='ocrx_word' id='word_1_193' title='bbox 733 2818 850 2885; x_wconf 78' lang='lat' dir='ltr'>Primae</span> <span class='ocrx_word' id='word_1_194' title='bbox 865 2818 989 2900; x_wconf 80' lang='lat' dir='ltr'>Oarrsae,</span> <span class='ocrx_word' id='word_1_195' title='bbox 1004 2843 1054 2887; x_wconf 86' lang='lat' dir='ltr'>res</span> <span class='ocrx_word' id='word_1_196' title='bbox 1074 2832 1205 2887; x_wconf 86' lang='lat' dir='ltr'>cunctas</span> <span class='ocrx_word' id='word_1_197' title='bbox 1215 2822 1316 2909; x_wconf 85' lang='lat' dir='ltr'>juxta</span> <span class='ocrx_word' id='word_1_198' title='bbox 1337 2812 1481 2903; x_wconf 73' lang='lat' dir='ltr'>simplice</span> 
     </span>
     <span class='ocr_line' id='line_1_25' title="bbox 337 2910 1482 3012; baseline -0.005 -25"><span class='ocrx_word' id='word_1_199' title='bbox 337 2922 425 2987; x_wconf 87' lang='lat' dir='ltr'>ideas</span> <span class='ocrx_word' id='word_1_200' title='bbox 446 2922 624 3002; x_wconf 81' lang='lat' dir='ltr'>formantis,-</span> <span class='ocrx_word' id='word_1_201' title='bbox 637 2932 671 2987; x_wconf 90' lang='lat' dir='ltr'>et</span> <span class='ocrx_word' id='word_1_202' title='bbox 692 2931 795 2989; x_wconf 89' lang='lat' dir='ltr'>certos</span> <span class='ocrx_word' id='word_1_203' title='bbox 817 2921 958 2989; x_wconf 86' lang='lat' dir='ltr'>adfines</span> <span class='ocrx_word' id='word_1_204' title='bbox 981 2922 1167 3009; x_wconf 87' lang='lat' dir='ltr'>dirigentis:</span> <span class='ocrx_word' id='word_1_205' title='bbox 1190 2947 1262 3012; x_wconf 81' lang='lat' dir='ltr'>quoe</span> <span class='ocrx_word' id='word_1_206' title='bbox 1284 2910 1482 2991; x_wconf 80' lang='lat' dir='ltr'>consideratio</span> 
     </span>
     <span class='ocr_line' id='line_1_26' title="bbox 337 3018 1549 3114; baseline -0.002 -26"><span class='ocrx_word' id='word_1_207' title='bbox 337 3046 418 3111; x_wconf 86' lang='lat' dir='ltr'>pene</span> <span class='ocrx_word' id='word_1_208' title='bbox 432 3023 500 3089; x_wconf 85' lang='lat' dir='ltr'>sola</span> <span class='ocrx_word' id='word_1_209' title='bbox 514 3024 666 3090; x_wconf 86' lang='lat' dir='ltr'>conficere</span> <span class='ocrx_word' id='word_1_210' title='bbox 679 3033 792 3109; x_wconf 90' lang='lat' dir='ltr'>potest,</span> <span class='ocrx_word' id='word_1_211' title='bbox 809 3034 845 3090; x_wconf 88' lang='lat' dir='ltr'>ut</span> <span class='ocrx_word' id='word_1_212' title='bbox 866 3023 906 3090; x_wconf 86' lang='lat' dir='ltr'>ds</span> <span class='ocrx_word' id='word_1_213' title='bbox 927 3025 1043 3091; x_wconf 86' lang='lat' dir='ltr'>crebris</span> <span class='ocrx_word' id='word_1_214' title='bbox 1062 3026 1288 3114; x_wconf 85' lang='lat' dir='ltr'>experimentis</span> <span class='ocrx_word' id='word_1_215' title='bbox 1311 3018 1481 3093; x_wconf 71' lang='lat' dir='ltr'>confirmat</span> <span class='ocrx_word' id='word_1_216' title='bbox 1548 3020 1549 3069; x_wconf 60' lang='grc' dir='ltr'>ἒ</span> 
     </span>
     <span class='ocr_line' id='line_1_27' title="bbox 337 3125 1480 3214; baseline 0.002 -23"><span class='ocrx_word' id='word_1_217' title='bbox 337 3125 560 3214; x_wconf 87' lang='lat' dir='ltr'>propositione,</span> <span class='ocrx_word' id='word_1_218' title='bbox 586 3135 739 3214; x_wconf 82' lang='lat' dir='ltr'>tanquam</span> <span class='ocrx_word' id='word_1_219' title='bbox 762 3125 985 3194; x_wconf 86' lang='lat' dir='ltr'>universaliter</span> <span class='ocrx_word' id='word_1_220' title='bbox 1007 3132 1091 3209; x_wconf 72' lang='lat' dir='ltr'>vera,</span> <span class='ocrx_word' id='word_1_221' title='bbox 1115 3130 1193 3195; x_wconf 88' lang='lat' dir='ltr'>certi</span> <span class='ocrx_word' id='word_1_222' title='bbox 1218 3152 1286 3197; x_wconf 90' lang='lat' dir='ltr'>esse</span> <span class='ocrx_word' id='word_1_223' title='bbox 1313 3128 1480 3197; x_wconf 74' lang='lat' dir='ltr'>debeamus,</span> 
     </span>
     <span class='ocr_line' id='line_1_28' title="bbox 337 3226 1480 3313; baseline 0.002 -20"><span class='ocrx_word' id='word_1_224' title='bbox 337 3250 397 3293; x_wconf 90' lang='lat' dir='ltr'>nec</span> <span class='ocrx_word' id='word_1_225' title='bbox 410 3226 500 3294; x_wconf 85' lang='lat' dir='ltr'>atde</span> <span class='ocrx_word' id='word_1_226' title='bbox 515 3226 572 3292; x_wconf 83' lang='lat' dir='ltr'>illa</span> <span class='ocrx_word' id='word_1_227' title='bbox 587 3228 826 3295; x_wconf 87' lang='lat' dir='ltr'>subdubitaudo</span> <span class='ocrx_word' id='word_1_228' title='bbox 840 3239 986 3295; x_wconf 89' lang='lat' dir='ltr'>naturam</span> <span class='ocrx_word' id='word_1_229' title='bbox 1001 3252 1070 3297; x_wconf 88' lang='lat' dir='ltr'>esse</span> <span class='ocrx_word' id='word_1_230' title='bbox 1089 3230 1221 3313; x_wconf 83' lang='lat' dir='ltr'>fluxam,</span> <span class='ocrx_word' id='word_1_231' title='bbox 1241 3245 1273 3301; x_wconf 87' lang='lat' dir='ltr'>et</span> <span class='ocrx_word' id='word_1_232' title='bbox 1294 3252 1399 3301; x_wconf 90' lang='lat' dir='ltr'>rerum</span> <span class='ocrx_word' id='word_1_233' title='bbox 1419 3240 1480 3289; x_wconf 66' lang='lat'><strong>⁸11⁰·</strong></span> 
     </span>
     <span class='ocr_line' id='line_1_29' title="bbox 337 3328 988 3419; baseline 0.006 -24"><span class='ocrx_word' id='word_1_234' title='bbox 337 3339 437 3395; x_wconf 87' lang='lat' dir='ltr'>torcm</span> <span class='ocrx_word' id='word_1_235' title='bbox 452 3328 515 3396; x_wconf 90' lang='lat' dir='ltr'>sibi</span> <span class='ocrx_word' id='word_1_236' title='bbox 528 3328 594 3395; x_wconf 87' lang='lat' dir='ltr'>fore</span> <span class='ocrx_word' id='word_1_237' title='bbox 608 3329 767 3417; x_wconf 89' lang='lat' dir='ltr'>disparem</span> <span class='ocrx_word' id='word_1_238' title='bbox 782 3331 988 3419; x_wconf 88' lang='lat' dir='ltr'>suspicemur.</span> 
     </span>
    </p>

    <p class='ocr_par' dir='ltr' id='par_1_6' title="bbox 336 3429 1547 3935">
     <span class='ocr_line' id='line_1_30' title="bbox 402 3429 1478 3523; baseline 0.004 -24"><span class='ocrx_word' id='word_1_239' title='bbox 402 3431 474 3499; x_wconf 90' lang='lat' dir='ltr'>Irno</span> <span class='ocrx_word' id='word_1_240' title='bbox 488 3453 715 3519; x_wconf 91' lang='lat' dir='ltr'>nonnunquam</span> <span class='ocrx_word' id='word_1_241' title='bbox 730 3432 791 3497; x_wconf 84' lang='lat' dir='ltr'>hac</span> <span class='ocrx_word' id='word_1_242' title='bbox 806 3431 846 3499; x_wconf 94' lang='lat' dir='ltr'>de</span> <span class='ocrx_word' id='word_1_243' title='bbox 865 3440 971 3515; x_wconf 75' lang='lat' dir='ltr'>causa,</span> <span class='ocrx_word' id='word_1_244' title='bbox 986 3445 1114 3523; x_wconf 88' lang='lat' dir='ltr'>propter</span> <span class='ocrx_word' id='word_1_245' title='bbox 1132 3448 1253 3503; x_wconf 81' lang='lat' dir='ltr'>naturae</span> <span class='ocrx_word' id='word_1_246' title='bbox 1272 3429 1478 3505; x_wconf 67' lang='lat' dir='ltr'>constantiam,</span> 
     </span>
     <span class='ocr_line' id='line_1_31' title="bbox 336 3533 1479 3627; baseline -0.002 -22"><span class='ocrx_word' id='word_1_247' title='bbox 336 3536 391 3605; x_wconf 79' lang='lat' dir='ltr'>vel</span> <span class='ocrx_word' id='word_1_248' title='bbox 413 3560 456 3605; x_wconf 88' lang='lat' dir='ltr'>ex</span> <span class='ocrx_word' id='word_1_249' title='bbox 478 3536 573 3603; x_wconf 91' lang='lat' dir='ltr'>unico</span> <span class='ocrx_word' id='word_1_250' title='bbox 595 3534 702 3622; x_wconf 90' lang='lat' dir='ltr'>aliquo</span> <span class='ocrx_word' id='word_1_251' title='bbox 725 3535 945 3623; x_wconf 85' lang='lat' dir='ltr'>experimento</span> <span class='ocrx_word' id='word_1_252' title='bbox 967 3538 1136 3626; x_wconf 88' lang='lat' dir='ltr'>prudenter</span> <span class='ocrx_word' id='word_1_253' title='bbox 1157 3538 1347 3627; x_wconf 85' lang='lat' dir='ltr'>colligamus</span> <span class='ocrx_word' id='word_1_254' title='bbox 1367 3533 1479 3604; x_wconf 74' lang='lat' dir='ltr'>univer·</span> 
     </span>
     <span class='ocr_line' id='line_1_32' title="bbox 336 3639 1476 3730; baseline 0 -23"><span class='ocrx_word' id='word_1_255' title='bbox 336 3642 434 3708; x_wconf 86' lang='lat' dir='ltr'>salem</span> <span class='ocrx_word' id='word_1_256' title='bbox 448 3639 706 3729; x_wconf 86' lang='lat' dir='ltr'>propositionem,</span> <span class='ocrx_word' id='word_1_257' title='bbox 722 3648 758 3704; x_wconf 85' lang='lat' dir='ltr'>ut</span> <span class='ocrx_word' id='word_1_258' title='bbox 772 3647 863 3703; x_wconf 85' lang='lat' dir='ltr'>notat</span> <span class='ocrx_word' id='word_1_259' title='bbox 883 3639 1082 3723; x_wconf 85' lang='lat' dir='ltr'>Aristoteles,</span> <span class='ocrx_word' id='word_1_260' title='bbox 1105 3653 1137 3709; x_wconf 88' lang='lat' dir='ltr'>et</span> <span class='ocrx_word' id='word_1_261' title='bbox 1158 3644 1393 3730; x_wconf 87' lang='lat' dir='ltr'>appositissime</span> <span class='ocrx_word' id='word_1_262' title='bbox 1413 3654 1476 3701; x_wconf 69' lang='lat'><strong>0011·</strong></span> 
     </span>
     <span class='ocr_line' id='line_1_33' title="bbox 338 3734 1547 3833; baseline 0.002 -21"><span class='ocrx_word' id='word_1_263' title='bbox 338 3745 443 3812; x_wconf 87' lang='lat' dir='ltr'>firmat</span> <span class='ocrx_word' id='word_1_264' title='bbox 463 3742 622 3833; x_wconf 85' lang='lat' dir='ltr'>exemplo.</span> <span class='ocrx_word' id='word_1_265' title='bbox 666 3741 763 3808; x_wconf 79' lang='lat' dir='ltr'>&#39;Evae</span> <span class='ocrx_word' id='word_1_266' title='bbox 784 3741 849 3829; x_wconf 63' lang='grc' dir='ltr'>«γὰρ</span> <span class='ocrx_word' id='word_1_267' title='bbox 871 3741 901 3809; x_wconf 83' lang='grc' dir='ltr'>εἰ</span> <span class='ocrx_word' id='word_1_268' title='bbox 920 3741 1066 3832; x_wconf 80' lang='grc' dir='ltr'>ἑωρῶμεν</span> <span class='ocrx_word' id='word_1_269' title='bbox 1087 3745 1146 3812; x_wconf 79' lang='grc' dir='ltr'>οὐκ</span> <span class='ocrx_word' id='word_1_270' title='bbox 1167 3745 1208 3813; x_wconf 83' lang='grc' dir='ltr'>ἂν</span> <span class='ocrx_word' id='word_1_271' title='bbox 1228 3746 1404 3833; x_wconf 68' lang='grc' dir='ltr'>ἐζητοῦμεν,</span> <span class='ocrx_word' id='word_1_272' title='bbox 1425 3734 1477 3821; x_wconf 56' lang='lat'>0¹32(</span> <span class='ocrx_word' id='word_1_273' title='bbox 1546 3814 1547 3827; x_wconf 55' lang='grc'>,</span> 
     </span>
     <span class='ocr_line' id='line_1_34' title="bbox 338 3836 1474 3935; baseline 0.007 -22"><span class='ocrx_word' id='word_1_274' title='bbox 338 3846 380 3918; x_wconf 75' lang='grc' dir='ltr'>ὥς</span> <span class='ocrx_word' id='word_1_275' title='bbox 394 3846 510 3919; x_wconf 74' lang='grc' dir='ltr'>εἰδότες</span> <span class='ocrx_word' id='word_1_276' title='bbox 529 3849 576 3934; x_wconf 76' lang='grc' dir='ltr'>τῷ</span> <span class='ocrx_word' id='word_1_277' title='bbox 597 3843 687 3935; x_wconf 75' lang='grc' dir='ltr'>ὁρᾷν·</span> <span class='ocrx_word' id='word_1_278' title='bbox 714 3842 805 3930; x_wconf 71' lang='grc' dir='ltr'>[ἀλλ’</span> <span class='ocrx_word' id='word_1_279' title='bbox 821 3840 863 3915; x_wconf 78' lang='lat' dir='ltr'>dc</span> <span class='ocrx_word' id='word_1_280' title='bbox 881 3842 1009 3934; x_wconf 61' lang='grc' dir='ltr'>ἔχοντες</span> <span class='ocrx_word' id='word_1_281' title='bbox 1030 3845 1068 3912; x_wconf 84' lang='grc' dir='ltr'>τὸ</span> <span class='ocrx_word' id='word_1_282' title='bbox 1090 3848 1233 3917; x_wconf 79' lang='grc' dir='ltr'>καθόλου</span> <span class='ocrx_word' id='word_1_283' title='bbox 1253 3849 1290 3916; x_wconf 81' lang='grc' dir='ltr'>ἐκ</span> <span class='ocrx_word' id='word_1_284' title='bbox 1310 3855 1366 3917; x_wconf 81' lang='grc' dir='ltr'>τοῦ</span> <span class='ocrx_word' id='word_1_285' title='bbox 1386 3836 1474 3933; x_wconf 61' lang='lat' dir='ltr'>ipit]</span> 
     </span>
    </p>

    <p class='ocr_par' dir='ltr' id='par_1_7' title="bbox 467 3974 1360 4050">
     <span class='ocr_line' id='line_1_35' title="bbox 467 3974 1360 4050; baseline 0.004 -13"><span class='ocrx_word' id='word_1_286' title='bbox 467 3984 477 4017; x_wconf 90' lang='lat'>¹</span> <span class='ocrx_word' id='word_1_287' title='bbox 494 3986 549 4037; x_wconf 80' lang='lat' dir='ltr'>so.</span> <span class='ocrx_word' id='word_1_288' title='bbox 562 3984 703 4037; x_wconf 70' lang='lat' dir='ltr'>anm.</span> <span class='ocrx_word' id='word_1_289' title='bbox 715 4000 771 4050; x_wconf 70' lang='lat' dir='ltr'>ep.</span> <span class='ocrx_word' id='word_1_290' title='bbox 784 3997 803 4035; x_wconf 90' lang='lat'>1.</span> <span class='ocrx_word' id='word_1_291' title='bbox 1067 3983 1078 4016; x_wconf 76' lang='lat'><strong>¹</strong></span> <span class='ocrx_word' id='word_1_292' title='bbox 1095 3985 1151 4037; x_wconf 80' lang='lat' dir='ltr'>nu.</span> <span class='ocrx_word' id='word_1_293' title='bbox 1164 4000 1205 4037; x_wconf 83' lang='lat' dir='ltr'>m.</span> <span class='ocrx_word' id='word_1_294' title='bbox 1217 3988 1248 4039; x_wconf 72' lang='lat' dir='ltr'>a</span> <span class='ocrx_word' id='word_1_295' title='bbox 1258 3974 1360 4041; x_wconf 68' lang='lat' dir='ltr'>sirm.</span> 
     </span>
    </p>
   </div>
   <div class='ocr_carea' id='block_1_5' title="bbox 335 4174 1546 4511">
    <p class='ocr_par' dir='ltr' id='par_1_8' title="bbox 337 4174 1546 4343">
     <span class='ocr_line' id='line_1_36' title="bbox 390 4174 1546 4254; baseline 0.001 -16"><span class='ocrx_word' id='word_1_296' title='bbox 390 4182 984 4254; x_wconf 74' lang='lat' dir='ltr'>AndhanceitiasatdthatNottringisin</span> <span class='ocrx_word' id='word_1_297' title='bbox 999 4182 1049 4240; x_wconf 77' lang='lat' dir='ltr'>the</span> <span class='ocrx_word' id='word_1_298' title='bbox 1066 4184 1473 4250; x_wconf 70' lang='lat' dir='ltr'>Intenmtwhimmrmtpn</span> <span class='ocrx_word' id='word_1_299' title='bbox 1545 4174 1546 4191; x_wconf 59' lang='lat'>¹</span> 
     </span>
     <span class='ocr_line' id='line_1_37' title="bbox 337 4268 1461 4343; baseline 0.004 -18"><span class='ocrx_word' id='word_1_300' title='bbox 337 4268 441 4339; x_wconf 80' lang='lat' dir='ltr'>rioaaly</span> <span class='ocrx_word' id='word_1_301' title='bbox 452 4268 482 4323; x_wconf 90' lang='lat' dir='ltr'>in</span> <span class='ocrx_word' id='word_1_302' title='bbox 492 4268 542 4323; x_wconf 77' lang='lat' dir='ltr'>the</span> <span class='ocrx_word' id='word_1_303' title='bbox 553 4268 667 4336; x_wconf 65' lang='lat' dir='ltr'>Senam,</span> <span class='ocrx_word' id='word_1_304' title='bbox 684 4270 740 4325; x_wconf 88' lang='lat' dir='ltr'>and</span> <span class='ocrx_word' id='word_1_305' title='bbox 751 4271 814 4327; x_wconf 75' lang='lat' dir='ltr'>mat</span> <span class='ocrx_word' id='word_1_306' title='bbox 825 4270 875 4326; x_wconf 88' lang='lat' dir='ltr'>the</span> <span class='ocrx_word' id='word_1_307' title='bbox 887 4270 1017 4326; x_wconf 85' lang='lat' dir='ltr'>Intalleet</span> <span class='ocrx_word' id='word_1_308' title='bbox 1028 4272 1052 4326; x_wconf 87' lang='lat' dir='ltr'>is</span> <span class='ocrx_word' id='word_1_309' title='bbox 1064 4270 1119 4326; x_wconf 84' lang='lat' dir='ltr'>like</span> <span class='ocrx_word' id='word_1_310' title='bbox 1130 4288 1148 4326; x_wconf 90' lang='lat' dir='ltr'>a</span> <span class='ocrx_word' id='word_1_311' title='bbox 1159 4271 1238 4327; x_wconf 79' lang='lat' dir='ltr'>sheet</span> <span class='ocrx_word' id='word_1_312' title='bbox 1249 4274 1280 4328; x_wconf 81' lang='lat' dir='ltr'>os</span> <span class='ocrx_word' id='word_1_313' title='bbox 1288 4273 1370 4330; x_wconf 76' lang='lat' dir='ltr'>white</span> <span class='ocrx_word' id='word_1_314' title='bbox 1380 4278 1461 4343; x_wconf 66' lang='lat' dir='ltr'>W?-</span> 
     </span>
    </p>

    <p class='ocr_par' dir='ltr' id='par_1_9' title="bbox 335 4351 1473 4511">
     <span class='ocr_line' id='line_1_38' title="bbox 389 4351 1473 4431; baseline 0.004 -20"><span class='ocrx_word' id='word_1_315' title='bbox 389 4354 448 4411; x_wconf 86' lang='lat' dir='ltr'>But</span> <span class='ocrx_word' id='word_1_316' title='bbox 458 4351 641 4425; x_wconf 81' lang='lat' dir='ltr'>propositione</span> <span class='ocrx_word' id='word_1_317' title='bbox 652 4362 802 4413; x_wconf 84' lang='lat' dir='ltr'>consonant</span> <span class='ocrx_word' id='word_1_318' title='bbox 813 4360 843 4413; x_wconf 92' lang='lat' dir='ltr'>to</span> <span class='ocrx_word' id='word_1_319' title='bbox 854 4357 998 4429; x_wconf 84' lang='lat' dir='ltr'>perpetual</span> <span class='ocrx_word' id='word_1_320' title='bbox 1011 4358 1173 4427; x_wconf 82' lang='lat' dir='ltr'>oxparieuce</span> <span class='ocrx_word' id='word_1_321' title='bbox 1186 4374 1248 4429; x_wconf 85' lang='lat' dir='ltr'>may</span> <span class='ocrx_word' id='word_1_322' title='bbox 1259 4358 1295 4415; x_wconf 90' lang='lat' dir='ltr'>be</span> <span class='ocrx_word' id='word_1_323' title='bbox 1306 4352 1434 4431; x_wconf 76' lang='lat' dir='ltr'>regarded</span> <span class='ocrx_word' id='word_1_324' title='bbox 1448 4360 1473 4401; x_wconf 60' lang='grc' dir='ltr'><strong>ὕ</strong></span> 
     </span>
     <span class='ocr_line' id='line_1_39' title="bbox 335 4439 999 4511; baseline -0.002 -13"><span class='ocrx_word' id='word_1_325' title='bbox 335 4440 499 4511; x_wconf 83' lang='lat' dir='ltr'>nniversatly</span> <span class='ocrx_word' id='word_1_326' title='bbox 511 4444 581 4508; x_wconf 84' lang='lat' dir='ltr'>true,</span> <span class='ocrx_word' id='word_1_327' title='bbox 591 4439 708 4497; x_wconf 66' lang='lat' dir='ltr'>besam</span> <span class='ocrx_word' id='word_1_328' title='bbox 719 4446 819 4499; x_wconf 78' lang='lat' dir='ltr'>ratum</span> <span class='ocrx_word' id='word_1_329' title='bbox 830 4445 854 4499; x_wconf 90' lang='lat' dir='ltr'>is</span> <span class='ocrx_word' id='word_1_330' title='bbox 865 4446 999 4499; x_wconf 85' lang='lat' dir='ltr'>constant.</span> 
     </span>
    </p>
   </div>
   <div class='ocr_carea' id='block_1_6' title="bbox 0 0 1588 5192">
    <p class='ocr_par' dir='ltr' id='par_1_10' title="bbox 0 0 1588 5192">
     <span class='ocr_line' id='line_1_40' title="bbox 0 0 1588 5192; baseline 0 1"><span class='ocrx_word' id='word_1_331' title='bbox 0 0 1588 5192; x_wconf 95' lang='lat' dir='ltr'> </span> 
     </span>
    </p>
   </div>
  </div>
 </body>
</html>
