3167 5192
396 301 460 369 170
699 313 887 365 nacurouns
908 309 1147 363 caounrmcrr.
1309 291 1435 380 [Lacr.
1450 313 1476 362 1.

395 494 530 574 possunt
543 480 722 551 velocitatis
737 480 854 569 gradus
869 478 997 561 diversi,
1016 499 1107 568 pares
1125 477 1178 545 vel
1197 477 1355 566 impares,
1373 489 1478 567 prout

396 591 516 657 mobile
529 612 587 679 per
604 599 704 654 totam
724 609 815 653 suam
836 585 986 651 lationem
1001 584 1053 650 vel
1074 582 1210 650 eundem
1229 582 1401 669 impet-um
1425 607 1479 650 re·

281 743 285 749 -
396 696 506 776 tinere,
528 694 581 760 vel
596 691 767 780 aliquando
784 690 907 756 varium
923 688 1097 754 adsciscere
1116 696 1328 774 supponatur,
1351 697 1479 752 utcun-

397 819 459 885 que
471 795 637 863 crescendo
651 794 704 860 vel
719 790 937 859 decrescendo.

464 898 501 967 Si
515 898 718 965 velocitatem
733 917 857 982 semper
871 891 1004 958 eandem
1019 913 1202 958 conservare
1214 891 1357 973 dicatur,
1375 891 1480 960 facile

395 1013 517 1092 patete
537 1001 630 1066 dictis
651 998 853 1065 velocitatem
873 1005 1078 1082 aggregatam
1101 993 1232 1061 definito
1254 995 1368 1062 cuivis
1390 1007 1479 1064 tem-

284 1165 291 1177 .
322 1167 328 1179 .
397 1107 467 1194 pori
490 1104 729 1172 convenientem
758 1100 932 1166 rectissime
955 1121 1012 1186 per
1040 1098 1175 1184 figuram
1198 1097 1480 1186 parallelogram-

399 1231 486 1274 mam
500 1205 646 1293 exprimi,
663 1202 768 1291 qualis
781 1211 831 1268 est
845 1201 974 1280 AZZE,
989 1199 1023 1265 in
1042 1205 1106 1286 qut
1123 1200 1207 1265 latus
1221 1201 1293 1264 Aa
1309 1203 1479 1289 temporis

399 1309 523 1377 definiti
551 1310 654 1374 vicem
680 1306 757 1386 obit,
778 1305 936 1391 reliquum
964 1304 1035 1384 ΑΖ,
1058 1304 1150 1393 eique
1178 1303 1348 1391 parallelae
1376 1317 1478 1372 rectae

400 1434 510 1480 omnes
536 1412 603 1491 ΒΖ,
630 1409 691 1490 ΟΖ,
716 1408 785 1483 DZ,
816 1407 880 1473 ΕΖ
892 1407 1070 1474 velocitatis
1096 1407 1214 1494 grediu
1232 1408 1390 1494 singulos
1417 1432 1478 1497 per

400 1515 529 1603 cingula
545 1513 696 1602 temporis
714 1523 875 1579 momenta
892 1522 1101 1600 penetrantes,
1118 1512 1152 1576 in
1167 1511 1227 1577 hoc
1246 1511 1380 1580 scilicet
1396 1535 1478 1580 casu

400 1641 501 1708 pares,
531 1617 695 1684 exhibent.
754 1615 895 1681 Possunt
922 1614 1028 1693 etiam,
1058 1621 1096 1678 ut
1125 1613 1254 1694 dictum,
1291 1615 1477 1701 parallelo·

400 1744 544 1810 gramma
564 1720 691 1799 AZZB,
714 1718 843 1798 AZZG,
861 1717 992 1797 AZZD,
1013 1717 1135 1781 AZZE
1150 1717 1252 1803 spatia
1274 1719 1476 1806 respectivis

400 1824 597 1912 temporibus
610 1824 685 1902 AB,
701 1821 776 1902 Aa,
791 1822 869 1901 AD,
885 1821 954 1884 ΑΕ
969 1820 1101 1886 decursa
1119 1819 1263 1908 apposite
1284 1820 1476 1908 designare.

401 1925 433 1991 Ε
448 1932 513 2012 qut
527 1924 777 2000 consideratione
798 1922 874 2003 solt,
890 1922 943 1989 vel
963 1923 1082 1987 intuitu
1099 1921 1201 2009 primo
1221 1933 1334 1990 motus
1356 1923 1475 2010 hujus·

400 2027 498 2108 modi,
534 2048 628 2114 quem
658 2025 858 2112 aequabilem,
888 2034 921 2091 et
953 2024 1140 2090 unisonuem
1170 2024 1328 2106 vocitant,
1361 2028 1476 2093 omnia

402 2138 618 2217 symptomata
646 2128 760 2194 deduci
784 2137 926 2216 possunt.
972 2125 1090 2206 Quales
1112 2136 1204 2192 sunt:
1231 2128 1324 2213 quod
1351 2130 1474 2217 equali

400 2242 553 2320 perpetuo
573 2232 741 2298 velocitate
762 2232 949 2298 transmissa
970 2232 1074 2319 spatia
1095 2253 1163 2297 sese
1184 2230 1309 2298 habent
1331 2242 1372 2298 ut
1390 2244 1475 2300 tem·

400 2357 496 2424 pora:
520 2335 615 2416 Quod
635 2333 750 2422 equali
768 2345 909 2422 tempore
927 2343 1053 2422 peracta
1074 2335 1177 2420 spatia
1196 2355 1266 2400 sese
1287 2335 1417 2403 habent
1435 2345 1473 2400 ut

400 2441 604 2520 velocitates3
627 2449 660 2505 et
673 2439 835 2530 vicissim:
860 2437 897 2506 Si
920 2439 1024 2526 spatia
1043 2447 1117 2503 sunt
1131 2448 1167 2502 ut
1181 2437 1375 2504 velocitates
1391 2439 1483 2505 tem·'

400 2566 479 2632 pora
493 2544 560 2610 fore
580 2541 735 2630 aequalia3
757 2543 786 2608 si
807 2553 845 2608 ut
863 2551 1015 2628 tempora,
1038 2540 1221 2607 velocitates
1241 2543 1379 2630 aequari.
1425 2541 1472 2607 Et

400 2647 430 2711 si
447 2645 584 2732 aequalia
599 2644 702 2733 spatia
715 2644 842 2724 fuerint,
867 2653 1007 2731 tempora
1021 2643 1244 2709 velocitatibus
1260 2645 1471 2733 proportione

401 2748 603 2834 reciprocari3
626 2757 806 2833 contraque,
828 2747 856 2812 si
871 2755 1012 2833 tempora
1025 2745 1246 2813 velocitatibus
1261 2748 1471 2836 proportione

401 2851 642 2937 reciprocentur,
673 2849 777 2936 spatia
805 2847 933 2914 sibimet
961 2849 1132 2934 exaequari.
1179 2847 1295 2935 Spatia
1331 2851 1470 2936 denique

402 2953 554 3038 quaelibct
567 2951 774 3038 compositam
788 2950 905 3016 habere
922 2951 1075 3016 rationem
1090 2973 1107 3016 e
1122 2952 1300 3020 rationibus
1316 2955 1471 3022 velocita-

402 3065 515 3120 tumet
528 3063 723 3140 tempornm3
739 3075 798 3118 nec
811 3073 885 3132 non,
897 3053 1101 3120 subducendo
1115 3055 1270 3121 rationem
1286 3067 1469 3146 temporum

381 3188 388 3201 ·
401 3179 421 3222 e
434 3157 555 3223 ratione
569 3157 742 3244 spatiorum
757 3156 915 3222 residuam
931 3180 1059 3224 manere
1073 3159 1227 3224 rationem
1239 3161 1468 3238 velocitatem

400 3260 454 3326 vel
483 3259 688 3326 subducendo
716 3260 871 3325 rationem
899 3259 1103 3328 velocitatum
1137 3262 1276 3349 relinqui
1312 3266 1468 3331 rationem

325 3381 328 3386 '
399 3374 587 3451 temporum.
632 3363 713 3428 Haec
731 3363 818 3429 enim
838 3363 1202 3451 parallelogrammorum
1223 3367 1309 3434 inter
1329 3390 1364 3434 se
1382 3387 1469 3433 com·

399 3478 581 3554 paratorum
597 3467 778 3532 affectiones
794 3477 869 3531 suut
887 3467 1171 3553 (aquiangrrlcrum
1191 3467 1342 3557 intelligo
1361 3467 1467 3556 paral·

401 3571 695 3656 lelogrammorum;
725 3592 801 3635 nam
826 3570 884 3636 ubi
909 3571 1175 3658 repraesentativa,
1202 3571 1272 3638 haec
1294 3570 1467 3662 parallelo-

400 3693 545 3756 gramma
573 3670 776 3737 oonferuntur
805 3671 889 3736 inter
918 3693 962 3752 sc,
993 3671 1196 3759 aequiangula
1228 3675 1476 3741 constituantur.

399 3784 523 3861 oportet
535 3798 545 3853 3
575 3772 695 3860 alioqui
721 3795 792 3840 cum
819 3772 1008 3860 singillatim
1034 3784 1233 3862 spectantum
1262 3775 1348 3842 nihil
1369 3772 1465 3840 refert

399 3875 531 3962 quinam
555 3873 693 3960 angulus
712 3875 879 3958 statuatur)
903 3874 980 3955 haec,
1003 3874 1144 3963 inquam,
1167 3876 1463 3964 eparallelogram·

400 3999 523 4042 morum
538 3981 652 4042 natura
666 3976 799 4061 liquent,
815 3984 903 4042 etex
923 3977 963 4042 iis
983 3999 1054 4064 quae
1068 3979 1233 4066 posuimus
1253 3989 1367 4068 sponte
1385 3995 1461 4039 con·

400 4088 579 4159 sectantum
617 4087 654 4146 ut
686 4078 809 4144 nullam
840 4078 936 4146 aliam
971 4079 1270 4149 demonstrationem
1303 4076 1459 4165 requirere

400 4179 578 4247 videantur.
622 4181 668 4246 Et
696 4203 772 4248 sarie
801 4182 905 4269 quoad
935 4205 1045 4250 omnes
1073 4184 1310 4252 Mathematicae
1339 4178 1458 4263 aare

289 4275 292 4280 ’
401 4283 545 4348 subditas
562 4283 635 4368 (hoc
653 4294 704 4350 est
723 4295 886 4372 utcunque
901 4287 1112 4373 quantitatem
1130 4285 1342 4370 involventes)
1358 4289 1457 4348 mato·

400 4386 464 4451 rias
493 4407 566 4452 cum
597 4392 716 4472 magne
743 4387 896 4453 facilitate
932 4387 1143 4458 Theoremeta
1174 4391 1359 4480 perspicere,
1388 4393 1454 4444 tum
