3167 5192
335 346 400 413 nte
674 360 861 415 uneuresss
883 359 1158 413 unrnnunrrcn.
1284 344 1386 429 [neor.
1400 360 1474 411 usn.

339 555 436 621 qusm
450 553 551 601 unum
569 531 660 600 abest
677 540 716 600 ut
732 531 824 599 elteri
845 530 889 601 sit
909 530 1049 620 aequsIe;
1072 528 1318 599 determinatam
1337 526 1475 617 quendem

337 637 380 703 sb
394 636 575 724 aeqmlitato
588 634 830 719 remotionem);
851 658 909 725 per
926 635 1027 718 λόγον
1044 644 1151 703 sutem
1175 636 1226 720 (ut
1245 634 1367 723 opinor)
1384 654 1476 721 perpe·

336 749 392 807 tuo
408 738 578 827 designent
591 738 680 805 illum
694 748 887 827 quantorum
902 739 1031 829 σχέσιν,
1045 762 1119 829 quse
1132 739 1200 807 diei
1222 738 1304 805 solet
1317 737 1394 803 rstio
1407 735 1476 805 Geo-

337 842 478 925 metrice,
506 842 559 911 vel
579 842 661 910 ratio
685 843 881 931 simpliciter.
925 843 1026 931 Apud
1054 865 1166 911 omues
1195 842 1285 909 enim
1313 863 1383 909 eum
1408 840 1477 905 ratri

337 946 468 1035 ponitur
484 944 669 1027 ἀπολύτως,
687 955 720 1013 ot
741 946 784 1013 sb
806 944 948 1034 epitheto
966 946 1075 1028 libere,
1094 946 1179 1013 ratio
1199 942 1390 1031 intelligitur
1413 940 1477 1009 (leo

337 1050 476 1131 mica,
498 1048 560 1116 hoo
580 1059 638 1131 est,
657 1071 696 1116 ee
714 1047 832 1137 σχέσις
849 1049 946 1136 juxte
958 1071 1055 1136 quem
1072 1069 1174 1116 unum
1191 1056 1353 1135 ,quantum
1366 1042 1476 1111 slteues

337 1151 498 1241 totuplum
513 1152 567 1219 vel
579 1152 673 1240 qussi
686 1151 846 1241 totuplum
866 1152 1043 1242 coneipitur
1064 1152 1123 1239 (ita
1141 1152 1307 1219 eontiuere
1327 1148 1419 1231 eliud,
1436 1146 1476 1215 vel

338 1256 385 1322 its
398 1254 552 1323 contineri
569 1254 604 1319 iu
618 1253 692 1336 elie,
710 1254 795 1323 siout
808 1277 958 1323 numerus
971 1254 1038 1323 isto
1054 1255 1199 1323 eontinet
1219 1253 1331 1333 ulium,
1351 1249 1401 1318 vel
1417 1270 1477 1315 oeu-

337 1357 456 1423 tinetur
470 1357 505 1423 in
519 1356 601 1439 slie;
623 1355 677 1425 rel
690 1356 805 1424 saltem
821 1356 904 1423 siout
918 1357 1135 1445 expositorum
1153 1356 1294 1425 duorum
1307 1362 1475 1443 quantorum

338 1460 420 1527 illud
433 1460 575 1527 eontinet
587 1459 659 1542 hoo,
676 1458 731 1527 vol
749 1459 929 1527 eontinetur
945 1459 980 1525 in
999 1460 1072 1545 hoo)
1092 1483 1156 1548 quo
1177 1466 1275 1549 puoto
1293 1482 1325 1525 v.
1333 1480 1366 1544 g.
1384 1452 1476 1521 suto

337 1564 431 1633 linoae
451 1561 617 1653 tripedalis
638 1561 680 1629 ed
700 1560 890 1651 bipedalem,
909 1564 1008 1652 juxte
1028 1585 1125 1652 quem
1147 1564 1207 1633 ills
1228 1560 1329 1631 semel
1348 1560 1432 1641 hene,
1450 1564 1476 1621 et

336 1674 406 1763 ejus
434 1673 564 1761 insuper
592 1671 756 1739 semissem
784 1668 961 1756 ooneipitur
986 1668 1166 1751 includere3
1198 1670 1254 1737 vel
1280 1668 1322 1737 ed
1349 1668 1426 1735 hmo
1448 1685 1475 1731 se

337 1778 464 1857 hebere,
484 1776 568 1843 sicut
586 1797 737 1841 uumerus
750 1772 907 1841 ternarius
924 1772 965 1839 sd
980 1773 1150 1856 binarium,
1172 1773 1293 1841 dieitur
1310 1774 1389 1839 ratio
1409 1772 1475 1839 eo

337 1879 478 1959 mnes,
499 1877 553 1943 vel
580 1877 664 1943 ratio
689 1875 899 1965 (simpliciter)
923 1875 1149 1966 sesquialtera:
1174 1876 1362 1964 inversoque
1381 1873 1473 1943 relatio

334 1982 426 2049 linoae
439 1978 596 2067 bipedalis
610 1978 654 2047 ed
666 1979 863 2068 tripedalem,
882 1980 979 2067 juxte
992 2002 1089 2069 quern
1103 1980 1160 2049 ille
1174 1980 1258 2050 dues
1277 1981 1371 2069 hujus
1384 1987 1472 2067 pertus

333 2083 429 2152 officit
449 2082 568 2164 terties,
589 2081 644 2149 vel
664 2105 699 2149 se
720 2082 819 2151 habet
841 2082 884 2151 ed
903 2083 986 2151 hene
1007 2084 1090 2153 siout
1110 2106 1265 2155 numerus
1286 2082 1418 2154 binarius
1435 2078 1470 2147 sd

335 2186 518 2267 ternarium,
534 2184 651 2253 dieitur
664 2188 748 2255 ratio
760 2186 975 2275 sesquialtera.

400 2289 432 2357 Ε
454 2289 572 2380 quibus
591 2299 753 2377 uteunque
774 2290 895 2377 liquere
916 2300 1029 2379 potest,
1055 2302 1215 2379 quantum
1240 2291 1360 2361 intersit
1377 2287 1471 2357 dism-

337 2394 434 2463 minis
448 2395 531 2463 inter
544 2396 640 2462 husee
653 2393 734 2461 dues
747 2392 926 2476 relationes,
941 2393 1186 2463 Arithmetiesm
1203 2407 1238 2465 et
1252 2392 1466 2471 Geemouioun,

337 2519 417 2585 quos
432 2495 631 2586 appellitant.
675 2494 779 2562 Valde
799 2494 950 2563 differunt
966 2496 1053 2563 enim
1072 2497 1161 2565 eliud
1181 2499 1246 2568 hoo
1265 2498 1316 2567 vel
1330 2496 1379 2563 illo
1390 2515 1467 2563 eroe-

335 2599 420 2684 dere,
432 2610 466 2668 ot
479 2599 569 2668 eliud
582 2598 677 2667 toties
693 2598 759 2686 (vel
772 2599 865 2687 quusi
879 2599 983 2682 toties,
995 2600 1031 2667 id
1044 2601 1128 2669 eddo
1141 2610 1231 2672 certe
1244 2604 1285 2673 do
1298 2604 1386 2671 osusl
1396 2606 1467 2688 poel-

334 2702 398 2770 heo
410 2701 616 2785 insinuandi)
632 2700 812 2783 eontinere3
835 2700 897 2769 hee
914 2701 969 2769 rel
987 2702 1044 2769 illo
1060 2703 1203 2787 definere,
1219 2716 1254 2775 et
1267 2705 1356 2773 toties
1368 2702 1404 2769 sb
1415 2698 1465 2765 ulie

336 2805 571 2892 eomprehendi.

401 2905 511 2993 Vulgo
535 2906 712 2995 explicetur
735 2907 797 2975 hoo
820 2906 989 2976 discrimen
1013 2908 1100 2978 haud
1125 2910 1210 2979 mels
1232 2936 1275 2982 ex
1299 2910 1393 2989 medo,
1414 2924 1463 2992 quo

339 3007 574 3094 investigentur
597 3017 630 3075 et
654 3010 856 3077 innotescunt
880 3011 931 3077 hae
957 3010 1134 3096 relationes,
1159 3024 1231 3084 tum
1257 3016 1364 3083 saltem
1385 3026 1463 3099 quum
1532 3020 1533 3044 ³

338 3108 467 3177 termini
485 3111 658 3199 oempsusti
679 3113 819 3179 numeris
840 3114 1062 3205 exprimuntur
1086 3119 1315 3206 (exeeptionem
1333 3119 1405 3183 hmo
1419 3130 1464 3195 op·

337 3236 432 3303 pono,
455 3213 532 3302 quis
556 3214 649 3283 video
670 3225 799 3303 prepter
819 3218 909 3285 illem
929 3219 1106 3308 neglectum
1130 3224 1291 3293 rationum
1315 3216 1462 3289 doctrinm1

334 3326 394 3388 sut
410 3340 574 3407 perpetem
595 3329 651 3386 eut
669 3320 802 3389 obscure
820 3322 915 3408 trudi)
938 3324 993 3391 sed
1012 3348 1166 3413 ponemus
1186 3329 1335 3395 terminos
1353 3324 1422 3390 inter
1436 3336 1463 3379 se

337 3424 468 3493 oollstes
493 3424 633 3493 numeris
654 3424 810 3513 exprimi;
840 3435 909 3493 tum
932 3426 1093 3497 invonitur
1117 3430 1259 3520 ipsorum
1279 3420 1463 3500 Arithmetise

336 3528 427 3609 rotie,
443 3525 647 3595 subdnoende
661 3528 831 3595 terminum
846 3541 1089 3619 consequentem
1104 3535 1146 3600 ab
1159 3536 1374 3611 antecedente3
1394 3524 1461 3594 Ges·
1531 3524 1532 3527 ’

336 3631 468 3699 metrice
478 3653 553 3699 vero
567 3629 740 3697 dividendo
750 3632 921 3699 terminum
930 3635 1166 3705 entooedontem
1177 3662 1234 3728 por
1247 3641 1461 3724 oonsequentem

339 3734 514 3821 (iuvenitur
526 3733 672 3823 inquam,
690 3733 751 3801 hee
769 3743 828 3818 ost,
846 3734 1013 3819 indicetur,
1034 3739 1238 3810 aestimationi
1257 3754 1364 3811 nostro
1379 3728 1461 3819 subji-

335 3836 442 3924 citur).

402 3938 444 4008 Ε.
459 3964 491 4027 g.
522 3939 733 4029 comparando
759 3939 822 4007 dno
845 3953 965 4031 qusnts
987 3946 1126 4013 numeris
1150 3950 1285 4018 temerio
1307 3958 1338 4017 et
1359 3936 1459 4011 bimulo

336 4041 551 4125 denominate,
573 4044 675 4111 lineos
696 4053 775 4132 puts
795 4044 981 4133 tripedelem
1006 4058 1039 4115 et
1063 4049 1253 4139 bipedalem,
1283 4039 1457 4121 mbdnoendo

337 4143 497 4211 binarium
511 4169 553 4213 ex
567 4146 702 4215 tornerie
715 4148 905 4238 relinquitur
915 4150 1092 4222 differentis
1101 4176 1211 4240 unum,
1223 4160 1274 4225 vel
1288 4178 1347 4226 uns
1358 4143 1457 4243 pedffit

387 4456 582 4515 Arithmetiosl
593 4460 665 4517 ratio
676 4462 809 4520 obtained
821 4465 856 4535 by
867 4466 1057 4540 sublruetiug3
1077 4470 1268 4546 (immotum,
1279 4462 1431 4543 1)]ᾱίήῶθέ-
