3167 5192
152 427 248 477 aner.
265 407 355 494 xm]
496 424 684 475 memoras
706 425 982 478 arcessamus.
1252 415 1313 481 tel

152 595 338 683 ἰσάριθμον.
383 594 438 661 Ex
453 595 542 684 quali
555 595 682 662 infinite
702 596 885 663 inferiorum
904 597 1171 685 homogeneorum
1190 604 1316 667 summu

151 700 302 789 componi
324 699 470 787 superins
492 699 736 787 heterogeneum
761 702 816 786 (ex
837 700 973 767 infinitis
997 711 1078 790 puta
1101 702 1197 770 lineis
1222 704 1317 771 rectis

150 804 350 893 superficiem
364 803 504 893 planem,
523 827 566 871 ex
580 803 716 870 infinitis
729 804 917 892 peripheriis
932 806 1138 873 concentricis
1157 806 1312 873 circulum

152 907 300 996 planum,
315 931 359 974 ex
373 907 508 974 infinitis
523 908 750 997 superficiebus
767 908 874 995 plenis
893 908 946 975 vel
964 908 1069 976 curvis
1089 908 1227 976 solidum
1247 933 1316 977 cor-

154 1012 228 1099 pus)
251 1012 368 1099 siquis
386 1021 514 1094 asserat,
535 1012 570 1078 id
588 1012 674 1100 quod
692 1035 829 1100 magnus
849 1012 904 1079 ille
921 1012 1078 1081 Galiloeus
1098 1036 1235 1081 asserere
1250 1037 1315 1081 non

153 1116 290 1198 dubitat,
304 1116 392 1183 haud
405 1116 498 1183 facile
512 1116 629 1205 poterit
647 1116 760 1183 erroris
779 1116 937 1199 convinci,
958 1116 1012 1184 vel
1031 1116 1177 1185 funditus
1191 1140 1316 1207 expug-

152 1240 237 1285 narr.

222 1320 289 1390 Sed
301 1330 471 1409 utcunque,
482 1321 616 1387 dimisse
628 1321 692 1387 istu
705 1320 927 1404 controversis,
938 1322 1022 1388 nihil
1033 1345 1110 1390 usus
1125 1322 1185 1390 iste
1199 1334 1316 1391 nostra

151 1426 325 1514 quiequam
348 1426 446 1492 officit
466 1426 627 1506 doctrine,
648 1434 680 1492 et
702 1425 756 1491 vel
780 1425 906 1491 illorum
930 1426 986 1513 qui
1009 1426 1196 1493 methodum
1221 1427 1316 1494 istam

153 1529 314 1599 ambabus
334 1528 421 1594 ulnis
442 1527 674 1616 amplexantur,
690 1527 848 1594 sententis
869 1526 1128 1615 irrefragabiliter
1147 1528 1235 1596 valet
1255 1528 1318 1595 hoe

152 1640 359 1720 praeceptum,
373 1653 415 1696 ne
429 1629 560 1697 definite
573 1629 754 1717 quantitate
774 1629 828 1696 vel
848 1652 979 1697 numero
1000 1629 1211 1717 heterogenes
1232 1654 1318 1699 corn·

151 1744 306 1823 parentur
319 1733 402 1799 inter
416 1756 459 1799 se.

221 1836 317 1917 Quod
330 1860 404 1903 cum
418 1859 460 1904 ex
475 1860 509 1904 se
524 1835 647 1925 liquido
661 1859 772 1903 verum
788 1846 821 1903 et
835 1858 1034 1925 summopere
1051 1836 1166 1903 rationi
1185 1860 1318 1905 consen·

151 1954 287 2009 taneum
309 1941 362 2023 sit,
385 1940 425 2007 de
446 1963 484 2007 eo
504 1951 621 2020 tamen,
646 1950 683 2005 ut
706 1962 748 2005 ex
770 1948 860 2027 parte
879 1938 948 2027 jam
974 1950 1048 2007 ante
1072 1940 1192 2023 monui,
1215 1942 1319 2009 movit

150 2068 258 2134 nuper
282 2043 527 2111 controversiam
552 2052 659 2108 noster
687 2041 730 2108 D.
754 2042 914 2124 Hobbius,
942 2052 974 2109 et
998 2066 1065 2110 rem
1092 2043 1171 2111 adeo
1197 2044 1316 2111 claram

151 2148 269 2238 spissia
292 2158 447 2236 quantum
470 2148 506 2213 in
530 2169 565 2212 se
588 2144 714 2213 nebulis
737 2145 914 2212 offuscavit.
958 2144 1028 2213 Nee
1051 2146 1136 2213 enim
1161 2146 1262 2215 lineas
1286 2157 1319 2215 et

151 2263 308 2339 tempora,
323 2249 471 2338 quamvis
485 2250 568 2315 inter
585 2271 620 2315 se
639 2246 849 2315 dissitissimae
867 2256 999 2330 naturae,
1014 2247 1103 2315 velut
1121 2248 1320 2339 homogenea

152 2364 287 2443 quanta,
306 2364 513 2439 mutuamque
535 2351 647 2417 sortita
667 2352 901 2439 proportionem
923 2359 1049 2418 veretur
1070 2352 1153 2418 inter
1175 2375 1210 2419 se
1231 2376 1319 2420 com·

152 2480 276 2546 parare.
320 2454 406 2521 Nam
426 2454 502 2542 quis
520 2452 659 2520 motibus
681 2452 855 2541 ἰσοτσχέσι
873 2475 1029 2540 pereursae
1048 2453 1265 2539 longitudines
1285 2478 1319 2523 se

153 2559 279 2624 habent
291 2569 328 2624 ut
342 2568 494 2644 tempora,
511 2557 587 2623 Fs'rt't
611 2555 739 2644 (inquit)
758 2556 969 2643 permutando
990 2568 1025 2621 ut
1047 2569 1165 2645 tempus
1186 2558 1232 2624 ad
1252 2558 1319 2625 lort-

148 2662 341 2751 qs'tadeirerm
356 2662 404 2728 itu
419 2672 537 2749 tempas
550 2658 596 2725 ad
609 2658 857 2746 hamelinum&
903 2657 1003 2738 Quasi
1018 2658 1144 2741 diceret,
1160 2659 1319 2740 Quoniam

154 2765 281 2831 stadius
295 2764 338 2830 ad
351 2762 440 2830 mille
453 2784 566 2852 passus
581 2786 615 2830 se
628 2762 735 2843 habet,
751 2770 788 2828 ut
802 2761 881 2827 hora
894 2784 959 2827 una
973 2762 1014 2828 ad
1029 2770 1100 2829 octo
1115 2762 1227 2845 horas3
1243 2787 1319 2852 ergo

153 2868 362 2957 permutatim
375 2877 413 2933 ut
427 2866 549 2933 stadim
569 2866 611 2932 ad
627 2888 726 2932 unam
744 2864 866 2946 horam,
882 2864 927 2929 ita
947 2865 1035 2933 mille
1052 2888 1166 2954 passus
1186 2865 1229 2933 ad
1249 2878 1319 2934 octo

155 2973 272 3053 horaa3
303 2970 483 3061 cujusmodi
504 2967 735 3057 argumentatio
763 2990 858 3036 nemo
887 2989 952 3034 nen
981 2968 1131 3057 perspicit
1155 2992 1251 3057 quum
1276 2971 1320 3039 sit

154 3076 276 3143 absone
289 3074 434 3141 ridicula.

221 3176 316 3244 Idem
340 3176 376 3241 in
398 3175 556 3263 Dialogis,
580 3174 698 3261 quibus
720 3172 873 3239 hodierna
896 3174 1078 3241 examinare
1100 3176 1263 3263 profitetur
1286 3188 1320 3245 et

153 3282 326 3350 emendare
347 3278 617 3356 Mathematicam,
644 3278 807 3363 (exoptare
824 3274 927 3357 liceat,
946 3277 1070 3344 utinam
1086 3278 1197 3345 saltem
1212 3280 1319 3367 pensi-

153 3386 256 3452 tctius
279 3384 502 3457 examintsset,
528 3391 560 3447 et
584 3379 708 3445 felicius
732 3378 931 3445 emendasset
953 3380 1067 3462 suam)
1094 3380 1178 3460 Erit,
1201 3381 1317 3469 inquit,

153 3500 190 3553 ut
214 3488 376 3575 quaeum
393 3483 546 3574 pendens
567 3483 614 3549 ad
634 3480 857 3568 lonqt'tuds'nem
879 3481 968 3546 liuere
990 3505 1058 3567 quea
1078 3484 1183 3571 cpsum
1203 3507 1319 3571 reprac-

153 3604 268 3670 centn,
283 3592 331 3655 ito
344 3590 504 3677 prunetae
513 3586 668 3675 ponderet
681 3586 776 3673 dupli
794 3584 840 3650 ed
861 3582 1083 3670 ospitadtmm
1105 3584 1194 3651 litteus
1214 3585 1320 3674 duple

153 3697 263 3783 speum
275 3689 549 3782 repraesentantia&
591 3687 684 3755 Adeo
699 3687 819 3753 scilieet
833 3686 919 3753 hunc
933 3708 1067 3752 errorem
1082 3709 1102 3752 a
1116 3686 1319 3774 redargutore

153 3820 216 3864 suo
237 3796 380 3862 monitus
400 3792 531 3860 omnino
551 3800 677 3859 moueat
697 3791 872 3878 deponere;
907 3798 957 3855 ast
978 3788 1048 3876 ejus
1069 3788 1243 3856 excusandi
1266 3790 1319 3859 vel

153 3896 381 3988 propugnandi
402 3896 506 3983 gratie
526 3917 626 3961 novas
648 3892 795 3982 procudit
815 3890 1042 3959 vocabulorum
1065 3890 1265 3959 definitiones
1286 3902 1320 3960 et

155 4001 368 4092 acceptiones,
390 4009 458 4065 tam
479 3997 542 4067 sibi
566 4019 678 4086 parum
700 4018 865 4076 consonas,
888 4018 985 4083 quam
1009 3996 1051 4063 ab
1073 4018 1135 4063 usu
1159 3997 1320 4071 communi

354 4153 571 4218 wettrem.
588 4148 626 4203 16.
840 4148 994 4203 ’uitem
1007 4166 1065 4218 pag.
1078 4152 1119 4202 so.

213 4371 353 4428 Hobbes’a
370 4370 515 4440 disregard
532 4370 563 4426 of
577 4370 634 4426 thia
650 4370 718 4426 rule.

212 4458 258 4513 He
275 4456 414 4528 professes
433 4460 464 4511 to
482 4455 582 4512 amand
598 4455 713 4513 modern
730 4454 938 4522 mathematics3
955 4453 991 4510 he
1003 4454 1059 4511 hed
1075 4454 1167 4513 better
1179 4454 1263 4513 mend
1276 4455 1319 4510 his

158 4560 226 4599 own.
