3167 5192
674 376 860 429 marronea
881 374 1156 425 usruuusrrem
1292 358 1397 444 [uror.
1412 376 1481 424 aar.

777 600 908 669 LECT.
931 600 1061 668 XIH.*

421 755 803 827 MAGNITUDINUM
817 755 978 822 attributis
991 768 1024 823 et
1038 756 1273 845 symptomatis,
1285 778 1359 843 quac
1372 754 1483 821 Mathe·

420 860 544 927 maticis
560 861 725 947 subjacent
739 858 983 946 hypothesibus,
999 858 1150 924 ultimum
1162 859 1300 924 tractavi
1314 856 1483 945 Congruen-

339 966 436 1047 tiam3
463 976 495 1031 et
518 986 559 1030 ex
584 970 623 1030 ea
644 963 817 1029 rectissime
838 961 961 1027 desumi
982 962 1145 1028 notionem
1166 962 1381 1050 AEqualitatis
1399 964 1482 1028 effuse

340 1068 516 1134 disserturi.
562 1066 627 1131 Res
645 1065 714 1152 jam
736 1086 863 1152 poscere
884 1064 1010 1129 videtur
1031 1074 1069 1129 ut
1092 1064 1155 1130 alio
1177 1075 1359 1145 transeam3
1387 1087 1482 1129 verum

339 1194 410 1257 quae
425 1194 496 1237 mea
513 1180 562 1236 est
580 1168 756 1247 infelicitas,
771 1167 936 1231 materiam
953 1165 1048 1232 istam
1068 1168 1227 1234 dimittere
1244 1190 1381 1254 nequeo,
1395 1166 1482 1255 prius·

339 1297 434 1361 quam
457 1296 475 1340 e
497 1272 591 1337 dictis
611 1269 835 1337 consectariam
853 1292 951 1334 unam
970 1280 1026 1335 aut
1043 1271 1174 1337 alteram
1192 1269 1483 1348 annotatiuncnlam,

339 1378 380 1442 ad
405 1376 585 1442 ulteriorem
611 1373 763 1461 propositi
788 1371 1031 1439 declarationem
1053 1397 1092 1439 ac
1115 1396 1209 1439 usum
1230 1383 1418 1461 spectantes,
1438 1370 1482 1436 ad·

334 1485 482 1569 junxere.
530 1490 557 1547 1.
595 1480 626 1545 E
648 1479 772 1543 traditis
793 1477 891 1563 igitur
909 1500 947 1543 ac
964 1478 1134 1567 disputatis
1153 1480 1325 1566 detegatur
1343 1478 1483 1566 imprimis

339 1585 489 1651 notabilis
504 1608 587 1651 error
605 1582 721 1662 Procli,
737 1592 770 1647 et
787 1581 1017 1669 plerorumque,
1034 1582 1090 1668 qui
1109 1594 1182 1670 post
1200 1606 1276 1649 eum
1296 1584 1332 1648 in
1352 1594 1481 1649 octavum

339 1690 499 1756 Elementi
528 1688 623 1777 primi
656 1686 899 1775 pronunciatum
930 1688 1134 1753 commentati
1164 1697 1248 1769 snut,
1279 1688 1481 1775 interpretum.

338 1794 480 1859 Axioma
499 1793 545 1858 sic
563 1790 768 1880 exprimitur;
793 1789 873 1869 Quae
892 1790 954 1854 sibi
972 1801 1084 1855 mutuo
1102 1803 1290 1877 congruant,
1308 1814 1348 1857 ea
1365 1791 1440 1855 inter
1454 1812 1481 1853 sc

338 1905 413 1958 sunt
429 1894 580 1981 aequalia:
604 1893 665 1959 hoc
679 1903 775 1979 negat
789 1892 922 1958 Proclus
936 1893 1155 1961 universaliter
1169 1917 1359 1961 conversum
1372 1894 1480 1970 velere3

342 1998 455 2082 (Τοῦτο
473 1997 598 2083 (inquit,
611 1995 671 2060 hoc
686 2005 743 2073 est,
759 1994 896 2081 aequales
910 1995 1148 2080 magnitudines
1162 1997 1383 2082 congruerent)
1398 1998 1479 2061 τοῦτο

338 2098 397 2165 οὐκ
418 2098 473 2165 ἐπὶ
494 2099 626 2164 πάντων
648 2095 777 2178 ἀληθὲς,
801 2095 878 2163 ἀλλ’
901 2098 957 2163 ἐπὶ
981 2103 1045 2165 τῶν
1066 2098 1230 2182 ὁμοειδῶν·
1259 2101 1336 2166 Non
1356 2100 1480 2165 omaslut

338 2226 406 2268 uere
428 2204 575 2281 convenit,
598 2215 632 2266 at
652 2202 727 2267 solis
748 2203 885 2289 ejwdem
902 2204 1023 2289 spectes,
1039 2204 1089 2269 vel
1101 2203 1328 2291 pepintaaime
1341 2202 1478 2269 amula

337 2306 488 2391 magnis).
534 2303 638 2390 Eique
658 2312 817 2391 postremo
837 2304 1000 2371 succinens
1020 2304 1166 2370 Borellus
1176 2332 1185 2386 3
1218 2306 1403 2373 Conversum
1421 2326 1478 2368 aero

341 2410 408 2495 (ait)
429 2409 512 2497 quod
532 2408 649 2474 scilieet
670 2432 707 2473 ea
728 2432 797 2494 quw
817 2408 955 2494 <aqualia
974 2421 1056 2488 aaut,
1076 2410 1207 2475 1¹an
1228 2410 1298 2476 ribi
1315 2418 1475 2495 congruont,

337 2540 398 2581 uon
420 2516 455 2581 e'n
476 2514 617 2579 omnibus
639 2536 744 2577 verum
763 2524 816 2591 eat,
831 2511 888 2576 scd
902 2514 938 2577 in
956 2512 1000 2577 e‘e's
1019 2536 1088 2598 quw
1104 2514 1204 2600 specie
1221 2514 1347 2579 sima'lio
1362 2524 1436 2588 aunt,
1449 2520 1476 2573 ut

338 2620 426 2685 leiaeoe
451 2631 541 2684 recta
567 2619 648 2684 inter
669 2639 710 2696 se,
734 2626 762 2681 et
778 2615 1033 2703 cireamfhreata'oe
1053 2616 1223 2703 equalium
1242 2616 1431 2693 circulorum,
1448 2626 1475 2677 ut

336 2720 467 2787 Procles
482 2720 714 2786 animadvertit.
851 2716 858 2729 “

402 2823 523 2888 Verum
552 2821 622 2887 haec
649 2820 794 2909 exceptio
824 2821 1010 2908 diligentius
1035 2822 1187 2910 inspecta,
1213 2824 1333 2889 nedum
1357 2844 1416 2889 uon
1436 2830 1474 2885 cst

337 2925 520 3004 necessaria,
546 2924 603 2989 sed
628 2923 673 3010 (id
696 2924 782 3010 quod
805 2925 921 2991 mirum
945 2926 1091 2991 videatur
1115 2935 1163 2993 tot
1188 2928 1383 3014 perspicaces
1404 2925 1473 2989 viros

337 3028 497 3113 effugisse)
514 3027 609 3114 plane
624 3027 704 3093 falsa
718 3030 936 3116 comperietur.
977 3029 1062 3095 Nam
1077 3052 1134 3117 per
1147 3032 1383 3117 congruentiam
1397 3025 1473 3093 intel·

336 3132 441 3217 ligunt
455 3130 549 3196 isthic
564 3130 617 3196 vel
631 3132 786 3198 semelem
802 3145 857 3198 aut
876 3132 1079 3219 potentialem
1099 3132 1349 3220 congruentiam.
1392 3130 1472 3198 Utro·

336 3234 414 3301 libet
429 3234 600 3321 accipiatur
614 3234 717 3315 ruodo,
734 3236 862 3301 veritati
877 3236 1100 3323 discrepabunt
1118 3239 1160 3303 ab
1177 3240 1217 3304 iis
1231 3240 1405 3307 enunciata
1443 3232 1471 3298 Si

336 3338 375 3403 de
395 3339 512 3403 actuali
533 3339 670 3426 capiunt,
695 3339 938 3405 evidentissimae
960 3340 1107 3407 falsitatis
1129 3343 1368 3423 convincuntur,
1389 3364 1426 3407 ex
1441 3358 1470 3401 eo

336 3440 421 3528 quod
435 3464 499 3506 non
514 3463 623 3507 omnes
645 3440 782 3528 aequales
803 3450 906 3521 rectae,
926 3465 986 3508 nec
1006 3444 1178 3530 aequalium
1199 3446 1385 3513 circulorum
1404 3439 1471 3530 pen'·

335 3546 462 3633 pheriae,
484 3568 542 3611 nec
562 3545 698 3634 aequales
716 3556 878 3633 uteunque
898 3546 1133 3631 magnitudines
1151 3550 1204 3616 vel
1223 3552 1398 3629 simillima,
1412 3557 1469 3613 aeto

336 3660 521 3737 congruant,
537 3659 571 3714 at
586 3649 654 3715 loco
670 3672 753 3737 saepe
768 3648 1025 3736 disjunctissimas
1039 3652 1122 3733 sint;
1145 3665 1301 3740 quantum
1316 3654 1426 3721 scilieet
1437 3649 1470 3713 ab

336 3751 464 3818 Aretico
479 3751 596 3817 circulo
611 3751 708 3817 distat
729 3750 865 3817 circulus
880 3752 1094 3835 Antarcticua
1117 3755 1146 3821 ei
1168 3756 1234 3822 situ
1253 3757 1427 3831 contrarius,
1440 3774 1469 3816 ac

336 3856 439 3943 specie
462 3854 641 3943 persimilis,
658 3867 689 3921 et
706 3854 927 3941 magnitudine
948 3880 1075 3944 prorsus
1097 3860 1246 3946 aequalis:
1269 3862 1298 3926 si
1319 3862 1358 3927 dc
1377 3870 1469 3947 ponn-

336 3959 414 4040 tiali,
429 3970 516 4045 patet
530 3983 572 4027 ex
586 3960 721 4025 ostensis
736 3972 769 4026 et
788 3982 866 4025 mox
887 3960 1090 4029 ostendendis
1112 3963 1207 4029 etiam
1230 3965 1311 4033 falso
1332 3960 1467 4038 affirmari,

336 4064 421 4150 quod
436 4064 572 4151 aequales
587 4063 702 4151 aliquae
717 4063 952 4151 magnitudines
970 4088 1034 4131 non
1052 4080 1237 4155 congruant.
1282 4070 1365 4137 Nam
1378 4076 1467 4135 conta

388 4302 402 4329 ·
421 4297 502 4354 Some
513 4298 637 4355 remarks
648 4317 683 4355 on
695 4300 769 4358 what
779 4302 829 4358 hus
840 4302 912 4358 been
924 4304 992 4359 said.

389 4385 411 4439 1.
448 4384 582 4441 Proclus's
597 4386 735 4457 objection
753 4406 788 4445 on
806 4389 904 4447 Euclid
918 4407 936 4446 1.
950 4394 1004 4447 An
1017 4399 1047 4449 8:
1064 4392 1254 4463 (Magnitudes
1264 4394 1350 4451 ulrich
1364 4382 1466 4449 annu

335 4488 382 4527 are
394 4472 486 4543 equsl)
499 4472 570 4529 That
580 4474 604 4529 it
615 4473 640 4529 is
651 4478 700 4530 not
711 4479 774 4531 true
787 4478 950 4548 conversely.
986 4478 1088 4535 Borelli
1096 4480 1171 4550 joina
1182 4479 1246 4535 him
