3167 5192
302 365 367 433 290
645 370 833 423 nscrrouns
855 369 1127 420 narraremus.
1233 351 1338 438 [sacr.
1355 372 1458 421 xrur.

304 550 452 620 cabulum
467 556 516 616 est
529 545 734 631 Euclideum)
752 542 905 634 applicari
921 550 1026 630 potest
1046 541 1193 608 velutad
1206 541 1292 608 latus
1306 540 1409 631 ipsius,
1425 556 1463 607 et

304 678 418 744 corpus
438 653 480 719 ad
499 649 696 739 superficiem
716 659 870 734 tanquam
890 646 931 711 ad
950 645 1043 713 basin
1063 646 1115 710 cui
1135 645 1281 727 insistat;
1304 654 1397 733 utque
1414 646 1462 711 sit

304 760 390 823 linea
419 752 596 843 superficiei
624 750 803 838 perimebat,
833 758 866 813 et
894 746 1075 835 superficies
1111 768 1225 835 corpus
1255 747 1374 813 ambitu
1401 770 1462 814 suo

305 858 452 938 claudat;
481 862 587 943 potest
613 863 645 919 et
666 852 752 918 linea
774 850 880 938 quoad
904 872 1002 915 unam
1028 848 1257 917 dimensionem
1281 850 1463 939 superficiei,

304 960 487 1050 superficies
502 957 607 1046 quoad
622 956 701 1021 duas
716 954 838 1042 corpori
853 951 1030 1027 coextendi,
1046 976 1083 1019 ac
1098 963 1227 1019 eatenus
1243 952 1305 1019 ista
1321 977 1391 1019 oum
1409 953 1464 1019 his

304 1062 500 1152 comparari:
528 1082 631 1147 neque
653 1082 717 1123 non
740 1057 845 1145 quoad
867 1078 1049 1121 communes
1069 1055 1149 1123 alias
1170 1056 1358 1135 affectiones,
1380 1056 1465 1122 inter

305 1164 485 1232 istiusmodi
511 1172 631 1251 quanta
660 1183 774 1247 genere
800 1159 935 1239 diversa,
962 1156 1178 1246 compluribus
1206 1159 1311 1225 modis
1339 1158 1466 1225 institui

308 1266 411 1355 possit
434 1261 627 1351 comparatio
649 1260 899 1349 qualiscunque;
929 1283 949 1324 a
971 1260 1086 1347 quibus
1112 1270 1219 1326 tamen
1245 1260 1466 1327 collationibus

306 1377 502 1455 emergentes
523 1375 684 1453 respectus
706 1363 877 1430 admodum
900 1362 1080 1451 discrepant
1101 1364 1143 1430 ab
1164 1364 1234 1445 hoc,
1252 1365 1349 1451 juxta
1369 1386 1467 1451 quem

307 1472 512 1557 homogenaea
530 1466 768 1555 magnitudines
788 1465 830 1531 ad
852 1488 886 1531 se
908 1465 1092 1541 referuntur,
1111 1466 1205 1532 modo
1226 1489 1320 1554 quem
1342 1467 1395 1532 hic
1416 1468 1467 1533 in-

307 1573 436 1661 telligit,
463 1571 631 1651 definitum
661 1579 826 1657 eapropter
853 1567 895 1632 ad
917 1566 1132 1633 excludendos
1158 1568 1246 1649 istos,
1271 1591 1469 1657 quaecunque

309 1674 548 1763 magnitudines
570 1674 652 1738 inter
673 1671 898 1757 heterogcneas
920 1670 1040 1737 versari
1060 1682 1195 1759 possunt
1215 1672 1394 1754 relationes,
1417 1696 1470 1739 as·

309 1780 416 1865 signat
440 1777 583 1866 proprios
609 1775 772 1842 relationis
802 1798 821 1839 a
850 1797 884 1840 se
913 1773 1088 1861 designatae
1114 1775 1274 1855 terminos,
1301 1776 1470 1863 adaequata

308 1880 441 1946 rat-ionis
470 1877 670 1961 ὑποκείμωια,
696 1876 854 1943 limitibus
880 1878 946 1943 suis
971 1876 1205 1964 circumscripta
1229 1900 1286 1965 per
1308 1877 1469 1965 adjectum

308 1982 477 2065 ὁμογενῶν.
532 1980 610 2049 Sola
638 1979 758 2046 scilicet
788 1981 984 2067 homogenea
1012 1991 1132 2067 quanta
1163 1982 1316 2047 rationem
1351 1981 1469 2047 habere

308 2080 465 2161 dicuntur,
481 2080 557 2168 quia
571 2079 647 2145 solae
661 2088 737 2145 sunt
752 2078 943 2167 aequalitatis
958 2087 990 2144 et
1007 2078 1232 2166 inaequalitatis
1248 2080 1384 2168 capacia,
1401 2080 1470 2146 sola

310 2193 456 2250 mutuum
481 2205 648 2249 excessum
674 2191 768 2269 atque
796 2181 952 2248 defectum
979 2182 1161 2263 admittrmt,
1186 2182 1294 2247 ethis
1320 2183 1470 2271 adjuncta

308 2294 524 2374 symptomata
546 2284 756 2352 Geometricis
779 2282 1048 2371 speculationibus
1069 2284 1247 2351 substrata:
1274 2284 1331 2351 scd
1350 2285 1390 2352 de
1409 2287 1469 2351 hac
1559 2294 1560 2377 ᾗ

310 2414 343 2457 re
353 2390 423 2478 jam
438 2398 511 2457 ante
527 2388 604 2455 satis
618 2388 757 2455 ubertim
771 2396 820 2453 est
834 2386 1046 2453 dissertatum.

374 2490 488 2580 Neque
502 2513 694 2579 magnopere
713 2488 853 2555 Remum
875 2490 1021 2556 morabor
1042 2488 1096 2555 hic
1117 2511 1193 2556 sane
1214 2488 1305 2555 nulla
1325 2513 1399 2556 cum
1419 2512 1468 2556 ra·

308 2594 408 2660 tionis
423 2593 527 2681 specie
540 2615 599 2660 nos
614 2592 835 2659 vellicantem:
860 2591 929 2657 Into
950 2616 1020 2657 cero
1045 2591 1172 2679 (inquit)
1197 2595 1279 2679 racab
1293 2594 1356 2659 rito
1375 2618 1468 2681 pram
1559 2590 1560 2667 Τ

310 2700 377 2765 aa
398 2698 606 2785 assonam
627 2696 777 2785 papae
798 2694 946 2760 aazias
969 2695 1157 2782 marrata
1182 2710 1211 2762 a
1233 2698 1467 2784 amatura,

310 2802 689 2868 commonasterialium
708 2822 823 2879 remea,
842 2797 982 2884 lineaque
998 2798 1175 2887 superficiei
1191 2802 1372 2889 mrporrqae
1391 2826 1468 2869 oom-
1559 2788 1560 2813 i

304 2904 429 2991 parari
436 2904 558 2990 perard.
606 2904 661 2970 sto
677 2903 729 2968 tib.
747 2920 822 2979 xlv.
851 2900 1082 2967 Elementorum
1096 2917 1315 2990 comparantur
1329 2928 1467 2993 corpora,
1559 2908 1560 2971 J

310 3004 489 3090 superficies
503 3004 594 3068 linem
608 3005 689 3069 iuter
707 3026 759 3086 ae,·
781 3016 810 3069 et
828 3004 874 3067 sic
893 3002 1002 3068 lunulae
1021 3002 1224 3091 fflppocrutrir
1243 3005 1427 3091 quadratam,
1443 3022 1468 3073 et
1559 3034 1560 3091 p

311 3104 426 3192 capuli
447 3106 646 3193 obliquila’acr'
667 3105 837 3172 rectilineus
862 3119 1036 3193 (aquantur.
1081 3105 1128 3172 At
1148 3130 1224 3173 vero
1248 3118 1362 3197 praeter
1384 3110 1468 3178 huuc
1559 3106 1560 3175 ῗ

313 3228 473 3273 censorem
499 3210 604 3294 (ansas
626 3216 663 3273 ut
684 3206 830 3273 videatur
850 3207 1052 3295 arripientem
1074 3231 1192 3291 omnes,
1215 3219 1247 3277 et
1267 3211 1469 3303 undicunque

312 3337 424 3380 musas
438 3324 648 3403 aucupantem
662 3314 837 3382 lacessendi
851 3324 973 3382 veteres
988 3315 1060 3381 illos
1074 3316 1275 3384 scientiarum
1287 3317 1468 3407 Magistros,

312 3439 392 3504 quos
406 3424 513 3484 tamen
527 3438 654 3504 equum
668 3425 752 3483 esset
766 3440 831 3482 non
846 3417 967 3504 absque
981 3417 1172 3503 gravissima
1191 3426 1286 3486 causa
1302 3424 1469 3511 reprehen-

313 3520 396 3602 dere,
423 3519 587 3607 sicubique
612 3518 777 3586 manifeste
808 3519 1041 3606 cespitaverint‚
1069 3520 1179 3588 mitius
1208 3544 1280 3589 cum
1309 3524 1349 3591 iis
1378 3550 1469 3615 agere

311 3622 435 3690 deceret
455 3646 524 3705 nos,
544 3632 706 3689 tantorum
727 3622 929 3689 inventorum
944 3622 1010 3689 illis
1025 3622 1183 3691 debitores
1193 3624 1214 3711 ;)
1238 3636 1352 3713 praeter
1373 3628 1467 3709 hunc,

311 3730 452 3816 inquam,
479 3727 551 3815 quis
577 3726 758 3793 istiusmodi
783 3726 1033 3813 comparationes
1058 3726 1213 3794 linearum
1237 3750 1310 3795 cum
1339 3734 1469 3818 superfi-

312 3829 421 3897 ciebus
445 3840 478 3895 et
500 3830 692 3918 corporibus,
713 3827 825 3916 quales
848 3828 883 3893 in
911 3838 948 3893 14
971 3837 1147 3896 mactantur
1169 3830 1333 3914 elemento,
1358 3833 1399 3900 ad
1422 3858 1469 3901 ra-
1559 3906 1560 3917 ξ

313 3933 436 3999 tionum
451 3943 598 4001 naturam
616 3932 770 4021 cogitavit
788 3930 970 4021 pertinere?
1012 3930 1096 4000 Cum
1115 3935 1287 4023 pentagoni
1306 3936 1360 4004 vel
1379 3938 1469 4006 deca-
1559 3976 1560 4025 ;

312 4035 398 4119 goni,
423 4035 599 4122 pyramidis
622 4045 678 4102 aut
701 4034 838 4101 octaedri
864 4034 1057 4121 regularium
1079 4035 1179 4105 latera
1199 4038 1336 4125 qualiter
1359 4040 1468 4107 affecta

811 4170 820 4202 ¹
837 4170 914 4219 Sobel.
931 4185 968 4232 13.

366 4440 492 4497 Remus‘s
510 4441 674 4513 objections:
693 4412 842 4503 answered.
