3167 5192
284 383 324 448 14
605 437 611 450 .
669 397 797 448 ‚omaro
820 396 1052 446 ennrnronrn.

282 569 380 656 positi
394 578 519 634 testem.
564 565 651 647 Quin
666 566 707 632 ad
721 587 801 654 opus
816 567 1003 654 semetipsos
1017 566 1189 654 accingunt
1202 589 1320 655 ocyus3
1342 565 1449 636 libros

282 694 414 760 propere
428 679 540 736 curant
554 669 595 735 ad
608 691 667 736 ros
682 668 911 756 deportandum
934 668 1125 736 Professon's
1144 670 1339 737 exsolvendo
1359 671 1450 738 sala-

282 777 330 842 rio
352 787 450 841 terras
473 773 644 853 redimunt,
665 773 767 838 officio
790 772 968 839 definiendo
992 773 1079 865 leges
1101 774 1328 861 praescribunt3
1358 775 1449 840 nihil

283 901 348 944 non
374 876 559 966 expediunt,
586 898 649 963 quo
675 877 782 942 minus
808 876 891 942 tanti
916 877 1062 943 beneficii
1091 899 1220 943 sensum
1248 879 1447 966 expectandi

282 1004 371 1048 mora
385 990 615 1068 corrumperet3
638 990 672 1046 at
687 1002 762 1046 vero
775 980 883 1067 potius
898 990 935 1046 ut
949 1003 1039 1069 spem
1058 993 1197 1046 vestram
1217 1004 1277 1046 sua
1295 981 1447 1048 celeritas

282 1095 509 1165 anteverteret;
537 1083 594 1148 vix
616 1094 653 1148 ut
672 1083 760 1171 prius
782 1106 841 1149 vos
862 1084 985 1150 sciretis
1007 1083 1181 1164 habituros,
1204 1107 1301 1172 quam
1322 1084 1447 1151 habere

281 1189 436 1256 sentietis.
482 1187 596 1274 Leges,
621 1187 700 1267 dixi,
723 1186 1000 1274 praescripserunt;
1023 1186 1098 1252 illas
1122 1210 1198 1253 vero
1221 1209 1318 1274 quam
1339 1209 1382 1252 ex
1404 1209 1447 1254 se

283 1315 399 1380 aequas,
422 1315 520 1379 quam
541 1291 656 1357 studiis
678 1290 844 1378 proficuas,
868 1312 964 1378 quam
986 1308 1091 1357 rerum
1113 1290 1358 1357 circumstantiis
1386 1313 1444 1356 ac-

281 1394 504 1476 commodatas,
530 1394 719 1460 sententiam
741 1392 879 1481 proferre
903 1393 988 1473 nolo,
1007 1417 1111 1482 neque
1131 1404 1229 1460 tanta
1253 1394 1299 1460 rei
1321 1404 1442 1462 temere

281 1497 362 1564 mihi
385 1521 549 1564 censuram
574 1498 745 1584 errogabo:
776 1496 858 1562 illud
881 1496 994 1562 saltem
1017 1499 1122 1563 ausim
1148 1492 1302 1563 affirmare
1330 1497 1442 1584 (liqui-

281 1600 320 1666 do
343 1601 423 1666 mihi
445 1601 651 1688 compertum)
679 1623 696 1666 e
721 1600 810 1681 viris,
832 1600 889 1687 qui
910 1600 1068 1681 viderunt,
1095 1601 1218 1688 judicio
1245 1600 1441 1679 valentibus,

280 1716 313 1772 et
341 1705 431 1771 nullo
461 1704 643 1793 praejudicio
673 1705 833 1792 occupatis
864 1704 1025 1789 (viderunt
1054 1715 1160 1770 autem
1189 1703 1339 1791 permulti
1367 1703 1443 1789 dig-

280 1810 379 1874 nitate
399 1809 497 1897 juxta
520 1831 557 1873 ac
582 1808 739 1896 sapientia
766 1807 1008 1896 precellentes),
1034 1807 1158 1874 modice
1181 1808 1285 1873 dicam
1318 1807 1443 1893 pleros·

280 1933 342 1998 que
367 1934 476 1978 omnes
502 1911 673 1978 admodum
703 1913 862 1999 probasse,
891 1934 951 1978 nec
977 1933 1095 2000 paucos
1124 1910 1198 1976 illas
1224 1910 1441 1999 qualicunque

280 2015 374 2082 laude
389 2015 504 2102 dignas
519 2015 698 2095 eensuissa;
721 2013 837 2102 dignas
852 2025 1013 2103 utcunque
1030 2015 1126 2094 visas,
1141 2037 1231 2102 quas,
1245 2015 1440 2082 reclamante

279 2118 415 2200 nemina,
436 2117 612 2184 authoritas
631 2117 719 2204 regie
736 2119 883 2199 sanciret,
905 2127 938 2184 et
955 2128 1040 2184 ratas
1057 2110 1198 2184 faceret.¹
1227 2117 1280 2183 Ita
1292 2118 1441 2206 partibus

280 2223 348 2289 suis
370 2221 606 2289 absolutissime
628 2221 796 2310 perfuncti,
816 2244 881 2288 non
902 2232 1010 2288 tamen
1027 2245 1066 2288 eo
1087 2221 1277 2310 processisse
1298 2223 1442 2288 contenti

279 2327 499 2406 substiterunt,
523 2336 558 2391 at
581 2325 745 2392 voluntate
768 2325 1015 2393 benemerendi
1041 2325 1207 2414 potestatis
1229 2348 1296 2391 suae
1317 2324 1441 2392 limites

278 2428 512 2516 quodammodo
532 2429 756 2517 praetergressi,
772 2427 943 2515 privilegia
962 2427 1044 2494 bene
1065 2428 1176 2507 multa,
1193 2427 1269 2494 huic
1289 2426 1358 2494 loco
1379 2449 1442 2494 seu

279 2532 373 2598 valde
388 2531 491 2612 utilia,
506 2555 563 2598 eeu
578 2531 672 2619 plane
686 2532 872 2613 necessaria,
888 2553 960 2618 quae
974 2541 1123 2620 praestare
1137 2554 1203 2596 non
1215 2542 1348 2619 possent
1361 2531 1438 2620 ipsi,

278 2661 298 2702 a
312 2637 399 2723 ragit
414 2635 583 2703 clementia
596 2637 680 2702 ultro
691 2635 919 2724 impetrarunt;
934 2658 998 2722 quo
1011 2635 1140 2702 nomine
1154 2635 1335 2723 quicunque
1348 2646 1440 2723 post·

278 2741 339 2806 hac
353 2740 486 2826 hujusce
501 2739 710 2806 Professionis
725 2761 843 2805 munus
857 2738 1096 2826 amplectentur,
1109 2738 1301 2804 tenebuntur
1310 2761 1365 2806 eos
1378 2762 1439 2806 ceu

278 2840 459 2906 fundatores
481 2841 607 2921 alteros,
628 2849 711 2906 certe
730 2841 867 2906 fautores
889 2839 1069 2927 palmarias,
1088 2839 1234 2908 lubenter
1255 2863 1436 2927 agnoscere,

279 2953 369 3029 grate
383 2941 534 3030 profiteri.

343 3044 393 3110 De
407 3043 473 3109 illis
488 3065 589 3132 ponc,
605 3066 739 3131 quorum
754 3045 911 3134 precipue
925 3069 976 3113 res
990 3045 1059 3114 haec
1073 3057 1164 3134 gesta
1177 3057 1226 3114 est
1240 3056 1273 3112 et
1286 3045 1433 3112 ordinata

277 3147 420 3227 consilio,
434 3146 615 3214 reverendis
633 3136 851 3235 Collegiorum
873 3148 1044 3229 Praefectis,
1060 3150 1141 3216 mihi
1163 3160 1318 3239 quantum
1340 3158 1434 3218 aetate

277 3249 539 3337 praecedentibus,
564 3259 597 3316 et
621 3251 853 3318 antestantibus
875 3252 1042 3338 dignitate,
1065 3264 1191 3320 tantum
1209 3252 1331 3340 judicio
1352 3276 1436 3341 pra-

277 3353 469 3432 valentibus,
492 3364 524 3419 et
546 3351 651 3440 elogio
673 3354 887 3441 superioribus
907 3379 987 3436 meo,
1010 3356 1094 3421 nihil
1115 3355 1239 3422 audebo
1261 3356 1434 3442 quicquam

277 3479 439 3535 enarrare;
463 3457 498 3522 id
512 3479 610 3524 unum
626 3457 738 3524 dixero
752 3458 865 3526 fecisse
880 3459 963 3540 illos,
979 3459 1065 3546 quod
1078 3483 1145 3526 rem
1164 3459 1326 3548 publicam
1346 3481 1437 3547 spec·

278 3570 334 3641 tat,
358 3573 394 3627 ut
416 3560 497 3626 tales
520 3561 605 3627 viros
627 3561 742 3642 decuit,
766 3561 924 3650 sapienter
945 3585 984 3628 ac
1004 3562 1165 3628 moderate
1172 3587 1181 3643 ;
1211 3585 1232 3628 a
1253 3573 1434 3628 meantem

275 3675 405 3732 cunctos
421 3664 508 3730 haud
520 3665 673 3760 exiguam
688 3664 798 3731 iniisse
813 3665 959 3751 gratiam,
974 3687 1032 3731 seu
1046 3665 1132 3752 quod
1145 3666 1273 3732 abunde
1286 3666 1433 3746 faverint,

275 3791 332 3836 seu
347 3767 432 3857 quod
447 3791 511 3834 non
530 3769 627 3834 nimis
642 3767 801 3834 adversati
812 3768 895 3834 sint:
912 3767 1037 3834 duobus
1047 3769 1221 3856 praesertim
1236 3771 1320 3853 (cum
1331 3769 1434 3857 elapsi

275 3883 345 3938 tum
360 3872 509 3938 instantis
526 3871 613 3956 anni)
631 3870 831 3958 dignissimis
849 3869 1110 3940 Procancellariis
1128 3895 1186 3960 pro
1203 3878 1262 3938 aut
1282 3896 1360 3960 erga
1381 3895 1434 3940 me

275 3981 432 4062 propensa
451 3975 610 4056 comitate,
631 3973 865 4054 benevolentia,
887 3974 1004 4056 farore,
1024 3997 1105 4062 quas
1125 3996 1255 4062 possum
1274 3975 1433 4042 maximas

276 4079 387 4159 debeo,
403 4101 475 4166 ago,-
490 4079 595 4145 habeo
610 4079 739 4166 gratias.

340 4181 393 4247 Ita
407 4182 669 4270 qualitercunque
684 4183 846 4271 persoluto
866 4191 965 4269 gratae
985 4181 1294 4250 commemorationis
1312 4182 1432 4263 debito,

273 4284 315 4350 de
336 4284 458 4371 meipso
480 4282 586 4348 forsan
607 4286 784 4371 expectatis
806 4296 844 4352 ut
864 4286 970 4351 nescio
992 4284 1072 4373 quid
1091 4285 1283 4352 edisseram:
1313 4285 1432 4372 quibus

274 4387 448 4476 praesertim
475 4385 580 4452 causis
609 4385 768 4468 inductus,
795 4387 892 4476 priori
917 4387 980 4454 isto
1008 4410 1060 4453 me
1088 4387 1263 4454 abdicarim
1291 4410 1433 4468 munere,

273 4513 392 4558 novum
408 4490 468 4558 hoc
483 4490 587 4557 denuo
602 4491 845 4578 assumpserim
862 4491 980 4579 quippe
994 4514 1066 4572 cunr
1080 4503 1247 4580 propterea
1256 4514 1316 4559 ceu
1326 4490 1433 4559 desul-
