3167 5192
117 405 206 456 ruer.
224 389 288 476 nu]
444 404 630 455 sumturus
653 404 928 456 uuuueusurcm.
1218 389 1263 456 53

114 583 180 654 tus;
208 575 368 654 Quoniam,
384 573 499 660 inquit,
514 597 575 639 nou
589 597 623 639 eo
637 573 721 661 quod
733 573 819 640 linea
832 574 987 663 depedolia
997 575 1110 641 addito
1124 575 1267 664 bupedoli

105 678 185 765 fanu
198 677 471 766 quadrupedalem,
487 678 557 744 ideo
575 677 638 743 duo
656 690 685 744 et
701 677 764 742 duo
776 679 907 765 facium
925 692 1069 766 quaeum,
1084 679 1142 745 sed
1153 683 1263 768 potius
1371 666 1374 672 ’

112 783 184 868 quio
197 781 262 860 loe,
277 804 350 868 erqo
363 780 464 846 illud:
486 778 686 867 Respondes,
702 790 734 844 et
747 801 876 866 regero:
899 780 994 861 Quod
1006 781 1093 846 linea
1105 781 1263 870 bipedalis

112 883 215 948 addita
233 883 327 949 lineae
347 883 516 972 bipalmari
535 905 600 948 non
617 883 764 948 eonfieiat
781 883 898 950 lineam
915 884 969 950 vel
982 885 1261 973 quadrupedalem,

111 985 158 1052 uel
168 986 464 1074 quadripalmarem,
477 987 529 1053 uel
540 995 700 1074 utcunque
711 987 911 1075 quaternario
921 989 1166 1070 denominatam,
1177 989 1263 1055 unde

110 1090 221 1170 euenit,
242 1090 272 1156 si
288 1091 457 1170 abstracte,
478 1089 539 1156 hoe
557 1100 607 1156 est
622 1090 847 1156 universaliter
863 1100 896 1156 et
915 1091 1069 1172 absolute,
1089 1113 1201 1158 rernm
1220 1094 1264 1158 sit

111 1201 191 1265 242
215 1193 369 1260 conlisere
394 1193 555 1280 quatuor?
597 1193 712 1274 Dines3
743 1193 821 1281 quia
844 1195 969 1261 numeri
991 1195 1048 1260 isti
1069 1217 1135 1261 non
1159 1196 1264 1284 appli·

110 1305 216 1362 eantur
233 1297 339 1363 eidem
359 1297 500 1364 materias
520 1296 574 1363 uel
595 1318 769 1364 mensurae:
792 1296 896 1385 Atqui
913 1298 974 1363 hoe
989 1297 1093 1386 ipsnm
1111 1299 1211 1379 volni,
1226 1321 1264 1365 ae

109 1400 179 1466 inde
201 1401 326 1467 deduco
347 1423 413 1467 non
436 1423 478 1466 ex
501 1402 660 1466 abstracte
680 1421 883 1466 numerorum
906 1401 1028 1468 ratione
1051 1411 1138 1474 242
1161 1401 1264 1467 faeere

108 1514 248 1589 quatuor,
266 1512 301 1569 at
320 1525 362 1569 ex
380 1503 560 1570 conditione
579 1503 719 1586 materiae
738 1504 789 1568 eui
808 1504 1009 1592 applicantur
1018 1529 1027 1584 ;
1050 1505 1112 1570 hoe
1125 1505 1264 1592 estquis

108 1607 293 1694 magnitudo
310 1607 462 1694 quaelibet
476 1607 593 1673 binarii
608 1607 738 1674 nomine
753 1607 872 1674 donata
885 1607 1101 1694 magnitudini
1115 1608 1264 1696 adjuncta

109 1711 289 1797 cognomini
310 1709 428 1798 pariter
448 1733 468 1776 a
486 1710 610 1777 binario
628 1710 840 1777 denominatae
857 1710 1111 1798 magnitudinem
1130 1712 1226 1778 efficit
1244 1735 1265 1778 a

108 1816 308 1901 quaternario
324 1813 610 1880 denominabilem:
633 1812 703 1880 Nea
724 1824 807 1879 certe
827 1813 909 1900 fingi
930 1824 1037 1902 potest
1058 1814 1187 1901 quiduis
1208 1817 1265 1881 ab·

109 1918 240 2000 surdius,
257 1939 357 2005 qnam
377 1916 634 2004 magnitudinum
652 1918 871 2005 proportiones
885 1918 968 1986 inter
981 1939 1017 1984 se
1030 1941 1051 1983 a
1063 1941 1265 1985 numerorum

108 2023 220 2109 quibua
235 2021 376 2110 exprimi
394 2030 528 2110 possunt
546 2020 733 2088 habitudine
750 2021 936 2109 dependere.
980 2020 1171 2110 Quanquam
1185 2022 1265 2090 alio·

109 2126 162 2212 qui
180 2125 265 2212 quod
287 2133 375 2195 u÷u
395 2123 514 2189 fumant
531 2133 561 2204 4,
582 2145 655 2190 cum
671 2123 726 2190 isti
745 2125 869 2190 numeri
889 2125 1094 2212 homogeneis
1108 2126 1266 2193 mensuris

111 2230 318 2318 applicantur,
334 2251 399 2295 non
412 2240 479 2295 tam
493 2228 635 2296 scientim
650 2227 753 2295 cuivis
771 2229 992 2296 Arithmetieae
1009 2231 1152 2311 debetur,
1167 2255 1265 2320 qnam

111 2333 244 2421 ipsorum
265 2331 494 2398 vocabulorum
516 2330 742 2418 significationi
764 2331 927 2397 communi
946 2353 1009 2398 usn
1029 2333 1189 2414 stabilitae,
1208 2355 1266 2422 per

111 2459 200 2524 quam
222 2436 350 2503 scilieet
363 2443 393 2515 4,
415 2457 473 2500 seu
493 2455 572 2500 uoce
592 2443 731 2515 notatus,
755 2457 813 2501 seu
833 2434 1011 2502 eharaetere
1031 2447 1158 2502 notatus
1179 2436 1266 2502 idem

111 2542 212 2628 signat
225 2539 317 2628 quod
334 2539 385 2606 bis
399 2538 472 2605 duo.
503 2536 606 2604 Sicuti
620 2542 730 2604 revere
743 2547 848 2604 totum
863 2537 945 2602 illud
958 2538 1180 2605 Arithmetieae
1193 2540 1267 2605 rul-

112 2644 191 2730 guuis
205 2643 390 2724 artificium,
403 2641 612 2730 quodeunque
625 2652 684 2721 est,
695 2661 760 2706 non
776 2637 906 2706 aliunde
920 2640 1095 2722 deducitur,
1107 2653 1162 2708 aut
1175 2642 1267 2709 aliter

112 2748 361 2828 demonstratum
382 2745 455 2834 quis
468 2745 554 2811 enim
568 2745 659 2811 aliter
673 2744 787 2810 inierat
801 2756 858 2810 ant
871 2745 993 2832 probet,
1009 2744 1095 2832 quod
1108 2755 1194 2818 3÷5
1208 2770 1267 2813 ex·

113 2865 233 2940 equent
247 2862 290 2939 t};
316 2850 369 2918 rel
392 2858 476 2917 8-3
498 2849 656 2937 relinquat
672 2858 703 2932 5,
720 2871 815 2936 quam
833 2872 875 2916 ex
891 2850 1024 2916 istorum
1042 2850 1266 2918 venabulorum

113 2955 268 3021 arbitrario
283 2952 496 3040 significatu?

174 3057 238 3126 Sed
251 3068 292 3124 ut
308 3057 378 3122 hmo
392 3066 556 3143 patescant
570 3054 717 3142 amplius.
761 3058 794 3121 4.
818 3055 1057 3138 Animaduerto,
1072 3081 1177 3124 rerum
1195 3061 1267 3147 qni·

115 3159 170 3226 bus
188 3161 409 3228 attribuuntur
426 3158 552 3223 numeri
570 3179 761 3245 magnopere
781 3157 939 3224 diuersam
958 3158 1025 3226 fore
1041 3161 1265 3228 eonditionem.

114 3263 186 3330 Alio
199 3287 316 3353 nempe
331 3273 425 3350 paeto
440 3262 624 3329 tribuuntur
637 3261 761 3327 numeri
780 3261 875 3327 rebus
893 3262 1023 3349 quantia
1040 3275 1158 3331 oertam
1177 3287 1267 3330 men·

115 3387 214 3433 suram
235 3368 311 3454 (boe
330 3377 380 3432 est
401 3364 641 3432 determinatam
665 3364 806 3451 aliquam
825 3366 1089 3451 magnitudinem,
1110 3367 1267 3454 adquam

114 3470 249 3556 ejusdem
264 3470 393 3559 generis
408 3467 479 3536 slim
493 3468 677 3551 referentum)
695 3466 948 3554 designantibus,
963 3467 1026 3533 alio
1045 3480 1153 3534 antem
1172 3473 1267 3538 rebus

116 3596 175 3640 non
188 3575 250 3641 nisi
266 3573 418 3662 generice
434 3572 573 3660 quedam
590 3572 712 3638 ratione
731 3571 993 3639 eonvenieutibus
1011 3571 1094 3638 inter
1111 3595 1155 3639 se.
1200 3573 1266 3640 Ex.

117 3699 146 3762 g.
160 3701 230 3744 oum
249 3678 335 3757 dieo,
350 3687 414 3743 tres
427 3676 532 3756 ulnae3
554 3675 691 3761 singulae
709 3676 858 3755 unitates,
876 3697 918 3741 ex
936 3675 1054 3762 quibus
1071 3677 1268 3761 oomponitur

117 3777 173 3846 iste
185 3782 354 3861 ternarius,
370 3789 535 3867 aequentur
554 3778 616 3844 sibi
637 3787 757 3857 mutuo,
772 3799 928 3866 paresque
948 3787 1023 3845 sunt
1039 3776 1175 3864 singula
1192 3762 1268 3845 aliis

118 3885 289 3952 unitatibus
310 3905 531 3971 quameunque
550 3903 716 3948 numerum
736 3880 997 3967 ingredientibus,
1019 3903 1082 3968 quo
1101 3881 1268 3968 longitudo

119 3985 221 4075 aliqua
244 3987 395 4054 similiter
417 4005 459 4051 ex
483 3983 569 4050 ulnis
593 3983 766 4072 composita
789 3983 1020 4051 denominatur.
1065 3983 1163 4052 Unde
1187 3987 1268 4054 tales

121 4091 236 4156 numeri
256 4082 491 4180 proportionem
514 4097 642 4155 seruant
662 4088 818 4176 perpetim
839 4089 972 4155 eandem
998 4089 1080 4156 inter
1105 4111 1149 4170 ee,
1172 4076 1269 4180 quem

122 4191 192 4278 ipsa
205 4192 453 4280 magnitudines,
468 4213 548 4282 quas
559 4191 774 4271 denominant,
790 4192 892 4280 iisqne
906 4193 1039 4282 proinde
1052 4195 1269 4283 exprimendis

124 4425 208 4578 mg)
243 4424 384 4580 ΝἪ
396 4441 444 4482 are
456 4425 611 4497 signifieant
622 4427 739 4484 betam
750 4427 801 4486 the
812 4428 887 4485 uuita
904 4429 936 4484 of
949 4427 1037 4484 which
1054 4426 1121 4498 they
1132 4443 1181 4483 are
1197 4443 1270 4483 oom-

213 4527 261 4567 are
