3167 5192
145 381 240 432 uror.
251 364 290 451 1.]
452 375 638 430 suanorum
658 376 901 430 cucumeres.
1140 366 1203 436 167

146 551 294 620 absoluta
313 556 455 638 spoetata
474 549 525 615 vis
547 549 611 616 ista
627 558 754 638 tempus
775 571 840 616 non
862 548 1017 638 implicat,
1033 571 1132 638 eoque
1154 575 1205 620 se·

147 657 236 722 cluso
261 653 386 741 concipi
409 663 529 740 potest;
559 653 605 738 (in
621 652 764 741 quolibet
782 653 869 718 enirn
886 653 1039 741 temporis
1060 655 1204 736 instanti,

146 781 265 847 perque
280 756 491 845 quodcunque
505 756 657 844 temporis
675 755 881 822 intervallum
895 761 934 822 et
947 757 1115 844 praeditum
1137 781 1206 826 mo-

146 860 212 928 bile
226 858 421 946 concipiatur
428 859 451 942 5)
468 867 501 922 at
516 866 674 944 quatenus
688 856 922 945 computabilis,
938 880 975 925 au
989 859 1124 926 sstimio
1135 859 1207 928 Ma·

147 960 318 1027 thematico
336 958 476 1039 subdita,
491 963 556 1044 qut
570 957 692 1024 ratione
705 957 858 1024 velocitas
873 957 997 1041 dicitur,
1014 984 1086 1026 cum
1104 963 1207 1050 spatio

147 1075 274 1152 tempus
295 1062 512 1150 adsignificat3
535 1061 686 1148 aquibus
698 1084 814 1150 nempe
828 1063 990 1150 quantitas
1004 1063 1073 1152 ejus
1088 1064 1207 1154 dijudi-

148 1175 247 1246 catur,
263 1187 301 1230 ac
314 1163 503 1230 discernitur
517 1162 667 1230 definitur
680 1162 797 1230 idcireo
812 1164 963 1232 velocitas
976 1167 1128 1255 potentia,
1143 1172 1209 1255 qut

46 1336 50 1342 .
148 1269 267 1337 mobile
281 1269 420 1358 spatium
431 1267 563 1356 aliquod
576 1269 612 1333 in
625 1267 734 1354 aliquo
744 1277 885 1356 tempore
896 1269 1085 1356 pertransire
1093 1280 1207 1358 potest.

150 1373 249 1442 Unde
270 1380 467 1438 mnsectatur
488 1371 683 1455 singularem
697 1369 875 1438 velocitatis
889 1373 1066 1461 cujuspiam
1081 1374 1209 1460 quanti·

150 1486 250 1544 tatem
269 1497 329 1542 nec
343 1497 385 1541 ex
403 1475 472 1540 sola
484 1473 620 1541 conlecti
633 1474 740 1561 spatii,
754 1497 814 1541 nec
828 1497 870 1541 ex
884 1477 1044 1564 absumpti
1059 1461 1209 1566 temporis

151 1577 330 1666 quantitate
344 1576 490 1662 dignosci
503 1598 615 1664 posse3
642 1575 806 1663 (quaelibet
825 1577 910 1642 enim
929 1577 1080 1644 velocitas
1099 1579 1208 1668 aliquo

151 1680 434 1770 temporequodvis
443 1681 641 1768 assignatum
652 1678 990 1768 spatiumemetiatum)
1001 1692 1051 1748 ast
1061 1705 1103 1748 ex
1111 1682 1207 1771 spatii

152 1783 250 1850 simul
268 1807 305 1850 aa
326 1783 478 1871 temporis
492 1782 724 1871 quantitatibus
745 1781 787 1849 ad
808 1782 966 1848 calculum
985 1783 1120 1850 redactis
1137 1807 1208 1851 eam

152 1887 365 1967 innotescam
388 1887 470 1953 daut
490 1896 523 1953 et
544 1886 687 1954 menum
704 1886 855 1975 temporis
872 1887 1032 1976 absumpti
1047 1889 1208 1976 quantitas

152 2011 218 2057 non
242 1990 305 2057 nisi
327 1992 423 2080 spatii
446 1991 542 2058 simul
567 2015 605 2059 aa
628 1991 809 2058 velocitatis
832 1990 952 2079 agnitis
976 1994 1208 2080 quantitatibus

153 2093 387 2162 determinetur.
432 2094 585 2175 Quinimo
605 2095 702 2183 spatii
715 2117 842 2182 quoque
856 2095 1017 2182 quantitas
1042 2097 1209 2184 (quatenus

153 2196 214 2264 hoo
235 2197 331 2265 modo
351 2220 408 2287 per
429 2210 551 2266 motum
571 2197 791 2286 dignoscibilis
806 2200 865 2282 est)
882 2220 940 2265 nec
954 2221 972 2265 e
986 2200 1056 2266 solt
1070 2198 1209 2270 definitas
1289 2213 1291 2216 ’

153 2299 331 2368 velocitatis
350 2301 537 2388 quantitate,
555 2322 615 2366 nee
635 2302 678 2368 ab
698 2299 861 2386 assignato
882 2309 970 2370 tanto
992 2310 1140 2389 tempore·
1155 2302 1211 2371 de·

153 2403 279 2491 pendet,
296 2413 345 2470 ast
360 2404 402 2470 ab
415 2404 581 2491 utriusque
598 2403 720 2469 mtioue
739 2402 917 2487 conjuncta.
961 2400 1007 2468 Et
1021 2403 1150 2489 quidam
1173 2415 1210 2472 ut

154 2505 224 2572 haec
237 2505 395 2594 quomodo
408 2528 442 2571 se
455 2505 627 2593 respiciant
639 2504 779 2591 amplius
796 2525 1003 2590 exponamus,
1020 2505 1116 2591 spatii
1130 2527 1210 2593 qna-

153 2618 247 2672 tenus
268 2607 329 2673 hoc
349 2607 443 2674 modo
465 2617 664 2695 computatur
681 2605 843 2694 quantitas
866 2627 904 2674 co
927 2605 991 2673 lere
1012 2605 1210 2693 dignoscitur

154 2709 260 2789 modo,
278 2731 342 2797 quo
363 2731 381 2775 e
403 2708 655 2776 dimensionibus
676 2708 743 2775 suis
761 2717 882 2796 quanta
898 2707 941 2776 sit
958 2707 1138 2797 superficias
1161 2711 1211 2778 in·

154 2813 306 2894 notescit3
329 2813 538 2902 equantitate
558 2813 680 2882 scilicet
699 2813 795 2881 unius
816 2813 918 2894 lineae,
938 2814 1021 2901 (quae
1036 2813 1212 2900 longitudi-

153 2939 228 2984 nem
242 2918 374 3006 ejusaut
388 2916 588 2984 altitudinem
602 2919 763 3002 ostentat)
780 2927 814 2984 et
826 2941 844 2986 e
858 2917 1090 3004 quantitatibus
1100 2918 1212 3006 singu·

155 3017 259 3086 larum
278 3020 417 3088 invicem
439 3021 502 3087 sibi
524 3020 747 3108 parallelarum
767 3020 1021 3108 linearumque
1040 3043 1098 3110 per
1118 3021 1212 3090 istius

156 3121 250 3190 lineae
271 3134 391 3213 puncta
408 3145 541 3211 quaqua
564 3135 764 3192 transeuntes
786 3124 984 3213 superficiem
1008 3135 1107 3192 totam
1133 3148 1212 3212 quo-

156 3226 324 3294 dammodo
338 3229 544 3308 constituunt,
560 3236 593 3293 et
611 3237 822 3316 componunt3
845 3250 915 3294 eam
937 3227 1050 3296 saltem
1072 3228 1213 3296 limitent

156 3339 253 3417 atque
271 3329 503 3411 determinant3
526 3330 587 3395 hoc
607 3339 656 3396 est
673 3329 765 3416 quasi
785 3353 842 3416 per
863 3329 992 3396 ductum
1015 3330 1212 3416 singularum

157 3433 315 3521 ejusmodi
335 3433 490 3500 lineamm
511 3433 547 3498 in
567 3433 743 3520 respectiva
756 3432 850 3498 dictae
864 3431 957 3500 liuere
974 3442 1102 3520 puncta.
1146 3433 1213 3500 Ve-

156 3537 295 3604 locitatis
323 3546 439 3618 autem,
463 3546 496 3602 et
523 3535 675 3622 temporis
697 3534 892 3622 quantitates
916 3535 1033 3623 pariter
1056 3558 1093 3602 eo
1118 3535 1214 3604 modo

158 3638 388 3721 discernuntur,
412 3661 476 3727 quo
498 3661 540 3705 ex
564 3638 752 3727 superficiei,
778 3647 811 3704 et
838 3637 934 3704 unius
963 3637 1015 3704 cui
1037 3638 1215 3725 applicatur

158 3741 366 3808 dimensionis
391 3741 569 3829 quantitate
593 3741 782 3808 discernitur
807 3748 927 3829 quanta
951 3739 994 3808 sit
1021 3741 1143 3828 reliqua
1165 3740 1214 3808 di·

159 3844 282 3911 mensio
293 3869 302 3927 ;
320 3845 449 3931 (ubivis,
467 3843 609 3932 inquam,
631 3855 687 3911 ant
708 3844 822 3911 saltem
845 3843 963 3912 alicubi
986 3853 1114 3932 quanta,
1139 3867 1214 3912 nam

158 3949 230 4015 fieri
250 3958 354 4037 potest
374 3958 412 4014 ut
428 3947 552 4036 reliqua
569 3947 725 4014 dimensio
740 3958 896 4036 qnatenus
910 3971 967 4036 per
981 3948 1087 4015 omnia
1101 3948 1215 4036 prioris

160 4051 367 4118 dimensionis
386 4061 506 4139 puncta
524 4051 721 4132 diffunditur,
744 4051 808 4118 sibi
829 4051 949 4139 passim
970 4049 1078 4139 dispar
1099 4061 1132 4118 et
1153 4051 1215 4118 dif-

15 4232 20 4247 .
160 4154 271 4221 formis
285 4155 345 4235 ait;
367 4153 446 4242 quid
460 4155 559 4221 velim
573 4178 592 4224 e
606 4154 743 4242 vestigio
756 4153 928 4234 constabit,
943 4177 1019 4220 nam
1036 4153 1126 4221 utilis
1147 4153 1216 4222 hac

161 4259 370 4327 consideratio
390 4259 532 4348 postulat
552 4259 747 4326 enucleatius
769 4257 931 4325 declarari.
976 4257 1074 4326 Omni
1094 4270 1217 4347 tempo·

161 4361 206 4427 ris
226 4361 370 4443 instanti,
394 4383 451 4428 aen
469 4361 635 4428 indefinite
653 4383 762 4449 parua
779 4359 931 4448 temporis
948 4360 1129 4448 particulae3
1155 4363 1217 4448 (iu-

160 4464 260 4532 stanti
278 4465 359 4546 dico,
379 4464 433 4533 vel
454 4462 629 4532 indefinitae
648 4461 823 4552 particula,
845 4485 921 4530 nam
939 4462 989 4531 uti
1008 4463 1090 4532 nihil
1108 4463 1217 4532 admo·
