3167 5192
155 359 256 414 ,eece
273 345 311 430 n]
462 366 654 419 sermones
675 367 913 420 occurrerem.
1150 349 1214 417 161
1291 321 1292 324 Ἴ

153 525 311 609 cocidere,
334 529 586 620 simultaneoque
600 533 693 621 quasi
714 533 890 601 durationis
911 555 1088 623 progressu,
1108 557 1128 602 a
1149 557 1218 603 car·

160 629 283 695 ceribus
312 630 355 697 ad
383 643 494 715 metas,
520 635 705 701 universum
735 636 838 703 aetatis
867 636 1057 703 curriculum
1082 637 1216 720 emetiri,

158 734 280 799 nemini
301 757 366 802 non
387 748 587 826 perspectum
608 749 667 805 est.
710 737 799 826 Ergo
817 747 942 828 tempus
957 741 1101 808 absolute
1115 764 1217 829 quan-

158 846 229 901 tum
253 849 320 920 est;
350 851 387 906 ut
410 842 597 928 quantitatis
621 841 794 908 admittens
817 841 923 928 (modo
946 845 1015 928 suo)
1040 845 1215 932 praecipuas

154 939 340 1009 affectiones
361 945 586 1032 aequalitatem,
607 944 866 1032 inaequalitatem,
882 947 1114 1034 proportionem
1125 974 1133 1029 ;
1157 971 1216 1016 nec

154 1045 244 1117 enim
256 1045 425 1114 diffiteatur
439 1049 618 1137 qnisquam,
634 1049 754 1138 opinor,
771 1049 928 1139 ἰσόχρονα
941 1050 1017 1132 fore,
1032 1075 1103 1139 quae
1118 1053 1216 1120 simul

151 1149 344 1217 exoriuntur
359 1163 391 1219 et
404 1153 501 1220 simul
515 1154 673 1220 intereunt
681 1178 691 1233 ;
714 1153 911 1241 inaequaliter
926 1153 1064 1237 durasse,
1080 1177 1214 1243 quorum

152 1273 259 1324 ‚unum
283 1255 344 1323 fuit
370 1267 539 1346 antequam
565 1258 700 1324 alterurn
723 1258 851 1344 oaeperit
876 1281 953 1339 esse,
977 1281 1035 1325 neo
1056 1281 1119 1324 non
1145 1281 1214 1326 esse

155 1370 346 1443 perseverat,
372 1372 542 1450 postquam
566 1361 701 1428 alterum
726 1360 855 1428 desierit
877 1361 1022 1429 existere.
1068 1361 1213 1450 Longius
1268 1435 1270 1440 ,

157 1470 273 1544 autem,
289 1475 322 1532 et
344 1467 471 1534 brevius
486 1476 611 1555 tempus
625 1489 718 1533 nemo
732 1488 797 1532 non
812 1466 914 1532 dicere
929 1467 1018 1547 solet,
1034 1489 1127 1533 nemo
1148 1491 1213 1534 non

157 1567 321 1654 concipere
334 1568 470 1636 uidetur.
514 1569 709 1651 Quantitatis
723 1569 822 1657 igitur
835 1570 992 1659 particeps
1004 1591 1073 1637 esse
1087 1580 1214 1660 tempus

79 1699 89 1720 ·
157 1673 333 1740 communis
358 1697 470 1740 sensus
489 1673 642 1762 agnoscit,
662 1696 720 1762 pro
744 1673 840 1739 modo
862 1673 1087 1762 permanentiae
1108 1697 1213 1742 rerum

156 1770 191 1838 in
205 1796 263 1839 suo
276 1797 356 1841 esso.
391 1775 439 1841 At
450 1776 535 1844 enim
549 1775 654 1843 dices:
677 1785 751 1841 ante
764 1789 814 1841 res
825 1798 934 1842 omnes
949 1775 1092 1842 conditas
1107 1799 1213 1844 annon

148 1883 283 1962 ,tempus
305 1877 392 1943 fuit?
412 1888 504 1944 extra
522 1878 689 1960 mundum,
704 1877 761 1944 ubi
775 1877 859 1944 nihil
874 1889 990 1959 manet,
1007 1901 1112 1945 annon
1132 1889 1215 1946 tem·

149 1999 218 2064 pus
233 1977 375 2046 labitur?
395 1980 578 2069 respondeo,
595 1980 677 2047 sicut
697 1991 771 2047 ante
790 1979 954 2048 conditum
976 1982 1133 2048 mundum
1151 1981 1214 2049 fuit

156 2083 305 2170 spatium,
325 2095 358 2152 et
376 2097 468 2154 extra
483 2085 639 2154 mundum
659 2108 745 2151 nunc
766 2095 816 2151 est
833 2096 865 2153 et
886 2085 1016 2173 quidem
1038 2084 1210 2169 infinitum,

156 2186 221 2271 (cui
230 2187 318 2255 Dens
331 2189 502 2276 coexistit)
514 2200 669 2277 quatenus
678 2198 848 2278 potuerunt
856 2188 942 2268 olim,
954 2199 986 2255 et
999 2199 1133 2276 possunt
1142 2190 1212 2276 jam

156 2291 292 2359 existere
311 2293 388 2359 talia
409 2303 560 2381 tantaque
582 2316 722 2381 corpora,
737 2314 810 2380 quae
828 2301 897 2357 turn
919 2314 984 2358 non
1004 2292 1212 2372 iuerunt„aut

151 2393 221 2481 jam
234 2419 298 2479 non
317 2407 410 2478 sunt;
433 2397 479 2462 ita
492 2397 580 2486 prius
594 2397 724 2478 mundo,
740 2407 773 2462 et
786 2395 883 2461 simul
899 2417 971 2461 cum
986 2393 1104 2461 mundo
1126 2393 1212 2479 (licet

157 2505 249 2561 extra
260 2497 427 2581 mundum)
439 2507 565 2585 tempus
579 2497 650 2578 fuit,
667 2505 698 2563 et
712 2506 778 2577 est;
796 2505 952 2583 quatenus
967 2504 1040 2562 ante
1054 2493 1211 2559 mundum

155 2611 303 2666 exortum
327 2610 497 2688 potuerunt
516 2601 633 2689 aliquae
653 2624 703 2668 res
726 2600 760 2665 in
782 2621 851 2666 esse
874 2597 997 2664 tamdiu
1018 2619 1211 2685 permanere,

155 2703 279 2790 possint
296 2704 365 2790 jam
387 2715 478 2770 extra
498 2703 654 2770 mundum
676 2704 750 2770 talis
772 2701 997 2792 permanentiae
1017 2723 1148 2790 capaces
1162 2725 1212 2768 res
1238 2749 1242 2764 .

155 2802 292 2872 existere
300 2830 310 2886 ;
332 2805 437 2894 potuit
454 2805 511 2872 sol
522 2806 622 2873 multo
636 2805 726 2894 prius
739 2805 774 2871 in
788 2805 893 2871 lucem
907 2803 1089 2884 emersisse;
1111 2803 1213 2891 possit
1324 2823 1326 2828 ’

150 2908 220 2996 jam
235 2908 299 2991 ille,
315 2909 367 2976 vel
381 2910 464 2976 alius
478 2910 553 2977 talis
567 2907 679 2998 spatiis
692 2907 890 2996 imaginariis
910 2907 1071 2994 affulgere.
1116 2907 1213 2974 Tem-

145 3033 215 3099 -pus
230 3011 328 3098 igitur
341 3034 407 3078 non
420 3011 576 3078 actualem
590 3012 805 3092 existentiam,
818 3019 851 3077 at
866 3010 1071 3100 capacitatem
1086 3019 1211 3077 tanturn

154 3137 211 3181 seu
233 3115 476 3220 possibilitatem
505 3115 635 3183 denotat
662 3117 877 3206 permanentis
903 3115 1099 3196 existentise;
1129 3116 1212 3182 sicut

153 3221 292 3309 apetium
316 3221 521 3313 capacitatem
546 3221 694 3309 designat
717 3219 950 3308 magnitudinis
979 3218 1209 3287 intercedentis.

156 3321 220 3390 Sed
235 3322 360 3404 mirum,
375 3323 510 3409 ingeres,
526 3322 649 3389 secluso
663 3332 754 3389 motu
767 3332 893 3410 tempus
908 3321 1080 3410 explicari3
1103 3343 1211 3388 annon

153 3435 280 3514 tempus
298 3437 422 3492 motum
442 3425 611 3516 implicat?
653 3423 789 3491 Minime
809 3425 880 3490 dico
895 3423 1001 3512 quoad
1019 3423 1209 3505 absolutam,

145 3538 186 3595 ret
206 3528 409 3596 intrinsecam
427 3538 573 3595 natmam
588 3549 697 3608 suam;
720 3526 808 3593 haud
822 3526 925 3613 magis
939 3548 1036 3613 quam
1051 3525 1208 3612 quietem3

152 3656 173 3698 a
195 3643 308 3699 neutro
332 3631 483 3720 temporis
502 3631 663 3719 quantitas
689 3629 723 3696 in
747 3652 781 3697 se
804 3628 979 3718 dependet;
1003 3647 1059 3695 scu
1081 3637 1208 3695 currant

146 3757 211 3815 res,
236 3755 292 3800 seu
311 3742 415 3813 stent;
444 3755 501 3799 seu
524 3731 716 3798 dormiamus
738 3752 806 3810 nos,
832 3729 901 3796 sive
923 3728 1094 3815 vigilemus
1116 3751 1207 3816 aequo

151 3850 259 3906 tenore
272 3848 400 3926 tempus
414 3837 543 3904 labitur.
586 3836 692 3923 Finge
706 3834 815 3902 stellas
830 3855 938 3900 omnes
949 3832 990 3898 ab
1005 3832 1207 3899 incunabulis

151 3943 218 4010 suis
239 3941 323 4008 fixas
343 3941 537 4030 perstitisse3
559 3940 642 4006 nihil
661 3939 736 4005 inde
755 3938 926 4026 quicquam
943 3935 1078 4024 tempori
1099 3935 1205 4002 deces-

149 4047 261 4127 sisset3
284 4045 408 4112 tamdiu
425 4044 515 4132 quies
536 4044 598 4110 ista
618 4043 827 4132 perdurasset,
850 4040 1003 4130 quamdiu
1024 4050 1130 4106 motus
1151 4041 1205 4106 hic

139 4147 283 4216 effluxit.
328 4145 432 4226 Prius,
447 4145 612 4234 posterius,
629 4144 733 4225 simul,
753 4143 869 4231 (quoad
885 4153 971 4208 ortus
985 4164 1090 4208 rerum
1108 4152 1139 4208 et
1154 4142 1205 4208 in·

139 4252 284 4339 teritus)
302 4251 399 4317 etiam
413 4249 448 4315 iu
462 4249 522 4315 illo
531 4247 702 4335 tranquillo
716 4258 803 4313 statu
816 4247 928 4313 fuisset
941 4247 976 4311 in
991 4267 1033 4326 se,
1050 4247 1204 4334 potuisset

149 4364 289 4423 amente
310 4353 414 4441 magis
436 4352 574 4442 perfecta
590 4351 794 4441 apprehendi.
833 4349 898 4417 Sed
912 4361 1006 4440 prout
1020 4350 1098 4438 ipsae
1112 4373 1203 4439 mag·

145 4457 311 4531 'nitudines
339 4468 415 4524 sunt
438 4455 583 4524 absolute
608 4464 746 4542 quantae,
772 4453 1019 4542 independenter
1047 4453 1089 4519 ab
1115 4455 1202 4524 omni

213 4581 244 4629 a.
258 4581 296 4628 rr.
334 4579 373 4628 11.
1073 4557 1112 4622 21
