3167 5192
303 417 345 484 58
637 432 823 484 rucuouas
845 432 1120 483 unsaramma.
1277 415 1387 500 [anon.
1403 435 1462 482 ιιι.

303 613 421 670 rectam
451 603 486 684 O,
511 613 543 669 et
567 602 697 692 duplam
721 606 809 693 ejus3
835 616 962 698 propter
984 606 1083 670 istum
1106 613 1293 694 conceptum
1320 603 1408 670 linea
1436 608 1469 669 A

304 703 523 792 designabitur
537 707 675 788 nomine,
692 706 744 772 vel
763 707 943 773 charactere
962 707 1078 772 radicis
1100 706 1246 774 secunda
1266 707 1333 792 (vel
1356 706 1472 773 lateris

302 807 458 894 quadrati,
475 813 517 897 sl)
543 810 666 876 numeri
681 810 715 895 l,
737 810 789 876 vel
812 811 935 876 numeri
958 821 987 891 2,
1010 812 1203 900 respective3
1226 819 1264 876 ut
1285 810 1328 876 sit
1350 833 1472 898 nempe

303 909 396 976 radix
429 911 484 996 §B
520 912 626 998 (qu)
667 911 719 978 vel
753 912 847 977 radix
876 913 932 980 20
961 914 1080 999 (420).
1144 912 1200 978 Ex
1228 935 1292 1000 quo
1321 913 1470 1000 proinde,

306 1017 336 1081 6.
364 1013 514 1103 Sequitur
534 1014 761 1082 advertendum
781 1024 846 1081 tres
865 1038 932 1082 esse
951 1018 1081 1108 (praeter
1092 1016 1249 1082 unitatem
1263 1015 1377 1103 ipsam,
1391 1039 1472 1102 qne
1575 1010 1576 1071 i

304 1139 506 1185 numerorum
521 1118 622 1186 veluti
636 1119 707 1185 fons
722 1128 771 1186 est
789 1141 827 1184 ac
845 1119 946 1205 origo)
967 1118 1161 1185 differentias
1180 1128 1214 1184 et
1230 1119 1324 1204 quasi
1343 1120 1471 1205 species

306 1245 527 1304 numerorum3
557 1223 618 1289 hoc
637 1232 695 1303 est,
711 1222 923 1310 Integrorum,
939 1222 1135 1302 Fracturum,
1150 1231 1182 1289 et
1196 1221 1400 1287 Radioalium
1415 1222 1474 1289 rel

308 1325 492 1408 Surdorum,
508 1349 587 1414 quos
609 1338 733 1395 vocant.
779 1328 921 1409 Quorum
938 1327 1063 1413 Inayri
1080 1325 1209 1413 quidem
1232 1314 1373 1392 nomina⁴
1386 1338 1473 1392 sunt
1575 1326 1576 1331 ’

304 1431 358 1496 vel
387 1429 533 1518 symbola
562 1431 831 1518 magnitudinum,
863 1429 1124 1518 compositionem
1153 1428 1292 1517 ipsarum
1318 1429 1471 1496 subindi·
1575 1502 1576 1505 Ἴ

304 1533 409 1600 cantia
424 1535 518 1602 certis
531 1559 573 1602 ex
593 1535 737 1624 partibus
758 1533 933 1621 equalibus
950 1534 1096 1619 (quarum
1110 1553 1308 1618 unaquaque
1321 1531 1470 1620 simplex
1575 1530 1576 1535 ’

303 1646 448 1704 censetur
469 1647 501 1706 et
522 1639 702 1706 nominatur
724 1637 844 1721 unitas)
868 1645 905 1702 ut
926 1636 955 1701 si
978 1634 1167 1722 magnitudo
1189 1635 1222 1699 A
1245 1635 1399 1700 confletur
1424 1660 1470 1703 ex
1575 1652 1576 1711 t

305 1759 363 1805 sex
382 1741 526 1828 partibus
547 1741 722 1828 aequalibus
746 1738 810 1824 (vel
825 1761 867 1804 ex
881 1759 947 1804 una
960 1737 1064 1802 sexies
1083 1737 1228 1823 repetita)
1248 1735 1471 1826 appellabitur

306 1844 340 1909 A
355 1866 423 1910 sex.
468 1845 582 1910 Froota'
593 1867 666 1912 vero
690 1842 820 1932 (quibus
838 1864 986 1908 aceenseo
1002 1841 1136 1921 Mixtos,
1159 1841 1215 1928 qui
1229 1849 1372 1908 consmre
1386 1865 1470 1930 pos-

307 1955 382 2012 sunt
402 1968 444 2012 ex
464 1945 587 2033 integro
607 1956 639 2013 et
657 1946 769 2029 frusto)
791 1954 876 2011 notas
898 1955 972 2011 sunt
992 1945 1207 2032 cujuscunque
1229 1944 1469 2030 magnitudinis

305 2046 417 2112 itidem
435 2047 600 2112 innuentia
614 2047 874 2135 compositionem
891 2047 961 2134 ejus
975 2047 1175 2134 expertibus
1190 2045 1377 2132 equalibus,
1395 2070 1469 2114 non

305 2150 434 2240 quidem
455 2152 609 2232 absolute,
631 2151 687 2218 sed
707 2152 810 2240 ipsam
831 2151 1043 2241 comparando
1063 2174 1135 2216 cum
1157 2152 1221 2217 alia
1239 2151 1468 2236 magnitudine

304 2255 480 2342 compositu
495 2277 536 2320 ex
556 2254 678 2342 aliquot
688 2255 843 2344 partibus,
855 2278 926 2343 quae
937 2255 1049 2342 prioris
1064 2255 1207 2342 partibus
1222 2253 1359 2342 aequales
1372 2268 1466 2336 sunt,

303 2367 335 2423 et
358 2358 579 2445 cognomines:
610 2357 682 2439 Vel,
713 2359 836 2448 numeri
859 2358 950 2424 fracti
974 2367 1049 2423 sunt
1074 2356 1222 2443 symbola
1246 2356 1467 2445 cujuscunque

302 2461 534 2550 magnitudinis
556 2471 640 2530 certo
663 2461 757 2528 modo
780 2461 963 2550 composita
985 2461 1158 2548 aqualiter,
1181 2460 1366 2526 exhibentia
1385 2481 1467 2548 pro-

302 2565 479 2656 portionem
499 2565 567 2654 ejus
587 2564 779 2632 adulteram
799 2563 1064 2652 magnitudinem,
1084 2585 1126 2628 ex
1146 2563 1258 2628 iisdem
1283 2561 1466 2650 aequalibus

302 2669 446 2755 partibus
461 2668 678 2757 compositam.
723 2666 774 2734 Ut
787 2667 816 2732 si
830 2667 864 2732 A
879 2675 1085 2755 componatur
1102 2689 1144 2732 ex
1159 2675 1178 2733 6
1193 2665 1338 2754 partibus
1353 2687 1465 2754 sequa-

302 2769 398 2852 libus,
421 2782 454 2838 et
474 2771 508 2836 B
527 2795 568 2838 ex
590 2771 723 2838 totidem
745 2768 860 2836 iisdem
882 2792 1006 2850 novem,
1029 2769 1089 2836 erit
1110 2770 1142 2834 A
1163 2792 1221 2836 sex
1239 2791 1332 2834 nonae
1351 2781 1463 2857 partes

302 2873 404 2960 ipsius
418 2873 452 2937 B
466 2874 495 2958 (ξ
510 2874 553 2956 Β)
570 2873 623 2938 vel
638 2873 670 2937 A
687 2895 721 2939 se
735 2871 866 2938 habebit
880 2870 921 2938 ad
935 2873 976 2953 B,
992 2881 1028 2937 ut
1042 2895 1100 2939 sex
1115 2871 1156 2937 ad
1170 2894 1295 2939 novem.
1333 2871 1461 2939 Eadem

303 2995 417 3061 nempe
443 2973 640 3060 magnitudo,
667 2973 800 3039 unitatis
825 2973 954 3040 nomine
977 2982 1170 3061 nuncupata,
1197 2974 1302 3039 sexies
1328 2986 1463 3062 accepta
1573 3056 1574 3077 Χ

302 3075 464 3164 componit
488 3076 532 3156 A,
562 3075 672 3141 novies
694 3097 768 3141 vero
796 3086 923 3163 sumpta
948 3074 1114 3141 constituit
1136 3075 1176 3141 B.
1221 3073 1356 3141 Numeri
1381 3099 1461 3145 vero

303 3177 480 3259 Rods'cuks,
497 3177 550 3244 rel
564 3177 667 3244 Sardi
679 3186 762 3243 notae
773 3187 849 3242 sunt
862 3177 1092 3264 magnitudinis
1106 3177 1286 3264 cujuslibet,
1296 3200 1462 3245 common-

301 3291 436 3348 strantes
461 3281 563 3370 ipsam
593 3302 661 3346 esse
690 3279 891 3367 proportione
919 3278 1180 3367 qualitercunque
1208 3279 1345 3345 mediam
1375 3281 1462 3348 inter

300 3383 476 3474 quamlibet
505 3391 700 3470 assumptam
737 3380 991 3467 magnitudinem
1023 3382 1260 3467 homogeueam,
1292 3383 1460 3469 aqualiter

299 3485 505 3575 compositam
529 3481 702 3552 secundum
725 3483 921 3569 exigentiam
947 3482 1084 3571 appositi
1108 3483 1232 3548 numeri
1257 3505 1315 3549 seu
1338 3485 1459 3572 integri
1572 3568 1573 3577 ἵ

300 3615 357 3659 seu
374 3591 475 3671 fracti,
491 3597 523 3657 et
537 3597 659 3678 partem
674 3587 743 3675 ejus
757 3585 890 3651 unitatis
904 3585 974 3652 vioe
987 3585 1188 3672 fungentem
1207 3585 1271 3672 (vel
1285 3587 1372 3674 quod
1387 3611 1459 3677 per·
1572 3596 1573 3611 ³

300 3696 374 3763 iude
397 3705 455 3775 est,
480 3693 561 3760 inter
584 3701 745 3779 acceptam
769 3688 917 3776 quamvis
940 3689 1194 3774 magnitudinem
1218 3689 1396 3778 simplicem
1419 3715 1459 3758 aa

299 3797 481 3878 indivisam,
503 3805 535 3861 et
554 3804 718 3884 propterea
741 3789 874 3858 unitatis
896 3791 999 3857 vicem
1027 3793 1195 3859 obeuntem
1225 3815 1263 3858 ac
1288 3792 1385 3860 aliam
1409 3795 1457 3860 ita
1572 3780 1573 3797 ¹

299 3911 393 3990 prout
407 3899 577 3987 adjunctus
592 3897 694 3984 exigit
704 3917 855 3961 numerus
869 3894 1139 3983 multiplicatam)
1152 3908 1188 3960 ut
1197 3895 1291 3961 radix
1305 3897 1455 3977 secunda,

298 4002 352 4069 vel
371 3999 565 4088 quadratica,
585 3997 709 4065 numeri
727 4005 757 4078 3,
778 3996 909 4062 denotat
928 3997 1066 4064 mediam
1085 3997 1350 4086 proportionalem
1371 3999 1456 4068 inter

299 4101 446 4192 quamvis
462 4111 658 4189 assumptam
675 4097 939 4186 magnitudinem,
956 4108 988 4166 et
1001 4099 1102 4186 ipsius
1116 4100 1254 4188 triplam.
1298 4099 1345 4166 Et
1358 4103 1454 4170 radix

298 4205 401 4285 tertia,
425 4203 619 4283 volcabitur,
645 4201 775 4271 ternarii
800 4202 946 4289 designat
967 4201 1103 4290 primam
1124 4224 1167 4268 ex
1188 4202 1313 4268 duabus
1338 4205 1453 4272 mediis

298 4305 586 4398 proportionalibus
615 4305 696 4372 inter
725 4304 873 4392 quamvis
901 4314 1097 4394 assumptam
1126 4304 1391 4392 magnitudinem,
1421 4321 1454 4375 et

327 4459 374 4532 (t)
404 4459 493 4516 'lbere
504 4477 552 4516 are
564 4460 643 4518 three
654 4461 737 4519 kinds
748 4465 779 4520 of
786 4463 930 4524 numbers:
950 4465 1086 4535 Integer-s,
1099 4465 1249 4533 Mona
1260 4463 1317 4521 and
1327 4463 1423 4522 Surda
