3167 5192
97 414 190 462 secr.
204 396 270 480 rc]
435 411 623 463 tremores
644 412 920 465 uarusnnrrcre.
1197 402 1258 468 101

96 594 238 660 intimior
259 594 336 676 hec,
351 596 437 683 quod
458 596 577 663 habeat
594 594 730 684 aqualia
750 597 813 663 tria
834 598 945 679 latera,
969 597 1115 685 equidem
1138 622 1259 687 nequeo

97 699 284 785 conjectare.

158 801 320 867 Vidimus
345 802 444 889 igitur
467 802 671 890 syllogismos
695 826 805 870 omnes
828 804 924 892 hujus
947 803 1171 892 propositionis
1194 814 1259 870 tam

97 906 338 987 constructioni,
366 930 462 994 quam
491 907 753 973 demonstrationi
782 896 1025 974 constructionis
1054 908 1259 975 inservientes

97 1032 161 1077 asae
177 1010 321 1076 totidem
340 1034 432 1077 veras
446 1010 748 1103 demonstrationes3
770 1022 881 1100 utpote
904 1035 946 1078 ex
968 1013 1189 1079 essentialibus
1212 1036 1260 1080 re-

97 1137 164 1179 rum
186 1116 409 1203 subjectarum
433 1116 596 1181 attributis
622 1114 789 1200 deductas3
815 1117 966 1183 ultimum
992 1118 1167 1205 praesertim
1191 1140 1259 1185 esse

97 1240 298 1307 summopere
320 1218 479 1285 causalem
497 1230 530 1286 et
548 1221 768 1287 scientificum.
813 1221 875 1287 Est
897 1220 997 1309 igitur
1017 1221 1076 1303 illi,
1099 1232 1136 1288 ut
1158 1244 1258 1311 spero,

99 1321 257 1389 instantiae
273 1322 396 1388 factum
412 1324 499 1389 satis.
1039 1402 1042 1409 Ι

158 1424 283 1493 Verum
307 1428 450 1502 alteram,
474 1426 602 1493 sibene
622 1426 764 1508 memini,
783 1426 929 1494 Pererius
951 1438 983 1495 et
1005 1428 1060 1495 alii
1079 1430 1259 1519 producunt

99 1528 294 1612 instantiam,
315 1540 349 1597 et
368 1531 524 1597 celebrem
543 1530 639 1596 istam
658 1532 914 1619 propositionem,
937 1554 1007 1617 quae
1028 1540 1075 1597 est
1095 1532 1259 1618 trigesima

100 1634 234 1699 secunda
256 1633 358 1723 primi
381 1633 539 1713 elementi,
564 1633 719 1720 sugillant
740 1643 777 1698 ut
803 1634 910 1699 minus
935 1634 1106 1701 scientifice
1130 1635 1259 1702 demon-

100 1744 235 1803 stratam.
275 1736 365 1803 Nam
387 1748 419 1802 et
440 1736 494 1802 liic
513 1736 605 1803 aiunt
628 1736 669 1801 ad
692 1736 973 1802 demonstrandum
995 1759 1104 1803 omnes
1124 1738 1258 1824 angulos

101 1838 249 1927 trianguli
270 1842 398 1907 duobus
416 1840 510 1907 rectis
530 1840 702 1927 exaequari,
723 1840 864 1927 protrahi
884 1840 969 1907 latus
989 1850 1148 1922 unumst
1167 1842 1258 1909 alteri

101 1943 283 2028 parallelum
304 1943 390 2024 duci,
410 1966 482 2030 quae
503 1952 541 2008 ut
561 1942 651 2023 fient,
671 1943 800 2008 omnino
822 1944 1034 2011 extrinsecum
1057 1954 1155 2011 estet
1176 1945 1258 2011 acci·

104 2044 222 2114 dentale
241 2048 407 2137 proposito
424 2047 563 2134 negotio,
578 2069 638 2112 nee
651 2045 812 2112 ullatenus
832 2068 874 2112 ex
893 2046 959 2113 illis
979 2047 1135 2136 dependet
1156 2070 1258 2136 angu-

102 2146 209 2231 lorum,
234 2152 350 2238 quiin
374 2148 533 2237 triangulo
556 2158 641 2229 sunt,
665 2147 830 2234 aequalitas
852 2150 1029 2216 astruenda.
1074 2150 1172 2237 Ergo,
1195 2152 1258 2217 iste

105 2246 328 2320 demonstratio
350 2274 415 2319 non
438 2250 581 2340 procedit
603 2272 646 2316 ex
669 2250 719 2331 iis,
744 2274 816 2339 quae
841 2274 897 2339 per
921 2276 963 2334 se,
988 2276 1046 2319 nec
1070 2253 1149 2320 adeo
1172 2254 1257 2342 parit

104 2352 272 2423 scientiam.

165 2456 294 2525 Scilicet
311 2458 348 2524 hi
367 2458 578 2538 subtilissimi,
593 2455 647 2523 rel
665 2456 913 2524 fastidiosissimi
928 2457 1045 2545 potius,
1062 2468 1257 2545 argutatores

106 2559 261 2628 ratiocinia
282 2564 319 2629 ni
342 2562 434 2629 fallor
456 2560 637 2628 desiderant
657 2561 779 2648 absque
800 2560 906 2627 medio
923 2560 1038 2648 quovis
1061 2562 1190 2627 invento
1205 2562 1257 2630 vel

107 2660 285 2753 adsumpt03
311 2664 617 2753 argumentationem
632 2673 788 2752 expetunt
802 2664 870 2730 sine
891 2674 1087 2751 argumento.
1132 2665 1257 2731 Aristo·

106 2762 178 2831 telas
205 2768 338 2855 quidem
368 2777 554 2855 argumenta
581 2767 685 2854 rejicit
712 2767 885 2855 ἑτερογενῆ,
912 2789 954 2833 ex
980 2767 1109 2835 alterius
1135 2778 1255 2835 naturae

109 2865 230 2936 scientia
251 2872 457 2961 deprompta;
491 2870 528 2935 hi
549 2879 663 2935 cuncta
684 2892 830 2957 respuere
855 2869 1013 2953 ridentur,
1037 2894 1102 2938 rem
1128 2872 1255 2961 probari

109 2970 211 3039 volunt
223 2998 265 3041 ex
279 2998 328 3056 se,
343 2974 427 3039 nihil
441 2972 571 3039 aliunde
584 2972 750 3059 patiuntur
764 2972 906 3041 adscisci.

167 3074 228 3143 Sed
242 3080 285 3146 ad
306 3100 383 3160 rem,
405 3086 433 3166 1,
465 3076 587 3143 Saltem
609 3076 799 3143 Aristoteles
821 3077 1013 3165 ipsissimam
1035 3080 1118 3148 hanc
1140 3104 1254 3171 propo-

111 3174 243 3247 sitionem
257 3180 391 3248 adducit
404 3181 439 3245 in
453 3178 636 3267 exemplum
647 3202 850 3267 eorumquae
865 3203 921 3268 per
931 3204 965 3247 se
976 3183 1086 3249 insunt
1101 3186 1253 3272 subjecto,

112 3288 139 3343 tt
151 3304 202 3368 per
215 3306 345 3352 causam
360 3282 578 3363 ostenduntur,
594 3281 720 3348 disertis
734 3282 787 3347 his
801 3283 918 3349 verbis.
951 3282 1120 3353 Ἕκαστον
1135 3286 1169 3352 δὲ
1184 3287 1253 3353 ἐπι-

113 3382 245 3467 στάμεθα
256 3386 306 3473 μὴ
321 3385 406 3453 κατὰ
419 3383 640 3469 συμβεβηκὸς,
656 3383 734 3451 trae
750 3384 822 3451 καθ’
844 3387 942 3453 ἐκεῖνο
960 3387 1167 3472 γινώσκομεν,
1182 3390 1253 3455 καθ’

114 3482 128 3548 i
141 3485 283 3580 ὑπάρχει,
295 3492 331 3556 ἐκ
345 3493 409 3557 τῶν
419 3488 531 3578 ἀρχῶν
541 3493 606 3555 τῶν
614 3487 743 3569 ἐκείνου,
754 3486 775 3575 ᾗ
787 3490 900 3556 ἐκεῖνο·
917 3490 983 3556 οἷον
994 3491 1032 3556 τὸ
1044 3490 1136 3557 δυσὶν
1146 3492 1254 3580 ὀρθαῖς

116 3586 178 3662 ἴσας
189 3593 283 3682 ἔχειν,
300 3593 326 3683 ᾧ
340 3592 483 3682 ὑπάρχει
497 3590 569 3657 καθ’
584 3589 662 3658 αὑτὸ
679 3590 717 3657 τὸ
737 3589 908 3679 εἰρημένον,
925 3592 961 3657 ἐκ
980 3595 1044 3657 τῶν
1063 3590 1178 3681 ἀρχῶν
1191 3596 1255 3661 τῶν

116 3694 235 3765 rotro&
281 3708 311 3765 2.
335 3696 430 3778 Quod
445 3718 512 3762 rem
533 3695 636 3782 ipsam
656 3704 777 3783 spectat
797 3718 914 3784 repono
934 3696 1081 3777 breviter,
1103 3698 1253 3783 quoniam

116 3794 293 3885 triangulum
308 3824 350 3867 ex
367 3798 461 3866 rectis
479 3797 574 3864 lineis
592 3798 804 3872 constituitur,
823 3808 915 3865 rectae
934 3798 1027 3865 lineae
1047 3800 1254 3888 proprietates

157 3940 166 3974 ¹
181 3957 198 3995 1.
210 3947 272 4001 Post.
286 3948 364 3999 Aeol.
378 3964 431 4013 cap.
444 3961 468 4014 9.
494 3923 711 4012 [Unumquodque
721 3950 807 3995 autem
818 3946 909 3996 seimus
920 3963 971 3997 non
982 3946 1119 3998 secundum
1129 3948 1250 4013 accidens,

119 4024 202 4082 unta
215 4030 351 4081 secundum
367 4029 429 4079 illud
447 4029 644 4093 cognoverimus,
664 4028 802 4078 secuudum
817 4028 883 4093 quod
900 4028 972 4092 inest,
992 4044 1023 4080 ex
1040 4030 1167 4096 principiis
1187 4031 1253 4083 illius

119 4098 162 4160 (αἱ
175 4106 246 4175 Μ),
265 4117 390 4177 quatenus
404 4112 487 4176 ipsum
506 4115 558 4172 art3
576 4115 607 4160 ut
624 4110 655 4159 τὸ
674 4109 838 4173 (maura
854 4116 901 4161 tm
917 4111 1028 4175 molor)
1046 4112 1137 4163 huwe
1155 4112 1253 4164 duobus

120 4186 284 4341 mxu
294 4193 398 4259 (rrimus
409 4196 497 4259 utpote)
508 4194 549 4244 cui
560 4192 703 4259 (mulo)
714 4193 812 4244 dietum
823 4193 888 4245 inest
899 4210 943 4260 per
953 4212 987 4258 se,
1002 4212 1032 4247 ex
1043 4197 1171 4263 principiis
1186 4198 1252 4247 illius

517 4392 829 4402 ψ..-

164 4447 250 4525 Aen,
260 4455 444 4512 numeras.

164 4530 229 4607 ue,
238 4556 284 4613 ray
294 4540 345 4597 the
355 4541 540 4599 mnatroction
551 4541 576 4597 is
587 4542 718 4599 extrinsic
730 4542 785 4598 aud
796 4542 954 4599 accidental.
