3167 5192
347 383 410 449 238
684 402 1165 470 casaromaniana-:uanam
1323 382 1423 467 [arar.
1437 398 1485 447 rr.

410 569 568 639 Caeterum
598 572 658 638 hoc
683 573 777 639 modo
804 582 888 639 nota
913 584 997 647 sunt,
1025 596 1084 640 nec
1109 572 1173 639 aha
1198 572 1308 652 modo,
1335 570 1486 658 primitiva

346 696 479 760 quaqua
494 696 659 755 mensurae,
675 675 716 739 ad
730 697 811 761 quas
830 674 972 762 ejusdem
992 676 1118 760 generis
1137 697 1296 740 mensurae
1316 674 1487 751 referuntm;

345 799 479 861 quarum
499 776 626 862 quidem
647 777 858 863 quantitatem
876 776 933 842 vix
953 777 1046 843 aliter
1062 777 1220 864 explicare
1238 777 1327 855 licet,
1349 774 1488 863 quamad

346 878 418 943 illas
434 878 571 965 digitum
592 878 796 959 intendendo,
817 879 919 966 deque
937 878 1078 967 ipsarum
1093 880 1275 966 quantitate
1288 878 1489 966 percunctanti

344 981 572 1069 respondendo,
588 992 677 1047 tanta
692 992 741 1049 est
754 993 909 1069 quantam
924 983 1068 1063 intueris,
1086 994 1142 1049 aut
1156 1006 1255 1049 sensu
1269 982 1417 1071 percipis

411 1086 507 1153 Unde
533 1096 739 1167 consectatur,
765 1098 804 1153 ut
829 1088 890 1152 hoc
914 1086 1009 1152 modo
1036 1088 1203 1175 quidpiam
1228 1088 1443 1174 dignoscatur,
1463 1099 1489 1151 et

344 1198 522 1277 prototypae
542 1212 697 1255 mensura
716 1190 871 1255 rationem
892 1191 1014 1270 subeat,
1036 1191 1193 1279 imprimis
1206 1192 1311 1278 exigi,
1327 1201 1365 1256 ut
1378 1214 1399 1255 a
1410 1212 1489 1255 sensu

345 1293 494 1379 quopiam
516 1291 737 1358 aestimabilem
760 1293 972 1380 quantitatem
993 1294 1127 1374 habeat3
1157 1304 1191 1360 et
1215 1294 1355 1382 proinde
1375 1317 1442 1359 cum
1459 1304 1488 1356 nt

345 1396 531 1482 subjiciatur
553 1395 670 1475 sensui,
686 1407 756 1460 tum
777 1405 814 1460 ut
835 1395 1025 1461 mediocrem
1048 1398 1164 1462 habeat
1181 1398 1407 1484 quantitatem,
1421 1398 1489 1461 intra

345 1499 468 1565 debitos
490 1498 608 1564 limites
630 1498 676 1563 ita
698 1499 932 1579 consistentem,
953 1509 990 1565 ut
1011 1522 1123 1564 sensus
1144 1501 1180 1564 in
1200 1500 1273 1587 ejus
1296 1501 1488 1565 aestimatione

344 1626 409 1668 non
423 1602 515 1668 facile
531 1602 715 1689 decipiatur,
730 1601 791 1666 hoc
806 1612 863 1681 est,
879 1613 916 1667 ut
929 1602 957 1667 si
977 1601 1207 1669 considerabile
1225 1603 1310 1689 quid
1329 1612 1489 1691 apponatur

344 1706 384 1785 ei,
400 1707 452 1772 vel
468 1707 510 1772 ab
525 1706 595 1793 ipsa
609 1704 823 1785 subtrahatur,
839 1728 904 1769 non
918 1705 953 1769 id
967 1728 1095 1770 sensum
1110 1706 1249 1791 effugere
1264 1719 1373 1793 queat.
1416 1706 1489 1785 Qua·

344 1818 472 1895 propter
485 1809 605 1895 optime
620 1818 710 1873 notat
724 1807 923 1886 Aristoteles,
940 1807 974 1872 id
991 1807 1078 1894 quod
1095 1809 1198 1873 obiter
1219 1810 1345 1875 moneri
1367 1831 1422 1895 par
1439 1818 1486 1878 aa

343 1912 464 1977 caeteris
479 1912 609 1998 paribus
628 1912 778 1977 minimas
793 1911 960 1977 sensibiles
974 1911 1211 1998 magnitudines
1226 1935 1386 1978 mensura
1400 1911 1486 1976 vicem

344 2002 735 2077 obireecmmcdissime1:
755 2009 872 2077 Ὅπου
892 2009 953 2091 μὲν
973 2009 1030 2077 οὖν
1050 2009 1138 2076 δοκεῖ
1155 2009 1200 2094 μὴ
1223 2010 1308 2077 εἶναι
1329 2008 1485 2097 damini

345 2112 572 2200 προστεθῆναι,
589 2117 684 2179 τοῦτο
706 2112 840 2201 ἀκριβὲς
861 2112 899 2179 τὸ
919 2114 1048 2201 μέτρον·
1085 2116 1153 2181 Ubi
1171 2116 1257 2181 nihil
1284 2116 1386 2201 aaut
1401 2125 1486 2201 potat

343 2230 398 2281 aut
413 2218 523 2297 adimi,
536 2220 613 2305 quin
627 2243 649 2285 a
663 2242 753 2283 seusu
759 2219 863 2306 facib
873 2221 1070 2306 percipiatur
1082 2232 1112 2285 at
1120 2234 1312 2306 agnoscatur
1324 2220 1483 2293 dasian,

343 2321 381 2385 id
393 2322 631 2387 accuratibaima
640 2322 744 2408 fiterit
758 2346 915 2387 malaura.
959 2320 1088 2385 Minora
1100 2342 1176 2387 vero
1189 2332 1315 2407 quanta
1328 2320 1482 2409 prasertim

343 2422 423 2487 talia
443 2434 527 2505 sunt,
546 2424 696 2511 quoniam
718 2422 839 2509 majora
859 2422 987 2489 facilius
1008 2434 1102 2488 aucta
1122 2422 1175 2489 vel
1197 2424 1371 2491 imminuta
1389 2440 1480 2487 sersus

339 2527 498 2613 judicium
522 2527 638 2609 latent;
673 2523 759 2593 Ἀπὸ
780 2525 845 2613 ιγὰρ
868 2524 1004 2592 σταδίου
1023 2525 1079 2591 acl
1100 2524 1273 2607 ταλάντου,
1297 2526 1353 2593 καὶ
1372 2523 1418 2591 aet
1435 2524 1481 2587 τοῦ

342 2629 482 2714 μείζονος
496 2629 594 2697 λάθον
608 2629 649 2697 ἂν
662 2627 843 2716 προστεθέν
856 2653 890 2693 τι
911 2627 966 2693 καὶ
987 2626 1161 2716 ἀφαιρεθὲν
1181 2632 1316 2712 μᾶλλον
1329 2628 1351 2711 ἢ
1364 2626 1481 2695 ἀπὸτοῦ

343 2732 524 2804 ἐλάττονος·
555 2734 587 2799 Α
610 2733 712 2799 stadia
731 2732 780 2799 ccl
801 2730 923 2804 talento,
946 2744 975 2795 et
993 2732 1165 2797 universim
1183 2756 1205 2795 a
1225 2733 1362 2819 quolibet
1382 2730 1481 2817 τινοιν

342 2839 443 2922 magia
458 2837 553 2901 lateat
567 2835 705 2901 ablatam
724 2832 853 2921 aliquod
873 2845 930 2897 aut
951 2833 1114 2919 adjectum,
1134 2858 1228 2919 quam
1247 2860 1271 2900 a
1285 2836 1376 2923 pade,
1390 2832 1434 2900 acl
1449 2832 1480 2895 ab

342 2938 437 3016 abab,
460 2938 509 3003 cal
528 2964 549 3003 a
571 2940 679 3023 quouis
699 2939 821 3003 minore
843 2936 1016 3015 deductam,
1038 2960 1093 3002 aea
1114 2938 1146 3002 ei
1171 2941 1360 3025 appositum.
1401 2932 1479 3001 Unde

342 3036 504 3105 concludit
526 3040 750 3126 Philosophus,
773 3038 850 3127 Ἀφ’
873 3037 910 3105 οὗ
931 3038 1062 3126 πρώτου
1084 3039 1169 3107 κατὰ
1194 3040 1253 3123 τὴν
1276 3034 1479 3123 dadacum

343 3140 506 3228 indixerat
520 3145 614 3208 τοῦτο
628 3140 746 3212 πάντες
760 3146 928 3219 ποιοῦνται
941 3141 1067 3230 μέτρον,
1082 3142 1138 3208 καὶ
1156 3141 1222 3209 τότ’
1242 3144 1366 3210 οἴονται
1383 3138 1479 3209 abac

342 3242 379 3311 τὸ
394 3243 508 3325 ποσὸν,
526 3242 603 3311 ’όταν
617 3244 726 3311 εἰδῶσι
740 3243 793 3311 διὰ
811 3245 928 3313 τούτου
948 3250 1005 3313 τοῦ
1026 3247 1157 3334 μέτρου·
1182 3249 1237 3334 (Id
1248 3274 1271 3315 a
1285 3274 1348 3336 quc
1358 3248 1478 3336 prtum

340 3348 446 3437 quoad
461 3374 567 3415 satanas
584 3351 749 3416 aestimiaun
766 3351 851 3417 sitit
869 3352 1014 3418 abstrahi
1026 3364 1139 3439 potest,
1159 3376 1337 3419 mutuarum
1357 3359 1477 3417 ausast

340 3480 452 3534 ουιποο,
468 3468 496 3521 at
515 3468 588 3521 tuac
608 3478 640 3519 aa
662 3466 815 3541 quantum
835 3453 966 3541 aliquod
986 3456 1182 3521 arbitrantur
1200 3480 1385 3543 capnoaoera,
1398 3473 1477 3540 qaam

336 3584 396 3646 per
415 3559 595 3647 hujusmodi
612 3582 791 3623 mansuram
811 3559 1015 3643 cognoscunt).
1062 3557 1183 3625 Saltem
1203 3559 1265 3625 hoc
1280 3558 1405 3626 nomine
1416 3561 1476 3619 aaut

340 3661 381 3727 sd
410 3662 470 3728 hoc
499 3661 625 3749 ineptae,
653 3671 685 3725 et
714 3660 755 3725 ab
782 3659 948 3746 originalis
977 3660 1162 3747 hujusmodi
1190 3684 1348 3729 mensura
1371 3658 1475 3725 maone

339 3764 466 3851 penitus
481 3763 694 3830 excluduntur
708 3785 817 3829 omnes
832 3762 1065 3847 grandiusculae
1079 3765 1337 3851 magnitudines3
1358 3786 1393 3831 ao
1405 3754 1475 3847 quod

338 3865 465 3933 illorum
492 3866 678 3933 differentias
707 3875 870 3951 nequeunt
895 3865 1035 3945 omnino,
1063 3866 1114 3933 vel
1141 3890 1206 3933 non
1231 3870 1310 3935 satis
1336 3862 1475 3953 exquisite

338 3968 506 4055 dijudicari
522 3994 541 4035 a
555 3992 659 4036 sensu.
704 3968 800 4048 Nam,
815 3978 852 4032 ut
866 3967 974 4055 Optici
992 3978 1114 4051 notant,
1135 3970 1296 4039 distantiae
1318 3970 1409 4060 pedes
1426 3964 1475 4029 du·

338 4092 431 4136 cenos
454 4082 635 4159 superantes
658 4093 677 4135 a
698 4069 780 4149 visu,
805 4092 900 4134 sensu
921 4068 1108 4156 longissime
1127 4074 1338 4161 pertingente,
1356 4060 1473 4137 discerni

834 4198 841 4228 ¹
860 4198 917 4247 aa.
931 4210 957 4248 x.
975 4215 996 4247 r.

390 4412 424 4467 ln
437 4410 494 4466 this
505 4428 563 4482 way
574 4412 610 4467 all
624 4412 763 4482 primitive
780 4430 921 4471 messuras
936 4431 985 4471 arc
999 4415 1100 4471 known
1113 4414 1149 4485 by
1160 4416 1321 4486 inspectior.

390 4496 486 4553 Hence
497 4496 562 4567 they
574 4501 648 4553 must
659 4497 728 4553 have
739 4514 757 4553 a
767 4500 928 4568 magnitude
939 4500 1084 4557 estimabla
1095 4501 1132 4570 by
1143 4517 1239 4569 sonsc;
1256 4506 1308 4557 not
1318 4505 1363 4557 too
1374 4500 1446 4564 luat
