3167 5192
293 349 337 414 38
630 363 817 414 uncrrouus
838 363 1111 414 unusuuamcm.
1289 345 1396 432 [nucu.
1412 363 1453 411 11.

295 529 371 594 dani
388 527 579 616 systematis
594 525 746 607 ordinem,
760 526 997 613 caelestiumque
1011 549 1176 614 corporum
1190 537 1307 607 motus,
1322 526 1452 613 figuras,

294 630 543 718 magnitudines,
564 629 740 709 distantias,
764 630 905 695 influxus
928 631 1169 717 contemplatur,
1190 631 1300 718 partiti
1320 641 1398 697 sunt
1418 631 1453 695 in

297 733 539 812 Gncmonicam,
564 754 760 819 gnomonum
782 732 905 798 umbris
928 733 1054 798 horaria
1079 734 1182 821 spatia
1203 733 1452 813 discernentem

296 837 594 924 Meteoroscopicen,
620 837 834 904 elevationum
863 836 1066 918 differentias,
1093 848 1249 904 astrorum
1278 839 1453 927 intercape-

296 943 397 1022 dines,
420 954 453 1008 et
475 942 526 1007 his
548 952 683 1028 cognata
704 941 904 1029 problemata
924 941 1165 1022 discutientem
1192 942 1454 1030 Dioptricamque

296 1067 367 1133 qua
390 1068 446 1132 per
468 1044 609 1134 dioptrae
633 1044 705 1129 (hoc
724 1054 773 1110 est
792 1045 1004 1110 iustrumenta
1022 1045 1170 1132 quadam
1188 1046 1328 1112 visuales
1347 1045 1453 1114 radios

295 1149 495 1236 trajicientis,
518 1160 550 1213 et
569 1148 750 1234 dirigentia)
774 1148 925 1234 syderum
945 1159 1131 1236 apparentes
1153 1148 1401 1235 magnitudines,
1421 1163 1455 1216 et

296 1253 465 1318 intervalla
487 1253 630 1318 rimatur.
676 1250 840 1318 Tacticam
862 1275 937 1317 vero
962 1250 1008 1336 (id
1028 1263 1077 1318 est
1099 1251 1199 1316 aciem
1221 1252 1372 1318 bellicam
1392 1253 1454 1318 rite

296 1351 484 1444 disponendi
503 1353 696 1438 facultatem)
718 1353 863 1419 consulto
882 1354 1066 1440 rejecerunt,
1086 1362 1119 1418 et
1136 1353 1358 1440 abjudicarunt
1381 1353 1454 1420 Ma·

296 1459 477 1527 thematicis
507 1457 696 1546 disciplinis,
726 1457 785 1524 etsi
815 1457 994 1543 Logistices
1022 1480 1060 1522 ac
1089 1455 1265 1522 Geodaesiae
1298 1458 1454 1524 beneficio

296 1564 438 1651 legiones
457 1573 616 1652 supputet,
635 1573 667 1629 et
687 1572 790 1628 castra
809 1569 965 1641 metetur;
989 1559 1072 1626 sicut
1091 1583 1149 1625 nec
1170 1561 1340 1646 (arguunt)‘
1353 1562 1455 1629 histo-

295 1667 379 1734 ricus
394 1667 509 1733 idcireo
530 1666 775 1731 Mathematicus
790 1675 849 1746 est,
865 1665 942 1752 quia
954 1665 1121 1752 regionum
1135 1664 1264 1730 climata
1277 1665 1383 1747 refert,
1398 1678 1454 1734 aut

295 1771 423 1837 urbium
439 1771 595 1836 ambitum
611 1770 764 1836 edisserit.

361 1871 531 1960 Ejusmodi
546 1871 703 1937 Geminus
722 1872 805 1956 (aliis
827 1871 1099 1960 adstipulantibus
1121 1872 1299 1955 maetaueis)
1324 1870 1455 1940 Mathe·

295 1985 417 2042 matum
442 1974 581 2039 instituit
603 1974 816 2060 partitionem,
849 1973 1052 2062 Pythagorei
1081 1974 1210 2062 quidem
1232 1987 1265 2042 et
1286 1975 1456 2044 Platonici

296 2077 458 2165 aliquanto
473 2076 657 2156 uberiorem,
674 2088 706 2141 et
719 2076 817 2142 talem
830 2086 1001 2164 utcunque,
1015 2101 1087 2165 quae
1101 2080 1276 2166 praecipuas
1290 2080 1454 2159 exhibeat,

296 2192 329 2248 et
343 2180 569 2268 complectatur
586 2189 701 2265 partes,
718 2178 1017 2246 Mathematicarum
1038 2182 1166 2253 numine
1180 2182 1280 2269 vulgo
1297 2183 1454 2263 donatas;

295 2289 368 2350 mei
392 2293 499 2348 tamen
519 2281 676 2347 sententis
698 2303 762 2346 nou
786 2283 918 2370 probam
942 2282 1029 2364 satis,
1056 2295 1112 2352 aut
1140 2297 1329 2352 cosmatem.
1365 2284 1455 2354 Nam

295 2385 452 2474 imprimis
472 2385 676 2451 fundamento
696 2385 809 2452 nititur
828 2386 890 2452 ista
904 2386 1020 2452 divisio
1035 2410 1186 2475 perquam
1201 2387 1335 2468 infirmo,
1351 2388 1456 2456 lubri-

296 2515 394 2581 coque
402 2518 410 2572 ;
428 2489 687 2558 Mathematicam
703 2490 825 2556 scilicet
835 2489 888 2555 vel
898 2489 982 2555 circa
996 2513 1046 2555 res
1060 2490 1290 2578 intelligibiles,
1302 2491 1356 2558 vel
1370 2492 1455 2560 circa

295 2596 462 2664 sensibiles
476 2595 605 2674 versari,
621 2617 694 2659 cum
709 2598 818 2659 revera
831 2592 957 2658 nullum
972 2593 1130 2680 objectum
1146 2593 1248 2680 ipsius
1269 2616 1335 2659 non
1355 2595 1455 2662 simul

295 2697 499 2785 intelligibile
511 2698 563 2777 sit,
572 2707 604 2762 et
615 2695 775 2775 sensibile,
785 2695 911 2762 diverso
921 2705 1065 2782 respectu
1074 2719 1083 2774 3
1100 2695 1303 2781 intelligibile
1312 2697 1454 2784 quidem,

295 2811 452 2888 quatenus
466 2798 680 2864 universalem
697 2798 799 2885 ipsius
819 2798 923 2865 ideam
942 2820 1033 2863 mens
1055 2797 1289 2885 apprehendere
1302 2809 1456 2887 potestat

295 2901 430 2980 intueri3
454 2900 603 2966 sensibile
625 2923 709 2979 vero,
733 2912 890 2987 quatenus
911 2902 996 2968 inest
1017 2910 1049 2966 et
1066 2901 1213 2968 convenit
1237 2902 1455 2989 singularibus

296 3001 447 3089 subjectis
462 3023 589 3066 sensum
604 3001 866 3069 incurrentibus²r
887 3003 970 3089 (quis
984 3002 1070 3069 enim
1081 3025 1147 3067 non
1157 3002 1301 3090 singulas
1312 3027 1455 3092 quasque

296 3127 461 3193 corporum
476 3104 690 3170 dimensiones
710 3105 801 3170 oculo
823 3105 1004 3192 perlustrat,
1026 3114 1175 3172 attrectat
1193 3107 1327 3191 manui)
1352 3107 1457 3174 Nulla

296 3231 371 3278 vero
385 3208 466 3274 ratio
481 3216 539 3287 est,
554 3209 759 3294 quamobrem
779 3206 975 3292 generalium
990 3207 1135 3273 doctriua
1155 3219 1317 3296 separetur
1337 3234 1358 3275 a
1378 3232 1458 3278 con-

296 3311 485 3380 sideratione
507 3311 725 3398 singularium,
749 3333 822 3376 cum
845 3310 928 3375 hanc
950 3310 1008 3376 illa
1030 3310 1158 3398 penitus
1182 3311 1334 3394 includat,
1356 3323 1390 3380 et
1411 3335 1455 3382 ex

296 3416 445 3506 primaria
462 3415 639 3482 intentione
652 3413 826 3502 respiciat².
871 3413 938 3480 Cur
959 3414 1023 3479 alia
1042 3439 1074 3482 v.
1087 3437 1119 3500 g.
1142 3417 1275 3485 scientia
1295 3418 1455 3507 spheram

295 3519 531 3607 intelligibilem
553 3527 674 3598 mactet,
696 3517 761 3582 alia
783 3517 991 3584 sensibilem?
1031 3517 1114 3584 Cum
1134 3520 1185 3585 hae
1203 3521 1307 3607 reipsa
1325 3545 1454 3609 prorsus

296 3623 414 3692 eaedem
429 3623 503 3702 sint,
520 3631 552 3688 et
565 3620 670 3708 quoad
684 3632 790 3686 actum
805 3621 920 3686 mentis
935 3621 1166 3703 subordinatae;
1183 3646 1241 3690 nec
1254 3624 1455 3711 intelligibili

299 3727 371 3816 (hoc
385 3736 433 3794 est
447 3725 668 3794 universaliter
686 3723 868 3806 intellectae)
885 3723 1018 3811 sphaerae
1033 3725 1204 3812 quiequam
1223 3728 1320 3794 tribui
1339 3730 1453 3816 possit,
1561 3766 1562 3769 =

296 3832 383 3919 quod
416 3829 560 3896 sensibili
592 3828 665 3913 (hoc
693 3837 742 3893 est
772 3825 928 3912 singulari
956 3828 1070 3911 cuivis)
1100 3831 1266 3917 potissimo
1289 3832 1363 3919 jure
1388 3856 1455 3900 non

296 3931 525 4000 accommodari
539 3931 649 4019 possit,
665 3938 697 3996 et
711 3928 858 4015 congruit
871 3927 1107 4015 perfectissime.
1139 3931 1236 3999 Unde
1250 3933 1454 4003 Geodsesiam
1561 3916 1562 3929 ἵ

346 4079 357 4112 ¹
374 4081 455 4129 Arist.
468 4080 528 4129 Met.
542 4079 598 4129 Lib.
611 4091 640 4128 11.
654 4094 674 4128 a
690 4091 710 4140 3.

345 4160 357 4194 ¹
369 4161 399 4210 ’0
412 4163 437 4212 δὲ
448 4161 493 4222 τήν
504 4161 607 4210 καθόλου
618 4160 756 4225 (ἀπόδειξιν)
768 4161 839 4222 ἔχων,
853 4161 901 4210 οἶδε
913 4162 953 4211 rut
964 4159 993 4212 ri
1005 4163 1068 4213 rard
1081 4163 1271 4227 atae-Anat.
1286 4165 1354 4218 Post.
1364 4167 1421 4217 Lib.
1431 4177 1450 4220 t.

296 4259 316 4293 c.
332 4255 371 4304 24.

349 4385 500 4456 Astrology
511 4385 570 4442 into
582 4386 740 4456 Gncmonic,
753 4387 978 4459 Mstcurosoopie,
990 4388 1123 4460 Dioptric

349 4469 509 4542 objections
520 4475 551 4528 to
562 4471 618 4528 this
630 4470 754 4528 division

344 4557 402 4615 The
413 4557 570 4616 distinction
581 4558 618 4630 by
630 4557 792 4629 iutelligibls
803 4560 859 4616 aud
871 4559 989 4618 sensible
1001 4561 1108 4634 objecta
1119 4561 1144 4619 is
1154 4561 1322 4633 uniotmded,
