3167 5192
132 395 242 446 unm.
257 380 331 466 ru]
495 399 682 454 ramosas
703 403 845 456 emron
1139 387 1201 454 133

131 571 191 628 cst
206 563 278 629 No
290 562 458 629 refractum
477 586 546 631 esse
563 566 645 632 radii
664 567 706 633 ad
727 567 796 649 ΟΥ,
812 568 872 636 hoc
893 577 942 636 est
963 567 1203 658 adFOparal-

129 665 196 732 leli
208 687 221 741 3
242 665 365 752 liquido
378 667 511 757 proinde
525 680 650 736 constat
662 672 871 759 propositum.

209 768 254 832 In
273 769 335 834 hoc
351 791 427 834 casu
441 770 537 836 debet
549 793 619 838 esse
640 773 713 859 OZq
730 793 758 836 >
775 775 841 839 ZT
849 795 871 838 ><
886 774 948 842 Za.
994 773 1095 840 Haud
1117 774 1204 842 absi·

129 869 216 934 mili
238 870 361 936 ratione
383 871 596 958 quoadalioa
617 897 710 941 casus
739 876 788 959 (ut
813 875 841 940 si
868 875 978 942 circuli
1002 876 1204 963 refringcntis

129 995 261 1038 cavum
284 973 409 1059 objecto
432 985 620 1060 exponatur,
644 975 717 1060 dic.)
742 987 911 1064 peragetur
936 976 1117 1062 negotium
1144 997 1204 1062 ego

128 1075 306 1164 specimen
324 1087 450 1144 tantum
472 1079 602 1146 institui
611 1080 829 1174 Problcoratr's,
847 1082 944 1168 juxta
958 1079 1045 1168 quod
1065 1079 1204 1146 visibilis

129 1181 263 1268 objecti
284 1181 405 1268 specics
426 1205 484 1269 per
501 1182 718 1250 refractionem
734 1183 918 1251 circularem
933 1184 1108 1252 secundnm
1123 1205 1204 1272 praa·

129 1283 273 1348 stitutas
287 1285 497 1371 quantitatem
516 1294 613 1372 atque
635 1285 821 1354 distantiam
843 1297 1004 1376 utcunque
1025 1287 1127 1377 possit
1142 1286 1202 1352 im-

130 1385 271 1450 mutari.

499 1623 845 1693 APPENDICULA.

220 1794 251 1862 'l'
276 1798 345 1864 haec
370 1796 479 1884 paullo
502 1794 667 1882 strigosior
692 1795 804 1862 Lectio
829 1793 976 1861 nonnihil
1003 1793 1201 1870 incrassetur,

241 1900 355 1976 faciam
378 1900 431 1966 hic
455 1902 650 1987 (quanquam
672 1899 811 1965 alienore
834 1898 914 1984 loco)
943 1896 1030 1985 quod
1055 1897 1133 1965 alibi
1162 1898 1203 1985 (si

132 2002 224 2068 mihi
245 2013 321 2068 tunc
341 2003 377 2067 in
398 2013 537 2068 mentem
556 2001 707 2086 venisset)
724 2001 843 2068 factum
870 2001 1054 2090 oportebat;
1077 2001 1203 2068 ratioci-

133 2104 207 2170 niis
220 2105 337 2170 nostris
351 2104 582 2184 adversantem,
598 2126 619 2168 a
632 2104 701 2170 viro
721 2103 904 2170 doctissimo
922 2104 1077 2192 (alioquin
1092 2105 1203 2192 opinor

134 2231 213 2274 raro
235 2209 437 2292 dormitante)
461 2207 664 2272 commissum
684 2208 943 2295 paralogismum,
964 2231 1005 2274 ne
1024 2207 1075 2273 cui
1097 2207 1202 2274 fraudi

136 2309 195 2390 sit,
218 2309 364 2396 detegam
387 2331 425 2373 ac
447 2307 597 2386 amoliar;
620 2330 746 2395 unaque
769 2307 945 2372 doctrinam
968 2318 1108 2372 nostram
1128 2330 1202 2373 con-

135 2411 275 2478 firmabo
285 2438 294 2491 ;
317 2411 448 2475 horsum
468 2431 486 2475 e
506 2408 679 2494 praemissis
697 2408 1203 2493 consequens‚sedetexpe1·ien·

136 2517 196 2583 tiae
213 2518 262 2600 (ut
282 2513 476 2596 videbimus)
493 2533 666 2578 consonum
681 2511 742 2577 hoc
759 2521 948 2596 presterum
972 2509 1002 2574 Ε
1017 2509 1202 2576 refractione

138 2617 257 2703 quavis
284 2617 442 2697 (necnon
465 2636 483 2678 e
502 2613 679 2679 reflectione
702 2613 744 2678 ad
766 2611 932 2695 circulum)
957 2610 1081 2676 duobus
1103 2610 1204 2677 oculis

141 2714 375 2803 apprehensum
395 2714 555 2802 objectum
579 2717 670 2802 (puta
690 2714 833 2780 lucidum
856 2723 1009 2802 punctum
1025 2715 1071 2799 A)
1094 2719 1204 2780 revera

141 2818 277 2906 duplum
292 2827 433 2906 apparet,
449 2841 507 2884 seu
519 2818 599 2884 duas
615 2819 670 2903 (ad
683 2817 803 2902 minus)
821 2807 944 2884 dbtinct
958 2817 1124 2904 imagines.

206 2921 293 2988 Nam
308 2946 328 2989 a
341 2931 459 3011 puncto
473 2924 506 2988 A
521 2929 676 2988 exeuntes
689 2921 864 2987 inflectenti
880 2921 957 2986 MN
972 2919 1116 2987 incidant
1138 2920 1201 2988 duo
1215 2918 1273 2988 Iug.
1290 2920 1343 2984 176-

141 3027 323 3115 quicunque
343 3025 425 3092 radii
446 3025 527 3106 AM,
542 3025 617 3090 AN
620 3049 629 3105 ;
651 3046 786 3112 quorum
808 3023 920 3089 inflexi
943 3023 1008 3090 sint
1027 3024 1105 3105 ΜΕ,
1119 3025 1200 3106 NF3

142 3139 362 3195 concurrentes
376 3129 411 3194 in
427 3130 465 3194 X
470 3153 478 3209 ;
501 3128 536 3194 in
551 3129 604 3195 his
618 3139 724 3196 autem
738 3129 864 3216 uspiam
880 3129 1114 3196 constituantur
1127 3151 1202 3196 ocu·

142 3230 244 3298 lorum
263 3242 370 3298 centra
390 3232 428 3312 0,
443 3233 489 3312 P;
511 3232 599 3318 quod
620 3232 731 3319 puncti
746 3233 779 3297 A
794 3233 901 3318 imago
923 3231 1014 3297 nulla
1035 3231 1076 3296 ad
1094 3255 1201 3298 occur-

142 3357 213 3400 sum
239 3335 277 3400 X
298 3335 425 3415 existat,
452 3357 470 3400 e
497 3357 593 3423 supra
617 3336 740 3422 positis,
766 3357 804 3400 ac
833 3334 974 3420 probatis
1004 3343 1201 3400 consectatur

144 3440 266 3523 (omncs
287 3437 373 3504 enim
395 3437 551 3522 imagines
568 3435 611 3501 ad
633 3437 691 3501 illa
712 3436 883 3502 consistere
900 3434 1065 3500 docuimus
1087 3434 1201 3500 inflex·

141 3563 231 3606 orum
253 3549 380 3626 puncta,
407 3538 449 3604 ad
474 3560 546 3624 quae
567 3536 649 3602 nulli
672 3537 746 3602 illos
764 3537 821 3602 alii
850 3535 962 3600 inflexi
984 3537 1199 3620 intersecant),

141 3642 250 3731 itaque
274 3644 346 3710 duae
372 3650 447 3706 sunt
468 3641 624 3726 imagines
643 3639 755 3727 puncti
776 3638 820 3718 A,
843 3660 908 3703 una
936 3638 970 3703 in
994 3637 1112 3704 inflexo
1133 3639 1208 3704 EM

145 3746 263 3834 (qualis
282 3748 314 3831 a)
341 3745 396 3810 nd·
412 3744 540 3810 oculum
563 3743 592 3810 0
613 3742 795 3831 pertinens;
818 3741 917 3807 altera
942 3741 975 3808 in
1002 3740 1121 3808 inflexo
1134 3741 1207 3808 FN

146 3849 263 3936 (qualis
278 3849 310 3932 α)
334 3847 427 3914 oculo
441 3848 474 3911 P
486 3845 679 3934 deputanda.

208 3950 296 4016 Hinc
310 3949 411 4037 liquet
425 3949 521 4015 etiam
536 3948 769 4035 magnitudinis
777 3947 920 4034 cujusvis
932 3948 991 4014 hoc
1003 3947 1097 4014 modo
1111 3970 1200 4036 spec·

142 4062 218 4120 tatae
231 4053 391 4140 duplicem
402 4053 575 4138 imaginem
590 4052 711 4118 haberi.

208 4155 297 4222 Huic
319 4155 415 4222 effato
437 4154 465 4219 si
488 4154 645 4220 contraria
668 4151 859 4219 obtendatur
880 4151 1084 4238 experientia,
1108 4174 1199 4218 mon·

143 4268 246 4324 straus
268 4257 403 4324 subinde
417 4257 575 4323 duntaxat
588 4279 686 4322 unam
700 4254 872 4340 imaginem
888 4275 1055 4340 apparere3
1078 4275 1198 4341 regere,

141 4361 175 4426 in
198 4361 385 4428 refractione
408 4360 538 4448 quidem
563 4359 605 4426 ad
630 4357 830 4446 superficiem
856 4356 987 4443 planam
1014 4368 1200 4444 apparenter

141 4463 201 4530 hoc
229 4465 415 4553 plerumque
443 4463 635 4550 contingere,
662 4461 812 4549 quoniam
843 4459 997 4546 imagines
1027 4460 1096 4527 istae
1128 4461 1198 4528 duae
