3167 5192
541 345 667 396 onemo
689 347 925 398 erraverunt.
1269 337 1309 404 ll

146 517 274 605 agendo
290 517 447 605 peritiam,
464 515 497 580 in
508 515 682 603 judicando
697 517 935 604 perspicaciam,
950 518 985 583 in
1000 517 1184 584 disserendo
1199 519 1308 586 facun-

146 622 256 701 diam;
287 622 320 686 in
343 621 453 686 officiis
475 620 616 687 colendis
638 619 744 701 fidem,
768 622 802 686 in
821 621 915 688 factis
937 621 1130 709 requitatem,
1153 622 1187 686 in
1212 621 1308 689 dictis

146 723 407 802 modestiamin
433 723 594 810 proposito
619 723 850 804 constantiam
876 723 1034 789 sincerum
1059 746 1197 789 amorem
1223 725 1306 789 veri·

145 825 233 905 tatis,
256 826 370 892 ardens
393 826 556 913 sapientis
578 826 730 907 studium,
753 827 913 892 excelsam
934 826 1084 906 indolem,
1105 836 1137 892 et
1159 850 1307 893 consum·

145 939 268 994 matam
287 929 496 996 eruditionem
507 953 515 1008 ;
537 929 737 1017 reliquasque
759 929 943 996 innumerae
963 939 1036 994 tuas
1058 929 1184 994 divinas
1205 930 1305 995 animi

144 1031 292 1112 virtutes,
303 1033 470 1120 praeclaras
485 1032 574 1098 dotes
590 1033 721 1118 ingenii,
734 1033 863 1120 egregia
878 1033 952 1098 vitae
966 1033 1115 1112 facinora,
1126 1033 1303 1100 verecundo

143 1133 254 1220 potius
272 1134 421 1220 obtegam
442 1134 577 1210 silentio,
593 1157 690 1222 quam
711 1135 892 1222 importuno
909 1135 1067 1223 praeconio
1082 1135 1302 1222 dehonestem

143 1259 227 1324 quas
250 1259 310 1324 ego
332 1248 417 1304 certe
440 1260 511 1302 cum
541 1240 589 1322 (ut
611 1238 717 1304 radios
742 1261 808 1304 non
830 1239 947 1304 directo
973 1262 1067 1304 cursu
1090 1237 1223 1319 delatos,
1245 1238 1303 1306 sed

143 1339 245 1406 medii
259 1341 415 1406 densioris
430 1341 596 1428 interjectu
607 1341 754 1408 refractos
766 1351 799 1407 et
809 1342 1024 1426 conturbatos)
1038 1341 1220 1428 acceperim,
1236 1364 1301 1410 non

143 1466 208 1510 usu
221 1445 347 1532 proprio
363 1445 587 1532 perspexerim,
604 1457 653 1510 ast
668 1445 772 1510 aliena
786 1445 850 1511 fide
865 1445 1034 1525 subnixus,
1050 1455 1082 1512 et
1097 1445 1194 1512 solius
1208 1447 1302 1512 fama

143 1547 299 1614 beneficio
314 1549 516 1634 cognoverim
535 1549 639 1634 (lamae
654 1549 729 1615 licet
745 1559 828 1614 certe
848 1560 880 1615 et
900 1549 1097 1628 indubitatae,
1113 1549 1301 1616 multarum-

142 1673 207 1738 que
222 1651 412 1738 optimorum
427 1663 460 1718 et
480 1651 786 1740 sapientissimorum
809 1653 948 1721 virorum
969 1650 1118 1718 consonis
1139 1652 1301 1739 suffragiis

141 1753 289 1836 munitae)
318 1755 346 1819 si
372 1754 505 1821 dicendo
530 1755 677 1842 persequi
707 1755 834 1834 vellem,
859 1755 938 1843 quid
963 1755 1052 1822 aliud
1077 1777 1173 1842 quam
1199 1777 1301 1822 caecns

140 1854 350 1922 clarissimam
365 1857 467 1924 lucem
482 1856 726 1946 depingendam,
738 1858 852 1924 surdus
864 1859 1085 1924 suavissimam
1100 1857 1299 1924 harmoniam

141 1958 333 2046 susciperem
348 1958 616 2026 emodulandam?
638 1983 657 2026 o
679 1961 707 2026 si
725 1961 865 2027 viventis
887 1961 1002 2026 intueri
1024 1961 1150 2027 vultum
1172 1969 1299 2046 amoena

141 2062 212 2128 lnce
227 2061 469 2144 circumfusum
492 2063 521 2128 si
535 2064 742 2151 contemplari
757 2075 867 2150 gestus
883 2063 1011 2152 placida
1027 2061 1196 2131 severitate
1210 2086 1297 2130 oom-

140 2166 281 2250 positos;
304 2167 333 2230 si
348 2165 515 2252 degustare
530 2190 688 2250 sermones
703 2179 774 2233 tuos
796 2168 911 2235 nrellet
932 2167 1120 2234 salubritate
1141 2168 1294 2247 conditos,

138 2269 266 2357 istoque
290 2270 433 2354 guttulas
457 2270 579 2357 aliquot
601 2272 643 2336 ab
667 2271 858 2338 inexhausto
883 2272 1011 2358 gurgite
1033 2271 1192 2338 facundie
1215 2271 1297 2355 mihi

138 2372 323 2460 depromere
344 2372 495 2452 licuisset,
512 2384 566 2438 tuo
582 2373 686 2438 forsan
705 2384 815 2460 pectus
830 2375 1065 2463 impregnatum
1080 2377 1189 2442 afflatu
1203 2375 1297 2462 quid-

137 2475 214 2542 dam
228 2475 425 2564 concepisset
445 2477 548 2542 simile
571 2478 629 2556 tui,
645 2487 700 2544 tuo
723 2500 758 2543 os
781 2478 940 2544 imbutum
962 2489 1087 2545 nectare
1109 2490 1140 2544 te
1162 2477 1296 2564 dignum

135 2577 263 2665 aliquid
286 2578 494 2666 profirdisset:
526 2603 610 2644 nunc
632 2579 731 2644 satius
754 2601 824 2644 esse
844 2579 926 2645 duco
945 2589 1051 2644 tantas
1073 2580 1209 2644 virtutes
1228 2601 1298 2644 om·

136 2679 217 2746 nino
237 2702 303 2745 non
326 2681 491 2768 attingere,
512 2704 608 2769 quam
628 2681 745 2768 injuria
768 2680 851 2746 male
872 2691 1078 2768 pertractatas
1097 2680 1227 2761 afficere,
1242 2681 1295 2746 vel

135 2782 266 2848 inficeto
281 2805 425 2850 sermone
439 2784 662 2850 contaminare.

205 2883 283 2951 Una
304 2897 428 2952 tanturn
449 2897 593 2974 superest
615 2887 685 2952 laus
710 2889 780 2972 (nec
796 2887 853 2952 illa
867 2895 974 2952 tamen
995 2885 1163 2974 postremis
1185 2907 1295 2953 acoen-

134 2987 250 3070 senda)
267 3010 364 3075 quam
378 2988 469 3054 nullt
483 2989 604 3054 ratione
620 2988 752 3054 debeam
772 3011 833 3076 ego
852 2989 1005 3075 intactam
1023 2987 1201 3076 praeterire3
1224 2988 1296 3055 feli-

133 3090 284 3170 cissimae,
306 3091 388 3172 dieo,
408 3091 681 3180 Imprudentia,
706 3092 770 3158 illis
792 3093 828 3158 in
849 3091 1027 3178 deligendis
1049 3102 1081 3158 et
1103 3089 1295 3179 deputandis

132 3193 301 3274 adhibitae,
320 3194 437 3281 quibus
457 3217 635 3282 supremam
657 3217 721 3260 sua
743 3194 929 3280 (voluntatis
950 3193 1146 3280 exequenda
1165 3191 1295 3258 dicam?

130 3297 202 3380 vel)
221 3297 440 3386 dispensanda
454 3297 640 3364 charitatis?
662 3319 768 3362 euram
788 3295 1032 3363 commendaret.
1078 3293 1205 3382 Quippe
1219 3317 1293 3360 cum

131 3400 227 3466 irrita
248 3423 332 3488 saepe
357 3401 445 3480 fiant,
472 3411 505 3466 et
531 3410 654 3488 sperato
681 3400 832 3466 excidant
857 3423 1005 3466 successu
1027 3399 1081 3466 vel
1106 3401 1226 3487 optime
1252 3401 1294 3466 ab

131 3502 322 3570 hominibus
338 3504 503 3584 destinata,
519 3505 662 3583 istorum,
678 3505 795 3590 quibus
810 3504 1061 3582 committuntur,
1082 3502 1135 3568 vel
1149 3503 1295 3588 improbt

131 3605 280 3693 perfidia,
295 3606 349 3672 vel
363 3607 483 3693 ignava
496 3607 678 3694 supinitate,
694 3608 746 3673 vel
760 3607 930 3695 insipiente
945 3604 1101 3683 vecordia,
1116 3604 1150 3669 id
1165 3605 1293 3670 abunde

131 3708 233 3787 cavit,
249 3729 289 3774 ne
310 3709 372 3774 sibi
395 3709 544 3790 eveniret,
566 3733 638 3776 oum
661 3719 850 3776 testamento
872 3731 929 3774 suo
950 3707 1123 3795 praeficeret
1142 3706 1223 3771 duos
1245 3705 1294 3770 in·
1331 3748 1335 3755 ·

132 3817 284 3898 corrupta
306 3810 378 3891 lide,
399 3811 521 3877 invicta
539 3811 717 3898 diligentia,
736 3819 877 3898 spectata
894 3808 1064 3898 prudentia
1084 3811 1189 3902 viros;
1212 3831 1293 3896 qao-

134 3933 208 3976 rurn
228 3923 389 4000 utcunque
408 3936 473 3979 non
492 3920 584 4000 grata
603 3913 817 3980 recordatione
836 3913 985 4000 prosequi
1006 3913 1138 3976 nomina
1156 3911 1295 3998 flagitio·

136 4035 208 4078 sum
223 4024 307 4080 esset
325 4015 417 4095 mihi,
434 4015 574 4102 ipsorum
595 4039 668 4082 cum
691 4039 767 4102 erga
787 4038 846 4082 vos
868 4037 1027 4080 summam
1047 4015 1293 4096 observantiam,

135 4127 205 4181 tum
225 4117 419 4203 singularem
440 4119 473 4182 in
489 4118 643 4206 meipsum
660 4119 892 4184 humanitatem
906 4129 1049 4206 experto.
1094 4117 1191 4186 Unus
1206 4118 1294 4184 haud

134 4218 266 4306 perinde
288 4220 396 4285 forsan
422 4221 568 4306 cognitus
594 4220 696 4302 vobis,
725 4221 855 4307 (dignus
880 4231 986 4287 temen
1012 4221 1068 4308 qui
1091 4232 1295 4308 pernoscatur

133 4321 175 4386 ab
193 4323 342 4389 omnibus
362 4323 568 4412 colaturqua)
591 4325 813 4390 ornatissimus
832 4334 865 4391 et
884 4326 1135 4414 spectatissimus
1150 4324 1210 4403 vir,
1228 4324 1295 4389 Ro-

133 4424 241 4492 bertus
271 4426 437 4508 Raworth,
468 4427 558 4494 AElio
589 4427 638 4494 illi
669 4427 768 4495 Sexto
799 4429 1042 4515 (jurisconsulto
1073 4426 1292 4512 Ciceroniana)
