3167 5192
93 366 294 451 temnet]
389 383 579 434 usorrorns
601 382 876 434 usrnsurnrou.
1072 369 1135 437 391

137 545 215 614 Nem
229 558 264 615 et
277 548 475 638 cylindricis
492 550 729 640 superficiebus,
744 551 863 642 quibus
885 560 1062 642 aquantur,
1077 552 1139 618 hoc
1153 585 1167 619 ι
1180 571 1236 623 oo.
1250 581 1281 618 11.

84 652 227 720 contenit.
1151 637 1234 702 hujus

134 790 161 853 t.
205 787 382 878 Sphaerica
413 790 594 880 superficies
622 792 734 873 βΒΑα
755 791 919 881 parallelis
946 791 1053 881 plenis
1081 793 1139 874 βα,

83 890 132 953 ΒΑ
144 891 322 981 intercepta
341 903 492 982 sequatur
511 894 695 982 cylindriooe
709 895 890 984 superficiei
905 896 1009 980 ξΥΖζ
1026 894 1140 961 iisdem

83 991 171 1078 planis
191 993 402 1084 interceptae.

133 1095 214 1161 Nem
229 1099 260 1163 si
275 1123 298 1164 a
312 1099 499 1188 cylindriot
512 1101 678 1189 superficie
690 1101 799 1187 fleat,
812 1102 864 1168 oui
879 1111 1023 1191 sequatur
1037 1101 1142 1190 sphae·

80 1196 134 1262 rice
145 1201 334 1288 superficies
342 1204 438 1284 BVa,
447 1202 632 1270 detrahatur
642 1205 819 1292 cylindrioe
828 1205 1010 1293 superficies
1019 1205 1140 1286 YRSZ,

80 1300 122 1364 tui
135 1313 278 1389 sequatur
288 1305 457 1392 sphaeriea
470 1306 652 1394 superficies
660 1307 766 1388 BVA,
776 1308 952 1375 remanebit
967 1307 1143 1397 cylindrieu

82 1405 248 1490 superficies
260 1409 521 1496 fYZssrequalis
536 1409 697 1497 sphreriooe
713 1410 891 1498 superficiei
900 1411 1021 1490 βΒΑα.
1044 1410 1142 1478 Unde

82 1528 205 1595 quoque,

136 1661 165 1724 8.
208 1661 326 1745 Zonee,
353 1686 414 1730 seu
437 1662 619 1753 superficies
645 1663 808 1752 sphaerioae
833 1663 994 1752 parallelis
1018 1663 1143 1730 circulis

84 1758 262 1851 intercepta,
280 1789 320 1834 se
336 1767 461 1834 habeut
473 1778 511 1833 ut
525 1789 603 1833 axes
618 1766 679 1833 sui.

138 1863 223 1944 Quin
247 1892 294 1934 ex
318 1869 387 1937 hoo
405 1869 644 1936 foeonndissimo
667 1870 872 1952 theoremate,
895 1869 1093 1938 nobilissimo
1112 1882 1145 1939 et

86 1963 242 2036 utilissimo
262 1970 357 2039 inter
370 1971 514 2039 authoris
529 1973 630 2039 nostri
651 1972 793 2054 inventa,
809 1972 972 2062 complure
986 1974 1144 2042 deducan-

88 2078 131 2132 tur
149 2077 361 2144 consectaria.
406 2075 511 2144 Nobis
534 2077 604 2143 hac
629 2077 664 2142 in
686 2099 826 2164 praesens
851 2077 1016 2158 sufficiant,
1039 2078 1144 2146 decla-

89 2171 183 2240 nuda
205 2179 379 2263 methodo,
406 2181 458 2246 cui
487 2180 600 2246 author
624 2179 801 2261 insistebat,
829 2179 865 2247 in
889 2204 926 2248 eo
949 2181 1142 2270 reperiendo.

90 2269 229 2345 Proxima
246 2279 418 2364 Lectione,
437 2289 502 2371 qua
523 2282 698 2350 soliditates
718 2284 902 2372 portionum
919 2285 1142 2373 sphoeriesrum
1203 2339 1204 2344 1

94 2376 127 2441 sl
135 2400 225 2450 oonos
238 2396 274 2453 et
289 2387 457 2476 cylindros
470 2386 582 2453 retulit
591 2388 646 2454 rid
656 2386 804 2454 dabimus
815 2411 943 2478 operam
958 2388 1132 2455 enucleare.

441 2703 704 2711 1---—-—--—-—.--—⁴
710 2705 736 2709 --
744 2704 790 2710 .--

466 2947 598 3016 uuor.
623 2926 756 3014 xxvi.

101 3125 402 3287 ME'I'HODUM
416 3152 576 3236 postremi
589 3147 659 3216 vioe
671 3149 776 3216 conati
791 3171 901 3216 sumus
916 3169 1073 3236 exponere
1083 3152 1147 3237 qud
1247 3134 1251 3140 ¹

188 3246 401 3318 Archimedes
425 3251 609 3340 superficies
635 3251 771 3327 conicas,
797 3251 990 3340 cylindricas
1013 3261 1047 3318 et
1070 3274 1149 3339 pree-

105 3344 200 3413 mllm
216 3353 389 3440 sphoerieas
410 3377 484 3420 cum
505 3354 734 3442 superficiebus
754 3355 862 3445 planis
884 3355 1150 3442 competentiis

107 3449 226 3532 aequales
246 3457 382 3524 circulos
404 3457 608 3544 assignando.
653 3457 751 3525 Nunc
772 3459 884 3525 etdern
905 3458 1063 3525 brevitate
1082 3479 1151 3523 mo·

110 3544 173 3615 lum
191 3559 434 3647 expiscabimur,
450 3582 513 3649 qno
530 3561 708 3628 soliditates
722 3560 918 3650 sphaeramm
933 3569 966 3626 et
979 3559 1150 3648 spherica-

109 3669 166 3718 ΝΜ
178 3664 357 3745 portionum
371 3673 467 3752 etque
482 3673 638 3732 sectorum
652 3688 725 3732 oum
740 3665 829 3732 conis
851 3673 884 3730 et
903 3662 1056 3750 cylindris
1076 3685 1151 3728 oon·

113 3753 188 3841 tulit3
210 3776 406 3834 assumentes
428 3765 587 3855 imprimis
609 3789 740 3856 eaquae
763 3768 798 3832 in
819 3765 999 3833 Elementis
1020 3764 1151 3831 demon·

112 3862 195 3927 ΒΜ
213 3879 297 3948 sunt,
319 3890 434 3957 nempe

166 3962 265 4039 (lenos
285 3981 319 4038 et
337 3970 501 4058 cylindros
520 3970 698 4059 equalibus
719 3969 941 4038 insistentibus
963 3968 1095 4036 basibus
1118 3990 1152 4033 se

113 4053 211 4136 habers
229 4085 267 4142 ut
291 4075 495 4156 altitudines;
522 4084 556 4140 et
581 4074 610 4140 si
633 4073 819 4140 altitudines
845 4071 983 4160 aequalss
1009 4080 1093 4152 sunt,
1117 4093 1151 4136 se

115 4155 211 4236 labere
228 4185 266 4243 ut
281 4176 385 4242 bases.

166 4267 206 4338 lit
219 4277 246 4342 si
260 4277 332 4344 coni
348 4277 402 4344 vel
422 4277 563 4366 cylindri
582 4299 675 4366 pares
695 4286 784 4358 sunt,
799 4277 892 4343 bases
913 4284 945 4341 et
966 4274 1151 4342 altitudines

49 4410 51 4472 j
118 4379 292 4458 munione
309 4381 517 4469 reciprocari:
539 4390 573 4447 et
594 4381 731 4460 inverse,
747 4380 776 4445 si
795 4379 996 4468 proportione
1017 4378 1152 4465 recipro-

48 4481 50 4499 '
118 4483 219 4562 entur,
240 4483 327 4572 ipsos
347 4483 478 4572 aequari,
1110 4509 1112 4515 ·
