3167 5192
334 385 397 451 104
667 403 853 455 autumnus
875 403 1147 453 uacuumrrcn.
1302 384 1400 469 [cuer.
1413 400 1460 448 vu.

332 594 397 637 non
416 570 498 637 nihil
518 570 711 652 adversetur,
727 581 760 638 et
777 593 845 652 voa,
863 572 983 660 opinor,
1003 571 1065 660 ipsi
1083 594 1148 637 non
1165 569 1341 637 Rhetoricis
1357 567 1460 635 blaudi·
1540 616 1541 625 ,

332 673 448 738 mentis
468 672 694 739 demulcendas
714 696 815 754 aures,
837 672 893 739 sed
913 674 954 739 ad
973 673 1228 762 philosophicam
1248 672 1352 760 potius
1370 670 1462 737 sevei-

332 786 432 841 tatem
457 776 648 864 compositos
675 776 798 842 animos
824 777 888 843 lruc
914 777 1089 855 adducatis,
1115 802 1181 844 non
1205 786 1274 843 tam
1296 777 1389 843 verba
1409 775 1461 841 dari

333 879 435 961 vobis,
457 903 554 968 quam
575 903 681 945 rerum
702 880 869 947 scientiam
890 881 1036 948 exhiberi
1057 881 1233 970 cupientes,
1256 881 1289 945 in
1312 878 1462 968 patheticus

333 1012 484 1057 excursus
499 999 755 1078 prorumpentem
769 989 925 1057 cohibebo
940 990 1095 1077 linguam,
1112 1000 1145 1057 et
1166 991 1207 1057 ab
1230 990 1317 1056 omni
1337 987 1464 1077 prooemio

332 1116 460 1181 prorsus
475 1093 666 1181 temperabo.
703 1093 770 1158 Vos
788 1103 924 1175 tantum,
944 1093 1091 1182 (Optimi,
1107 1093 1398 1179 Humanissimique
1410 1092 1464 1155 Au-

333 1194 460 1281 ditores)
478 1196 625 1261 omnibus
639 1195 853 1282 gratitudinis,
866 1206 899 1263 et
911 1196 1141 1263 benevolentiae
1155 1196 1241 1263 uluis
1257 1194 1386 1261 officiose
1397 1214 1465 1257 con·

332 1298 484 1387 plectens,
510 1297 682 1387 plurimam
707 1298 818 1364 diceus
844 1299 936 1366 vobis
962 1309 994 1365 et
1020 1299 1173 1367 auimitus
1198 1320 1320 1365 vovens
1341 1296 1464 1372 salutem,

333 1424 599 1489 congressumque
619 1401 722 1468 denuo
742 1412 886 1467 nostrum
906 1401 1017 1469 laetum
1036 1402 1129 1467 vobis
1151 1412 1308 1488 exoptans
1329 1410 1360 1465 et
1379 1396 1465 1485 auspi·

333 1513 449 1584 catum,
465 1504 507 1569 ad
521 1505 644 1570 muneri
659 1514 766 1570 nostro
781 1504 925 1571 debitum
940 1527 1020 1592 opus
1034 1528 1086 1571 me
1099 1505 1244 1592 protinus
1260 1503 1422 1587 accingam.

391 1605 567 1694 Persequar
580 1616 687 1674 autem
701 1607 809 1694 elapso
819 1606 964 1695 proxime
975 1608 1109 1673 termino
1121 1607 1283 1693 inceptum
1299 1605 1364 1683 iter,
1374 1624 1466 1689 quam·

333 1733 396 1798 que
419 1721 488 1777 tum
512 1733 644 1777 exorsus
668 1734 739 1777 sum
760 1710 858 1776 telam
884 1733 976 1798 porro
1002 1711 1139 1776 conabor
1161 1710 1317 1791 detexere.
1360 1705 1466 1771 Placeat

333 1814 433 1901 igitur
453 1815 555 1895 vobis,
578 1814 659 1879 mihi
677 1813 756 1901 quid
776 1824 855 1879 tunc
876 1813 1035 1901 agendum
1058 1814 1284 1902 proposuerim,
1307 1822 1338 1879 et
1357 1811 1387 1875 iu
1405 1830 1466 1875 axe·

334 1918 460 2006 quaudo
485 1917 646 2005 proposito
672 1940 837 2004 quousque
865 1918 1069 2005 processerim
1097 1916 1264 1984 recordari.
1308 1915 1466 2001 aggressus

333 2043 448 2107 nempe
473 2043 545 2085 sum
568 2010 763 2085 uestibulum
788 2021 951 2108 quoddam
976 2021 1119 2102 condere,
1146 2018 1388 2098 Mathematicis,
1408 2038 1464 2101 quae

214 2195 218 2200 ,
331 2123 413 2189 mihi
434 2121 660 2210 pertractandae
682 2123 826 2203 veniunt,
851 2124 1029 2211 disciplinis
1050 2124 1322 2211 praestruendum
1357 2122 1410 2186 hoc
1428 2126 1465 2181 est

332 2226 495 2312 generalia
509 2225 656 2311 quaedam
672 2225 711 2290 de
729 2225 795 2291 illis
813 2226 905 2314 quasi
923 2226 1146 2314 prolegomena
1163 2226 1313 2293 delibare.
1356 2224 1396 2291 Et
1408 2219 1465 2308 qui-

332 2329 406 2397 dem
421 2328 563 2415 ipsarum
579 2328 736 2415 imprimis
752 2327 792 2394 de
809 2330 947 2409 nominc,
963 2330 1232 2417 quamobremque
1249 2328 1465 2417 disciplinarum

333 2431 396 2497 sibi
408 2430 558 2518 peculiari
569 2431 692 2496 ratione
706 2430 835 2497 titulum
846 2431 1058 2513 conciliarint3
1074 2441 1143 2497 tum
1158 2432 1197 2497 de
1212 2433 1336 2519 objecto
1349 2422 1466 2515 genardi

331 2558 496 2623 quousque
511 2557 544 2601 se
558 2533 728 2616 extendat3
745 2533 847 2620 deque
862 2534 1031 2621 partitione
1049 2537 1133 2620 (cum
1143 2536 1241 2624 juxta
1254 2544 1389 2601 mentem
1402 2528 1465 2595 alio·

331 2662 412 2719 rum,
427 2648 498 2704 tum
512 2660 554 2702 ex
568 2636 696 2725 propria
709 2636 878 2721 sententia)
896 2636 973 2715 satis
988 2636 1058 2703 fuse
1072 2636 1216 2704 disserui.
1247 2636 1394 2704 Proxime
1406 2650 1465 2697 vero

331 2740 372 2807 de
389 2740 484 2806 modo
504 2762 567 2827 quo
588 2739 671 2803 circa
691 2760 784 2803 suum
802 2739 961 2825 objectum
977 2750 1152 2821 versantur,
1168 2740 1230 2806 hoc
1244 2751 1294 2807 est
1307 2735 1466 2806 inventione

335 2865 372 2909 ac
389 2841 560 2907 assertione
574 2840 801 2927 proprietatum
817 2840 940 2927 objecto
956 2863 1012 2906 suc
1032 2842 1273 2928 congruentium
1294 2866 1348 2931 per
1367 2848 1466 2906 certum

333 2966 371 3008 ac
393 2941 575 3007 evidentem
597 2940 784 3021 discursum,
803 2941 859 3027 qui
881 2942 1148 3009 demmntruta'oaa'a
1166 2946 1321 3025 vocabulo
1342 2935 1466 3027 insigniri

332 3044 424 3126 solet,
448 3044 567 3131 occoepi
589 3044 701 3111 dicere.
746 3043 849 3132 Cujus
872 3046 982 3133 utique
1005 3057 1151 3112 naturam
1174 3047 1334 3115 illustrare
1357 3052 1467 3112 conatus

333 3170 416 3227 sum,
432 3168 474 3211 ex
489 3145 670 3211 discrimine
689 3145 956 3213 Mathematicum
975 3148 1057 3215 inter
1074 3149 1285 3217 ratiocinandi
1305 3148 1431 3223 modum,
1444 3148 1468 3207 ei

333 3250 426 3317 illum
435 3250 491 3337 qui
505 3250 540 3314 in
554 3250 712 3338 plerisque
724 3250 799 3342 *aliis
814 3251 960 3317 adhiberi
969 3253 1133 3319 consuevit
1142 3253 1292 3337 scientiis,
1304 3278 1359 3343 per
1372 3248 1469 3317 uuius-

333 3377 396 3442 que
419 3376 483 3419 non
505 3353 698 3419 incuriosam
720 3352 920 3420 collationem
944 3353 1155 3443 deprehens03
1178 3366 1247 3422 tum
1270 3380 1344 3424 vero
1363 3350 1469 3421 Mathe·

333 3457 520 3523 maticorum
542 3457 742 3523 discursuum
763 3456 995 3539 certitudinem,
1018 3470 1049 3525 et
1068 3461 1292 3547 praestantiam,
1317 3462 1357 3529 ab
1377 3456 1469 3525 adver·

333 3561 474 3627 santium
499 3583 557 3625 ceu
580 3559 779 3627 illationibus
806 3569 838 3625 et
861 3559 985 3626 offuciis
1007 3567 1071 3648 qut
1092 3562 1190 3629 ferme
1210 3562 1301 3630 licuit
1324 3554 1468 3647 diligantid

333 3664 442 3730 studui
456 3663 626 3728 vindicare.

398 3783 463 3850 His
477 3794 638 3870 utcunque
652 3804 708 3870 pro
723 3786 831 3847 nostra
850 3781 1003 3848 tenuitate
1024 3783 1183 3866 discussis,
1199 3786 1377 3874 proximum
1391 3788 1468 3855 esset,

333 3897 367 3955 et
380 3910 451 3954 mea
465 3886 570 3974 vergit
589 3886 667 3951 illuc
686 3885 785 3957 animi
804 3886 980 3974 propensio,
997 3895 1033 3953 ut
1047 3886 1089 3953 ad
1107 3886 1341 3958 Mathematicae
1359 3888 1470 3956 demon·

334 3991 496 4056 strationis
511 3990 715 4077 exponendas
730 3988 852 4076 species
867 3989 1066 4072 devenirem;
1090 4014 1149 4058 uec
1163 4016 1227 4059 nou
1236 4058 1239 4064 ,
1249 4006 1286 4061 ut
1304 3996 1342 4062 de
1363 3990 1470 4059 Mathe·

335 4091 452 4156 matica
480 4091 674 4172 inventione,
697 4089 898 4157 nobilissima
919 4114 995 4157 saue
1020 4094 1162 4174 materia,
1186 4095 1397 4183 disquirerem,
1418 4088 1469 4157 nisi

333 4192 421 4280 quod
435 4191 591 4258 conducat
605 4193 679 4276 huc,
694 4203 727 4261 et
743 4193 807 4260 fere
828 4195 1037 4263 necessarium
1056 4197 1211 4283 videatur,
1226 4210 1264 4266 ut
1282 4202 1368 4290 prius
1386 4194 1469 4287 syllo-

388 4492 609 4565 Reeapitulation
628 4496 737 4567 etpost
757 4498 897 4559 Lecturus.
