3167 5192
335 371 399 439 166
637 386 825 440 nncrroues
847 385 1088 438 unounrmcn.
1241 368 1349 456 [usur.
1367 387 1392 438 1.

333 557 380 625 ita
389 557 541 646 temporis
550 557 711 645 quantitas
726 557 768 624 ab
780 556 877 623 uniat
891 564 1091 624 consectatur
1107 553 1246 623 velutin
1260 549 1394 644 longum

332 664 516 746 exporrecta
536 657 751 739 successione3
775 679 872 745 qnam
892 658 988 746 spatii
1008 657 1132 725 decursi
1150 657 1318 745 longitudo
1338 657 1393 727 de·

332 769 497 840 monstrat,
512 781 551 824 ac
564 758 763 825 determinat.
794 757 936 847 Tempus
951 759 1058 846 itaque
1072 770 1259 847 perrectum
1273 759 1391 827 lineam

332 883 456 950 semper
467 861 704 950 designabimus
717 887 725 943 ;
748 861 912 929 arbitrario
923 862 1053 949 quidem
1076 861 1168 929 initio
1184 871 1345 950 sumptam
1359 873 1392 933 et

332 966 522 1054 expositam,
537 976 571 1032 at
592 965 684 1052 cujus
706 975 811 1053 partes
833 965 1121 1053 proportionalibus
1142 965 1293 1053 temporis
1319 987 1393 1054 par·

332 1069 430 1151 tibus,
450 1081 483 1136 et
499 1079 617 1159 puncta
639 1070 789 1158 temporis
815 1069 1010 1135 instantibus
1030 1067 1215 1156 respectivis
1233 1069 1321 1156 juste
1344 1091 1392 1137 re·

332 1170 543 1259 spondebant,
559 1181 593 1238 et
606 1170 647 1236 iis
661 1170 805 1260 apposite
818 1169 1082 1259 repraesantaudis
1097 1170 1279 1237 inservient.

397 1272 461 1339 His
472 1273 513 1340 de
526 1283 667 1361 tempore
681 1272 858 1362 prelibatis
873 1271 915 1337 ad
926 1271 1188 1338 considerandam
1203 1273 1271 1339 vim
1285 1284 1391 1342 motus

331 1375 510 1442 effeotivam
527 1375 737 1463 procedimus,
761 1397 833 1463 quas
856 1396 932 1440 sane
955 1375 1165 1462 (quaecunque
1184 1376 1228 1442 sit
1244 1377 1313 1463 ejus
1332 1399 1392 1443 na-

331 1484 412 1558 tura,
424 1478 477 1544 vel
485 1478 695 1565 undecunque
704 1477 861 1565 procedat,
872 1498 946 1542 nam
959 1476 1022 1542 ista
1030 1477 1175 1566 Plysabsb
1186 1478 1391 1566 disquirenda

331 1578 552 1666 relinquimus)
577 1579 690 1646 merito
711 1600 838 1666 qnoque
857 1599 917 1644 eeu
937 1589 1094 1664 quantum
1108 1580 1187 1667 quid
1204 1580 1388 1669 concipitur,

333 1691 365 1748 et
390 1681 473 1747 sicut
494 1681 560 1747 alia
576 1690 697 1769 quanta
716 1690 865 1769 computo
888 1681 1065 1768 subjicitur.
1110 1681 1240 1750 Etenim
1264 1685 1389 1772 experi-

332 1786 419 1851 entia
432 1785 717 1872 compertissimum
728 1795 785 1864 est,
797 1805 880 1871 saepe
891 1783 1024 1850 duorum
1040 1785 1208 1852 mobilium
1222 1788 1264 1854 ab
1278 1789 1388 1855 eodem

331 1887 465 1954 termino
480 1909 536 1974 per
550 1885 683 1953 eandem
697 1885 833 1951 orbitam
849 1885 1025 1951 delatorum
1040 1886 1175 1953 alterum
1197 1888 1289 1955 alteri
1308 1911 1389 1978 prae·

330 2001 462 2071 vertere,
477 2012 533 2057 seu
547 1989 652 2076 majus
666 1988 776 2054 eodem
791 1999 931 2076 tempore
953 1989 1092 2076 spatium
1114 1991 1275 2059 conficere.
1320 1990 1389 2059 Nec

330 2093 460 2160 aliunde
474 2103 578 2181 potest
588 2092 649 2158 hoo
663 2092 945 2180 procedere‚quam
960 2117 980 2158 a
993 2093 1106 2180 majori
1122 2093 1165 2175 vi,
1176 2117 1232 2162 seu
1245 2096 1389 2184 potentia

330 2197 461 2279 motiva,
476 2202 541 2284 qut
553 2195 707 2284 praecellit
720 2196 857 2262 alterum
872 2195 999 2277 mobile,
1016 2199 1168 2285 cujusque
1182 2199 1286 2284 gratia
1300 2197 1388 2265 velo·

330 2300 399 2367 cius
422 2299 547 2366 dicitnr.
592 2299 638 2366 Et
660 2298 737 2386 quia
758 2299 961 2388 perspicuum
984 2313 1033 2367 ast
1054 2301 1101 2366 nil
1126 2300 1287 2388 impedire,
1306 2300 1386 2388 quin

330 2404 504 2471 secundm
519 2404 715 2470 omnimodas
729 2402 947 2492 proportiones
962 2404 1127 2490 contingat
1141 2404 1192 2470 hic
1212 2405 1385 2491 spatiemur

329 2514 396 2574 unt
409 2518 606 2596 peractorum
620 2528 778 2588 cremans,
794 2505 865 2573 ideo
884 2493 936 2572 vis
957 2507 1025 2573 haec
1042 2507 1115 2594 jure
1137 2507 1330 2594 concipiatur
1350 2506 1385 2571 in
1454 2505 1455 2508 ’

330 2610 611 2698 partesquaalibet‚
624 2612 715 2697 (quaa
729 2620 763 2676 et
776 2609 870 2676 sicuti
884 2619 989 2697 partes
997 2611 1214 2698 cujuscunque
1223 2609 1386 2697 qualitatis

329 2713 506 2781 intensivaa
533 2713 702 2780 succinctas
730 2713 944 2779 distincfflnis
973 2735 1048 2800 ergo
1078 2713 1196 2800 gradus
1227 2712 1387 2800 appellare

329 2816 414 2896 licet,
429 2825 462 2882 et
475 2825 659 2882 consuetum
675 2817 734 2900 est)
752 2815 786 2881 in
808 2824 924 2904 partes,
940 2815 1081 2903 inquam,
1098 2816 1257 2904 quaslibet
1279 2815 1387 2881 infini-

328 2929 389 2999 tas,
413 2929 469 2984 aut
491 2918 673 2985 indefinitas
702 2917 874 2985 divisibilis
896 2921 1110 3006 concipiatur3
1140 2941 1220 3006 quas
1247 2920 1329 2986 inter
1351 2939 1385 2984 se

328 3028 467 3099 nectens,
491 3029 524 3085 et
542 3043 564 3084 a
582 3041 616 3085 ae
639 3019 790 3086 dirimens
812 3020 989 3087 communis
1011 3021 1174 3102 terminus,
1196 3019 1249 3086 rel
1274 3021 1384 3108 (juxta

328 3121 576 3210 suppositionem
601 3124 687 3210 quod
710 3133 830 3210 quanta
851 3134 997 3190 constant
1022 3147 1064 3191 ex
1089 3123 1224 3190 infinitis
1253 3123 1380 3206 atomis)

327 3247 401 3315 pars
415 3224 560 3291 absolute
573 3226 708 3291 minima
721 3225 845 3292 dicatrrr
855 3227 955 3314 quies,
966 3227 1026 3294 hoc
1041 3236 1091 3295 est
1105 3250 1231 3312 summa
1240 3227 1382 3309 tarditas,

327 3338 385 3396 aut
402 3328 513 3394 infima
531 3329 700 3410 velocitas3
724 3330 849 3416 eonjus
871 3331 1108 3412 succrescentia,
1131 3331 1184 3398 vel
1207 3331 1385 3399 intensione

326 3433 478 3500 nonunna
499 3431 676 3499 velocitatis
701 3433 819 3520 gradus
845 3433 981 3521 quilibet
1007 3455 1044 3500 eo
1071 3433 1166 3501 modo
1189 3435 1386 3522 concipiatur

326 3536 504 3622 aggregari,
518 3535 572 3602 vel
593 3535 735 3624 produci,
755 3559 819 3624 qno
838 3537 958 3604 lineae
975 3545 1163 3625 punctorum
1186 3537 1385 3626 appositione

325 3639 379 3705 vel
397 3649 495 3719 motu,
510 3648 638 3726 tempus
652 3662 694 3705 ex
708 3639 896 3705 instantium
912 3641 1109 3706 successione
1123 3640 1176 3706 vel
1191 3639 1292 3721 fluxu,
1311 3662 1386 3728 pro·

326 3742 471 3828 genitum
493 3742 716 3828 imaginamur.
759 3742 858 3810 Unde
883 3765 950 3809 rem
975 3743 1121 3810 absoluta
1144 3743 1382 3823 considerando,

325 3866 389 3932 quo
409 3845 461 3911 vis
479 3844 613 3932 hujusce
635 3844 796 3932 quantitas
815 3845 916 3912 menti
935 3867 992 3912 sen
1010 3845 1187 3932 phantasiae
1206 3853 1289 3911 recte
1310 3865 1383 3930 pro-

324 3959 469 4036 ponatur,
485 3947 601 4014 sufficit
613 3948 683 4036 ejus
694 3949 764 4015 vioe
778 3949 1032 4036 magnitudinem
1044 3949 1191 4036 quamvis
1205 3945 1381 4034 regularem

324 4051 476 4118 exhibere
505 4051 578 4137 (hoc
598 4061 648 4116 est
670 4051 777 4132 talem,
796 4053 831 4117 in
848 4053 939 4140 cujus
958 4053 1102 4139 partibus
1123 4050 1270 4138 quamvis
1291 4049 1383 4115 diffe-

324 4155 468 4235 rentiam,
484 4153 721 4242 quamlibetque
741 4153 974 4241 proportionem
996 4153 1080 4219 clare
1097 4162 1306 4241 prompteque
1326 4172 1384 4216 vs·

324 4254 447 4320 hamus
473 4255 719 4342 apprehendere)
746 4254 961 4343 simplicitatis
985 4255 1064 4322 adeo
1086 4255 1384 4344 perspicuitatisque

324 4361 421 4423 ranst
440 4358 573 4423 cuilibet
595 4358 666 4445 ejus
690 4358 944 4444 repraesentando
963 4359 1077 4446 gradui
1099 4371 1185 4426 recta
1205 4360 1291 4425 linea
1310 4381 1383 4425 cnm

322 4457 435 4550 primis
458 4469 602 4526 accurata
627 4461 772 4549 quadrat.
818 4461 871 4528 Ita
889 4459 1019 4550 quidem
1041 4461 1076 4530 in
1097 4485 1132 4531 se
1155 4461 1330 4551 generatim
1353 4469 1386 4527 et
