3167 5192
406 878 983 984 MATHEMATIOI

497 1119 874 1201 PROFESSORIS

312 1326 1051 1455 LEOTIONES.

472 1554 480 1571 ’
537 1572 601 1639 [An.
615 1574 690 1624 Dom.
703 1572 831 1639 nucius]

568 1884 700 1953 LECT.
723 1885 810 1952 IX!

169 2055 201 2120 E
226 2054 460 2141 magnitudinis
483 2053 702 2120 affectionibus
725 2064 759 2121 et
781 2057 1003 2144 symptomstis
1028 2056 1258 2140 communibus,

191 2181 269 2244 quae
291 2154 519 2244 experientiam
542 2155 715 2237 incurrunt,
740 2156 880 2245 adeoque
902 2156 1138 2227 Mathematicis
1159 2171 1259 2227 mate-

103 2258 178 2325 riam
192 2259 430 2348 hypothesibus
450 2258 699 2339 subministrant,
719 2259 959 2347 disquisiturum
978 2262 1103 2350 pressari
1123 2264 1210 2329 subit
1226 2272 1259 2330 et

102 2382 305 2447 praemonere
330 2362 415 2449 quod
439 2362 535 2451 plane
562 2363 706 2427 conscius
729 2363 790 2428 sim
814 2364 895 2429 mihi
921 2388 1017 2452 quam
1043 2365 1201 2431 lubricum
1227 2377 1259 2432 et

105 2486 214 2553 anceps
229 2464 399 2551 negotium
413 2464 590 2550 aggrediar.
637 2462 721 2531 Sunt
736 2466 820 2530 enim
840 2466 995 2553 ejusmodi
1013 2489 1073 2548 res,
1090 2490 1169 2554 quas
1187 2490 1259 2557 per·

105 2564 226 2635 difficile
250 2569 371 2634 sitnon
390 2567 580 2655 explicando
601 2568 815 2655 perplexiores
831 2568 970 2649 reddere,
988 2592 1053 2634 uon
1071 2568 1258 2637 illustrando

105 2669 287 2751 obscurare3
310 2680 376 2736 tam
391 2670 489 2736 ferme
503 2670 608 2736 tenuis
622 2679 655 2736 et
669 2671 835 2736 abstractas
850 2680 971 2737 naturse
986 2695 1044 2754 res,
1059 2672 1118 2738 vix
1132 2684 1169 2739 ut
1183 2674 1257 2740 illes

104 2772 289 2860 imsg'nstio
303 2774 575 2862 comprehendere,
588 2774 692 2860 justos
707 2774 843 2861 singulis
857 2775 976 2842 limites
991 2776 1162 2864 assignare,
1179 2777 1257 2843 alias

106 2874 143 2938 ab
160 2877 233 2942 aliis
252 2898 413 2942 secernere
430 2883 543 2963 queet3
567 2875 810 2941 subtilisslmam
831 2877 910 2944 adeo
928 2879 1045 2946 mentis
1066 2880 1165 2947 eciem
1189 2881 1256 2949 elu-

105 2975 188 3059 dunt,
207 2989 245 3046 et
263 2978 429 3044 distinctas
449 2979 592 3066 ipsarum
605 2978 704 3045 idaess
724 2982 865 3068 captanti
884 2980 1013 3070 fugaces
1033 2982 1201 3049 elabuntur
1223 2994 1256 3050 et

106 3094 310 3150 evanescunt:
334 3084 381 3149 sic
393 3092 431 3148 ut
446 3083 513 3148 illis
533 3083 693 3171 plerisque
715 3106 779 3149 non
799 3084 956 3152 immerito
975 3088 1076 3175 possit
1091 3088 1254 3177 applicari,
1367 3090 1371 3097 ’

106 3186 183 3270 quod
204 3188 248 3253 de
272 3197 414 3275 tempore
439 3186 560 3252 dixisse
585 3186 770 3274 perhibetur
798 3186 832 3255 S.
853 3188 1065 3277 Augustinus,
1104 3192 1190 3271 Quid
1212 3194 1255 3257 sit

107 3298 226 3376 tempus,
242 3290 276 3355 si
286 3313 372 3355 nesso
386 3302 505 3377 quaerot
518 3314 539 3354 a
553 3314 601 3355 me
614 3290 686 3368 scio,
704 3290 737 3362 εἰ
748 3291 820 3377 quis
834 3292 998 3381 interroget
1012 3295 1121 3359 nescio.
1167 3294 1254 3374 Quid

107 3390 183 3456 enim
201 3416 237 3458 v.
253 3415 286 3480 g.
307 3392 350 3457 sit
368 3393 522 3473 extensio,
544 3391 622 3481 quid
642 3391 789 3480 spatium,
811 3394 890 3481 quid
910 3405 1024 3483 motus,
1048 3396 1104 3483 qni
1126 3396 1166 3462 de
1188 3396 1253 3462 illis

108 3511 259 3561 sermones
274 3496 409 3562 conserit
422 3517 551 3583 unusqu
563 3517 650 3583 sque,
671 3494 725 3559 vel
745 3518 763 3560 e
782 3496 881 3583 vulgo
902 3518 936 3561 se
957 3497 1039 3563 clere
1053 3507 1145 3585 putat
1159 3496 1253 3562 intel-

107 3591 206 3680 ligere,
230 3598 280 3665 sin
295 3599 435 3687 ipsorum
455 3607 594 3663 mentem
614 3596 767 3676 excutias,
787 3608 820 3663 et
840 3598 917 3663 dum
936 3620 989 3663 ore
1008 3597 1172 3686 proferunt
1190 3600 1254 3666 ists

108 3700 255 3767 vocabula
264 3701 344 3787 quid
356 3712 462 3767 mente
476 3700 616 3787 cogitent
627 3700 783 3788 explores,
795 3700 1071 3767 inextricabilibus
1085 3702 1252 3791 plerosque

109 3795 221 3887 laqueis
246 3804 383 3870 irretitos
408 3826 525 3884 cemes,
556 3803 739 3869 haesitantes
768 3803 885 3885 animo,
914 3804 1027 3891 lingue
1052 3805 1250 3893 prespeditos.

21 3991 22 3994 Ἴ
110 3897 171 3969 Ino
190 3915 264 3994 post
285 3906 562 3993 diligentissimam
583 3906 883 3994 contemplationem
906 3929 978 3972 cum
1000 3908 1252 3994 exquisitissime

21 4003 22 4082 l
111 4012 175 4071 curt
192 4009 231 4075 de
250 4009 317 4075 illis
335 4009 434 4076 verbs
454 4009 615 4089 facientes,
640 4008 735 4075 etiam
758 4007 958 4075 subtilissimi
982 4008 1171 4099 Philosophi
1192 4012 1251 4079 vix

21 4123 22 4144 ¹
111 4126 235 4178 eonsons
255 4111 359 4179 dicere
380 4119 523 4200 possunt,
545 4119 601 4178 aut
622 4110 679 4177 ulii
700 4110 783 4193 eliis,
807 4122 863 4178 aut
884 4112 1012 4180 sibimet
1033 4113 1131 4182 iidem
1152 4115 1248 4205 ipsis;

21 4407 22 4416 χ
155 4341 168 4367 ’
184 4342 223 4399 Οἱ
236 4344 284 4401 the
303 4346 429 4418 Primnry
447 4348 598 4405 Affectious
616 4349 648 4404 ol'
662 4348 834 4420 Magnitudo.

156 4425 228 4485 wius
244 4432 346 4502 regam
363 4437 394 4489 to
405 4434 480 4491 what
490 4452 539 4490 sre
551 4435 709 4504 letension,
720 4436 815 4505 Speos,
828 4434 942 4505 Motion,
955 4434 1002 4492 &c
1015 4451 1057 4492 we
1073 4452 1135 4507 moy
1151 4451 1205 4506 ssy,
1218 4452 1249 4492 ss

114 4506 460 4577 Stdnst'urssidof'l'ime:
479 4521 931 4592 lfyoudonotaslrmellmow.
