<?xml version="1.0" encoding="UTF-8"?>
<!DOCTYPE html PUBLIC "-//W3C//DTD XHTML 1.0 Transitional//EN"
    "http://www.w3.org/TR/xhtml1/DTD/xhtml1-transitional.dtd">
<html xmlns="http://www.w3.org/1999/xhtml" xml:lang="en" lang="en">
 <head>
  <title>
</title>
<meta http-equiv="Content-Type" content="text/html;charset=utf-8" />
  <meta name='ocr-system' content='tesseract 3.04.00' />
  <meta name='ocr-capabilities' content='ocr_page ocr_carea ocr_par ocr_line ocrx_word'/>
</head>
<body>
  <div class='ocr_page' id='page_1' title='image "./mathematicalwor00whewgoog_0630.png"; bbox 0 0 3167 5192; ppageno 0'>
   <div class='ocr_carea' id='block_1_1' title="bbox 420 321 1494 413">
    <p class='ocr_par' dir='ltr' id='par_1_1' title="bbox 420 321 1494 413">
     <span class='ocr_line' id='line_1_1' title="bbox 420 321 1494 413; baseline -0.001 -21"><span class='ocrx_word' id='word_1_1' title='bbox 420 323 485 394; x_wconf 79' lang='lat'>190</span> <span class='ocrx_word' id='word_1_2' title='bbox 721 343 909 398; x_wconf 73' lang='lat' dir='ltr'>cumeurn</span> <span class='ocrx_word' id='word_1_3' title='bbox 929 341 1178 396; x_wconf 71' lang='lat' dir='ltr'>occurrerem.</span> <span class='ocrx_word' id='word_1_4' title='bbox 1329 321 1436 413; x_wconf 74' lang='lat' dir='ltr'>[incr.</span> <span class='ocrx_word' id='word_1_5' title='bbox 1450 342 1494 392; x_wconf 88' lang='lat' dir='ltr'>nr.</span> 
     </span>
    </p>
   </div>
   <div class='ocr_carea' id='block_1_2' title="bbox 253 508 1564 4502">
    <p class='ocr_par' dir='ltr' id='par_1_2' title="bbox 253 508 1503 1419">
     <span class='ocr_line' id='line_1_2' title="bbox 253 508 1497 600; baseline -0.001 -26"><span class='ocrx_word' id='word_1_6' title='bbox 253 523 310 591; x_wconf 69' lang='lat' dir='ltr'>reg.</span> <span class='ocrx_word' id='word_1_7' title='bbox 326 538 364 590; x_wconf 82' lang='lat'>¹⁷·</span> <span class='ocrx_word' id='word_1_8' title='bbox 418 517 535 594; x_wconf 72' lang='lat' dir='ltr'>quatur</span> <span class='ocrx_word' id='word_1_9' title='bbox 547 508 873 599; x_wconf 77' lang='lat' dir='ltr'>accommodeturque.</span> <span class='ocrx_word' id='word_1_10' title='bbox 918 509 967 578; x_wconf 91' lang='lat' dir='ltr'>Ut</span> <span class='ocrx_word' id='word_1_11' title='bbox 980 535 1009 579; x_wconf 90' lang='grc' dir='ltr'>ε.</span> <span class='ocrx_word' id='word_1_12' title='bbox 1019 534 1052 600; x_wconf 87' lang='lat' dir='ltr'>g.</span> <span class='ocrx_word' id='word_1_13' title='bbox 1067 511 1095 578; x_wconf 84' lang='lat' dir='ltr'>si</span> <span class='ocrx_word' id='word_1_14' title='bbox 1109 521 1209 579; x_wconf 78' lang='lat' dir='ltr'>recta</span> <span class='ocrx_word' id='word_1_15' title='bbox 1225 510 1295 578; x_wconf 81' lang='grc' dir='ltr'>ΖΑ</span> <span class='ocrx_word' id='word_1_16' title='bbox 1313 531 1440 598; x_wconf 77' lang='lat' dir='ltr'>semper</span> <span class='ocrx_word' id='word_1_17' title='bbox 1451 531 1497 597; x_wconf 86' lang='lat' dir='ltr'>per</span> 
     </span>
     <span class='ocr_line' id='line_1_3' title="bbox 417 611 1497 704; baseline 0.003 -29"><span class='ocrx_word' id='word_1_18' title='bbox 417 620 536 676; x_wconf 72' lang='lat' dir='ltr'>rectem</span> <span class='ocrx_word' id='word_1_19' title='bbox 551 612 583 676; x_wconf 81' lang='lat' dir='ltr'><strong><em>A</em></strong></span> <span class='ocrx_word' id='word_1_20' title='bbox 593 612 626 676; x_wconf 90' lang='lat' dir='ltr'><strong><em>Y</em></strong></span> <span class='ocrx_word' id='word_1_21' title='bbox 640 612 704 680; x_wconf 87' lang='lat' dir='ltr'>sibi</span> <span class='ocrx_word' id='word_1_22' title='bbox 724 612 879 702; x_wconf 75' lang='lat' dir='ltr'>parallelo</span> <span class='ocrx_word' id='word_1_23' title='bbox 900 614 1018 682; x_wconf 80' lang='lat' dir='ltr'>feratur</span> <span class='ocrx_word' id='word_1_24' title='bbox 1039 625 1128 681; x_wconf 89' lang='lat' dir='ltr'>motu</span> <span class='ocrx_word' id='word_1_25' title='bbox 1151 615 1324 704; x_wconf 87' lang='lat' dir='ltr'>quolibet</span> <span class='ocrx_word' id='word_1_26' title='bbox 1345 611 1497 690; x_wconf 76' lang='lat' dir='ltr'><strong>uniformi,</strong></span> 
     </span>
     <span class='ocr_line' id='line_1_4' title="bbox 417 712 1500 799; baseline 0.002 -21"><span class='ocrx_word' id='word_1_27' title='bbox 417 712 472 778; x_wconf 76' lang='lat' dir='ltr'>vel</span> <span class='ocrx_word' id='word_1_28' title='bbox 494 712 643 794; x_wconf 80' lang='lat' dir='ltr'>difformi,</span> <span class='ocrx_word' id='word_1_29' title='bbox 668 718 847 799; x_wconf 86' lang='lat' dir='ltr'>(crescente,</span> <span class='ocrx_word' id='word_1_30' title='bbox 868 715 920 783; x_wconf 89' lang='lat' dir='ltr'>vel</span> <span class='ocrx_word' id='word_1_31' title='bbox 945 715 1142 785; x_wconf 74' lang='lat' dir='ltr'>decrescente</span> <span class='ocrx_word' id='word_1_32' title='bbox 1166 717 1230 784; x_wconf 83' lang='lat' dir='ltr'>vel</span> <span class='ocrx_word' id='word_1_33' title='bbox 1252 717 1443 782; x_wconf 76' lang='lat' dir='ltr'>alternante</span> <span class='ocrx_word' id='word_1_34' title='bbox 1458 737 1500 780; x_wconf 86' lang='lat' dir='ltr'>se·</span> 
     </span>
     <span class='ocr_line' id='line_1_5' title="bbox 417 813 1499 906; baseline 0.001 -26"><span class='ocrx_word' id='word_1_35' title='bbox 417 813 558 882; x_wconf 86' lang='lat' dir='ltr'>cundum</span> <span class='ocrx_word' id='word_1_36' title='bbox 565 816 880 904; x_wconf 69' lang='lat' dir='ltr'>velocitatemjoxtc</span> <span class='ocrx_word' id='word_1_37' title='bbox 888 817 1042 885; x_wconf 72' lang='lat' dir='ltr'>rationem</span> <span class='ocrx_word' id='word_1_38' title='bbox 1053 819 1211 906; x_wconf 75' lang='lat' dir='ltr'>quamvis</span> <span class='ocrx_word' id='word_1_39' title='bbox 1222 815 1499 905; x_wconf 73' lang='lat' dir='ltr'>imaginabilem)</span> 
     </span>
     <span class='ocr_line' id='line_1_6' title="bbox 417 917 1502 1008; baseline -0.001 -24"><span class='ocrx_word' id='word_1_40' title='bbox 417 920 498 985; x_wconf 89' lang='lat' dir='ltr'>etin</span> <span class='ocrx_word' id='word_1_41' title='bbox 512 925 551 986; x_wconf 74' lang='lat' dir='ltr'>et</span> <span class='ocrx_word' id='word_1_42' title='bbox 564 930 718 1008; x_wconf 85' lang='lat' dir='ltr'>punctum</span> <span class='ocrx_word' id='word_1_43' title='bbox 737 919 868 1008; x_wconf 71' lang='lat' dir='ltr'>aliquod</span> <span class='ocrx_word' id='word_1_44' title='bbox 882 921 926 986; x_wconf 99' lang='grc' dir='ltr'><em>Μ</em></span> <span class='ocrx_word' id='word_1_45' title='bbox 933 921 1100 1003; x_wconf 84' lang='lat' dir='ltr'>deferetur,</span> <span class='ocrx_word' id='word_1_46' title='bbox 1116 922 1163 987; x_wconf 81' lang='lat' dir='ltr'>ito</span> <span class='ocrx_word' id='word_1_47' title='bbox 1186 931 1317 987; x_wconf 81' lang='lat' dir='ltr'>tomen</span> <span class='ocrx_word' id='word_1_48' title='bbox 1339 930 1380 986; x_wconf 89' lang='lat' dir='ltr'>ut</span> <span class='ocrx_word' id='word_1_49' title='bbox 1398 917 1502 1007; x_wconf 86' lang='lat' dir='ltr'>puncti</span> 
     </span>
     <span class='ocr_line' id='line_1_7' title="bbox 416 1019 1502 1113; baseline -0.002 -28"><span class='ocrx_word' id='word_1_50' title='bbox 416 1031 522 1088; x_wconf 87' lang='lat' dir='ltr'>motus</span> <span class='ocrx_word' id='word_1_51' title='bbox 545 1022 638 1088; x_wconf 80' lang='lat' dir='ltr'>linere</span> <span class='ocrx_word' id='word_1_52' title='bbox 659 1032 754 1090; x_wconf 82' lang='lat' dir='ltr'>reotae</span> <span class='ocrx_word' id='word_1_53' title='bbox 775 1022 916 1088; x_wconf 81' lang='lat' dir='ltr'>motibus</span> <span class='ocrx_word' id='word_1_54' title='bbox 935 1045 992 1111; x_wconf 88' lang='lat' dir='ltr'>per</span> <span class='ocrx_word' id='word_1_55' title='bbox 1009 1023 1153 1111; x_wconf 84' lang='lat' dir='ltr'>singulas</span> <span class='ocrx_word' id='word_1_56' title='bbox 1166 1031 1340 1113; x_wconf 77' lang='lat' dir='ltr'>qu&#39;asquc</span> <span class='ocrx_word' id='word_1_57' title='bbox 1356 1019 1502 1109; x_wconf 83' lang='lat' dir='ltr'>temporis</span> 
     </span>
     <span class='ocr_line' id='line_1_8' title="bbox 416 1122 1503 1214; baseline -0.005 -23"><span class='ocrx_word' id='word_1_58' title='bbox 416 1134 522 1211; x_wconf 80' lang='lat' dir='ltr'>portes</span> <span class='ocrx_word' id='word_1_59' title='bbox 555 1125 683 1191; x_wconf 81' lang='lat' dir='ltr'>eosdem</span> <span class='ocrx_word' id='word_1_60' title='bbox 715 1125 1000 1214; x_wconf 83' lang='lat' dir='ltr'>proportionentur,</span> <span class='ocrx_word' id='word_1_61' title='bbox 1030 1123 1232 1214; x_wconf 88' lang='lat' dir='ltr'>producetur</span> <span class='ocrx_word' id='word_1_62' title='bbox 1265 1125 1393 1212; x_wconf 89' lang='lat' dir='ltr'>utique</span> <span class='ocrx_word' id='word_1_63' title='bbox 1423 1122 1503 1187; x_wconf 86' lang='lat' dir='ltr'>lines</span> 
     </span>
     <span class='ocr_line' id='line_1_9' title="bbox 414 1221 1503 1316; baseline -0.004 -24"><span class='ocrx_word' id='word_1_64' title='bbox 414 1235 511 1293; x_wconf 60' lang='lat' dir='ltr'>recto„</span> <span class='ocrx_word' id='word_1_65' title='bbox 554 1224 680 1316; x_wconf 80' lang='lat' dir='ltr'><strong>Nempe</strong></span> <span class='ocrx_word' id='word_1_66' title='bbox 698 1229 726 1294; x_wconf 87' lang='lat' dir='ltr'>si</span> <span class='ocrx_word' id='word_1_67' title='bbox 746 1228 844 1294; x_wconf 85' lang='lat' dir='ltr'>fuerit</span> <span class='ocrx_word' id='word_1_68' title='bbox 858 1249 981 1316; x_wconf 85' lang='lat' dir='ltr'>semper</span> <span class='ocrx_word' id='word_1_69' title='bbox 996 1229 1084 1295; x_wconf 86' lang='lat' dir='ltr'>AB:</span> <span class='ocrx_word' id='word_1_70' title='bbox 1100 1228 1170 1296; x_wconf 79' lang='lat' dir='ltr'>AO</span> <span class='ocrx_word' id='word_1_71' title='bbox 1180 1252 1206 1296; x_wconf 77' lang='lat' dir='ltr'>t:</span> <span class='ocrx_word' id='word_1_72' title='bbox 1226 1229 1319 1294; x_wconf 85' lang='grc' dir='ltr'><em>ΒΜ</em></span> <span class='ocrx_word' id='word_1_73' title='bbox 1327 1251 1337 1294; x_wconf 87' lang='lat'><strong>:</strong></span> <span class='ocrx_word' id='word_1_74' title='bbox 1362 1226 1434 1310; x_wconf 82' lang='grc' dir='ltr'>ομ;</span> <span class='ocrx_word' id='word_1_75' title='bbox 1455 1221 1503 1288; x_wconf 81' lang='lat' dir='ltr'>rel</span> 
     </span>
     <span class='ocr_line' id='line_1_10' title="bbox 414 1325 1500 1419; baseline -0.004 -27"><span class='ocrx_word' id='word_1_76' title='bbox 414 1327 504 1394; x_wconf 81' lang='lat' dir='ltr'>AB:</span> <span class='ocrx_word' id='word_1_77' title='bbox 520 1327 596 1393; x_wconf 83' lang='grc' dir='ltr'>ΜΧ</span> <span class='ocrx_word' id='word_1_78' title='bbox 605 1351 626 1396; x_wconf 78' lang='lat' dir='ltr'>r:</span> <span class='ocrx_word' id='word_1_79' title='bbox 641 1329 716 1394; x_wconf 90' lang='grc' dir='ltr'><em>ΒΜ</em></span> <span class='ocrx_word' id='word_1_80' title='bbox 724 1351 733 1396; x_wconf 77' lang='lat'>2</span> <span class='ocrx_word' id='word_1_81' title='bbox 749 1329 811 1413; x_wconf 82' lang='grc' dir='ltr'>Χμ</span> <span class='ocrx_word' id='word_1_82' title='bbox 826 1329 943 1419; x_wconf 71' lang='lat' dir='ltr'>(positi</span> <span class='ocrx_word' id='word_1_83' title='bbox 953 1327 1074 1396; x_wconf 85' lang='lat' dir='ltr'>scilieet</span> <span class='ocrx_word' id='word_1_84' title='bbox 1088 1331 1164 1397; x_wconf 85' lang='grc' dir='ltr'>ΜΧ</span> <span class='ocrx_word' id='word_1_85' title='bbox 1173 1331 1222 1398; x_wconf 85' lang='lat' dir='ltr'>od</span> <span class='ocrx_word' id='word_1_86' title='bbox 1236 1333 1276 1396; x_wconf 96' lang='lat' dir='ltr'><strong><em>A</em></strong></span> <span class='ocrx_word' id='word_1_87' title='bbox 1286 1331 1320 1398; x_wconf 85' lang='lat'><em>0</em></span> <span class='ocrx_word' id='word_1_88' title='bbox 1332 1325 1500 1418; x_wconf 73' lang='lat' dir='ltr'>parelleli)</span> 
     </span>
    </p>

    <p class='ocr_par' dir='ltr' id='par_1_3' title="bbox 301 1429 1564 3999">
     <span class='ocr_line' id='line_1_11' title="bbox 301 1429 1502 1520; baseline 0.001 -25"><span class='ocrx_word' id='word_1_89' title='bbox 301 1501 308 1514; x_wconf 51' lang='lat'>‚</span> <span class='ocrx_word' id='word_1_90' title='bbox 323 1478 334 1514; x_wconf 85' lang='lat'>,</span> <span class='ocrx_word' id='word_1_91' title='bbox 353 1500 361 1514; x_wconf 56' lang='lat'>‚</span> <span class='ocrx_word' id='word_1_92' title='bbox 415 1429 517 1517; x_wconf 89' lang='lat' dir='ltr'>liquet</span> <span class='ocrx_word' id='word_1_93' title='bbox 526 1440 646 1520; x_wconf 83' lang='lat' dir='ltr'>puncto</span> <span class='ocrx_word' id='word_1_94' title='bbox 657 1431 701 1515; x_wconf 93' lang='lat' dir='ltr'>A,</span> <span class='ocrx_word' id='word_1_95' title='bbox 713 1432 760 1514; x_wconf 94' lang='grc' dir='ltr'>Μ,</span> <span class='ocrx_word' id='word_1_96' title='bbox 776 1460 803 1515; x_wconf 85' lang='grc' dir='ltr'>μ</span> <span class='ocrx_word' id='word_1_97' title='bbox 815 1431 850 1498; x_wconf 92' lang='lat' dir='ltr'>in</span> <span class='ocrx_word' id='word_1_98' title='bbox 864 1438 930 1498; x_wconf 79' lang='lat' dir='ltr'>unt</span> <span class='ocrx_word' id='word_1_99' title='bbox 943 1437 1029 1499; x_wconf 67' lang='lat' dir='ltr'>recto</span> <span class='ocrx_word' id='word_1_100' title='bbox 1041 1433 1171 1501; x_wconf 79' lang='lat' dir='ltr'>versari.</span> <span class='ocrx_word' id='word_1_101' title='bbox 1205 1433 1283 1500; x_wconf 83' lang='lat' dir='ltr'>Est</span> <span class='ocrx_word' id='word_1_102' title='bbox 1300 1433 1398 1500; x_wconf 87' lang='lat' dir='ltr'>enim</span> <span class='ocrx_word' id='word_1_103' title='bbox 1413 1437 1502 1496; x_wconf 69' lang='lat' dir='ltr'>rectu</span> 
     </span>
     <span class='ocr_line' id='line_1_12' title="bbox 413 1531 1501 1626; baseline 0.003 -28"><span class='ocrx_word' id='word_1_104' title='bbox 413 1531 507 1600; x_wconf 80' lang='lat' dir='ltr'>lineae</span> <span class='ocrx_word' id='word_1_105' title='bbox 521 1534 695 1624; x_wconf 67' lang='lat' dir='ltr'>proprietas</span> <span class='ocrx_word' id='word_1_106' title='bbox 708 1535 744 1600; x_wconf 89' lang='lat' dir='ltr'>in</span> <span class='ocrx_word' id='word_1_107' title='bbox 758 1531 927 1602; x_wconf 86' lang='lat' dir='ltr'>Elemento</span> <span class='ocrx_word' id='word_1_108' title='bbox 941 1552 990 1602; x_wconf 71' lang='grc' dir='ltr'>Ἡ.</span> <span class='ocrx_word' id='word_1_109' title='bbox 1007 1533 1236 1618; x_wconf 72' lang='lat' dir='ltr'>demonstrata,</span> <span class='ocrx_word' id='word_1_110' title='bbox 1256 1535 1360 1626; x_wconf 85' lang='lat' dir='ltr'>quod</span> <span class='ocrx_word' id='word_1_111' title='bbox 1375 1533 1421 1600; x_wconf 78' lang='lat' dir='ltr'>sd</span> <span class='ocrx_word' id='word_1_112' title='bbox 1434 1549 1501 1597; x_wconf 75' lang='lat' dir='ltr'>eum</span> 
     </span>
     <span class='ocr_line' id='line_1_13' title="bbox 413 1636 1499 1728; baseline -0.001 -26"><span class='ocrx_word' id='word_1_113' title='bbox 413 1636 587 1724; x_wconf 81' lang='lat' dir='ltr'>parallelos</span> <span class='ocrx_word' id='word_1_114' title='bbox 602 1638 769 1726; x_wconf 69' lang='lat' dir='ltr'>applicatae</span> <span class='ocrx_word' id='word_1_115' title='bbox 790 1647 883 1704; x_wconf 84' lang='lat' dir='ltr'>reotae</span> <span class='ocrx_word' id='word_1_116' title='bbox 904 1637 997 1704; x_wconf 81' lang='lat' dir='ltr'>lincae</span> <span class='ocrx_word' id='word_1_117' title='bbox 1018 1638 1085 1706; x_wconf 82' lang='lat' dir='ltr'>suis</span> <span class='ocrx_word' id='word_1_118' title='bbox 1107 1637 1147 1705; x_wconf 84' lang='lat' dir='ltr'>sd</span> <span class='ocrx_word' id='word_1_119' title='bbox 1168 1639 1401 1728; x_wconf 83' lang='lat' dir='ltr'>designatum</span> <span class='ocrx_word' id='word_1_120' title='bbox 1417 1637 1451 1701; x_wconf 89' lang='lat' dir='ltr'>in</span> <span class='ocrx_word' id='word_1_121' title='bbox 1465 1637 1499 1698; x_wconf 73' lang='lat' dir='ltr'>el</span> 
     </span>
     <span class='ocr_line' id='line_1_14' title="bbox 412 1735 1499 1829; baseline -0.003 -23"><span class='ocrx_word' id='word_1_122' title='bbox 412 1751 567 1826; x_wconf 88' lang='lat' dir='ltr'>punctum</span> <span class='ocrx_word' id='word_1_123' title='bbox 588 1740 750 1807; x_wconf 77' lang='lat' dir='ltr'><strong>distantiis</strong></span> <span class='ocrx_word' id='word_1_124' title='bbox 771 1741 1021 1829; x_wconf 74' lang='lat' dir='ltr'>proportionales</span> <span class='ocrx_word' id='word_1_125' title='bbox 1041 1741 1075 1806; x_wconf 89' lang='lat' dir='ltr'>in</span> <span class='ocrx_word' id='word_1_126' title='bbox 1097 1753 1215 1808; x_wconf 77' lang='lat' dir='ltr'>rectem</span> <span class='ocrx_word' id='word_1_127' title='bbox 1233 1744 1373 1810; x_wconf 87' lang='lat' dir='ltr'>lincam</span> <span class='ocrx_word' id='word_1_128' title='bbox 1389 1735 1499 1806; x_wconf 87' lang='lat' dir='ltr'>termi-</span> 
     </span>
     <span class='ocr_line' id='line_1_15' title="bbox 411 1843 1497 1936; baseline 0 -30"><span class='ocrx_word' id='word_1_129' title='bbox 411 1854 538 1909; x_wconf 73' lang='lat' dir='ltr'>nentur.</span> <span class='ocrx_word' id='word_1_130' title='bbox 582 1843 678 1923; x_wconf 80' lang='lat' dir='ltr'>Quod</span> <span class='ocrx_word' id='word_1_131' title='bbox 696 1843 725 1910; x_wconf 86' lang='lat' dir='ltr'>si</span> <span class='ocrx_word' id='word_1_132' title='bbox 745 1857 852 1912; x_wconf 85' lang='lat' dir='ltr'>motus</span> <span class='ocrx_word' id='word_1_133' title='bbox 871 1846 906 1912; x_wconf 94' lang='lat' dir='ltr'>hi</span> <span class='ocrx_word' id='word_1_134' title='bbox 925 1845 972 1912; x_wconf 88' lang='lat' dir='ltr'>sic</span> <span class='ocrx_word' id='word_1_135' title='bbox 990 1845 1073 1912; x_wconf 82' lang='lat' dir='ltr'>inter</span> <span class='ocrx_word' id='word_1_136' title='bbox 1086 1867 1121 1912; x_wconf 85' lang='lat' dir='ltr'>se</span> <span class='ocrx_word' id='word_1_137' title='bbox 1135 1854 1446 1936; x_wconf 83' lang='lat' dir='ltr'>contemperentur,</span> <span class='ocrx_word' id='word_1_138' title='bbox 1463 1849 1497 1906; x_wconf 82' lang='lat' dir='ltr'>ut</span> 
     </span>
     <span class='ocr_line' id='line_1_16' title="bbox 410 1944 1496 2036; baseline 0.001 -28"><span class='ocrx_word' id='word_1_139' title='bbox 410 1949 575 2032; x_wconf 77' lang='lat' dir='ltr'>nssmnptt</span> <span class='ocrx_word' id='word_1_140' title='bbox 596 1945 734 2032; x_wconf 66' lang='lat' dir='ltr'>quidem</span> <span class='ocrx_word' id='word_1_141' title='bbox 758 1947 844 2014; x_wconf 78' lang='lat' dir='ltr'>linet</span> <span class='ocrx_word' id='word_1_142' title='bbox 867 1948 902 2013; x_wconf 90' lang='lat' dir='ltr'><em>D</em></span> <span class='ocrx_word' id='word_1_143' title='bbox 924 1948 1041 2016; x_wconf 76' lang='lat' dir='ltr'>habent</span> <span class='ocrx_word' id='word_1_144' title='bbox 1065 1949 1298 2036; x_wconf 79' lang='lat' dir='ltr'>rectangulum</span> <span class='ocrx_word' id='word_1_145' title='bbox 1327 1971 1376 2015; x_wconf 89' lang='lat' dir='ltr'>cx</span> <span class='ocrx_word' id='word_1_146' title='bbox 1404 1944 1496 2012; x_wconf 86' lang='lat' dir='ltr'>diffe-</span> 
     </span>
     <span class='ocr_line' id='line_1_17' title="bbox 409 2043 1492 2140; baseline 0.002 -28"><span class='ocrx_word' id='word_1_147' title='bbox 409 2045 512 2112; x_wconf 77' lang='lat' dir='ltr'>rectit</span> <span class='ocrx_word' id='word_1_148' title='bbox 532 2045 626 2112; x_wconf 79' lang='lat' dir='ltr'>lineae</span> <span class='ocrx_word' id='word_1_149' title='bbox 647 2047 682 2111; x_wconf 98' lang='grc' dir='ltr'><em>Β</em></span> <span class='ocrx_word' id='word_1_150' title='bbox 698 2057 731 2114; x_wconf 88' lang='lat' dir='ltr'>ct</span> <span class='ocrx_word' id='word_1_151' title='bbox 749 2047 852 2135; x_wconf 82' lang='lat' dir='ltr'>ipsius</span> <span class='ocrx_word' id='word_1_152' title='bbox 871 2051 946 2116; x_wconf 88' lang='grc' dir='ltr'><em>ΒΜ</em></span> <span class='ocrx_word' id='word_1_153' title='bbox 956 2052 988 2137; x_wconf 81' lang='grc' dir='ltr'>(ε</span> <span class='ocrx_word' id='word_1_154' title='bbox 1005 2061 1123 2140; x_wconf 88' lang='lat' dir='ltr'>puncto</span> <span class='ocrx_word' id='word_1_155' title='bbox 1144 2051 1260 2117; x_wconf 89' lang='lat' dir='ltr'>mobili</span> <span class='ocrx_word' id='word_1_156' title='bbox 1285 2051 1443 2118; x_wconf 75' lang='lat' dir='ltr'>decurso</span> <span class='ocrx_word' id='word_1_157' title='bbox 1460 2043 1492 2108; x_wconf 79' lang='lat' dir='ltr'>ln</span> 
     </span>
     <span class='ocr_line' id='line_1_18' title="bbox 409 2149 1493 2240; baseline -0.003 -26"><span class='ocrx_word' id='word_1_158' title='bbox 409 2154 496 2215; x_wconf 68' lang='lat' dir='ltr'>recti</span> <span class='ocrx_word' id='word_1_159' title='bbox 508 2149 601 2234; x_wconf 81' lang='grc' dir='ltr'><em>ΔΖ),</em></span> <span class='ocrx_word' id='word_1_160' title='bbox 616 2157 649 2215; x_wconf 88' lang='lat' dir='ltr'>et</span> <span class='ocrx_word' id='word_1_161' title='bbox 662 2149 735 2237; x_wconf 75' lang='lat' dir='ltr'>ipst</span> <span class='ocrx_word' id='word_1_162' title='bbox 752 2151 829 2233; x_wconf 88' lang='grc' dir='ltr'>ΒΜ,</span> <span class='ocrx_word' id='word_1_163' title='bbox 846 2152 888 2218; x_wconf 84' lang='lat' dir='ltr'>ad</span> <span class='ocrx_word' id='word_1_164' title='bbox 902 2153 1092 2240; x_wconf 72' lang='lat' dir='ltr'>quadratum</span> <span class='ocrx_word' id='word_1_165' title='bbox 1110 2175 1154 2220; x_wconf 85' lang='lat' dir='ltr'>ex</span> <span class='ocrx_word' id='word_1_166' title='bbox 1167 2155 1235 2219; x_wconf 85' lang='lat' dir='ltr'>AB</span> <span class='ocrx_word' id='word_1_167' title='bbox 1251 2153 1396 2239; x_wconf 86' lang='lat' dir='ltr'>(eodem</span> <span class='ocrx_word' id='word_1_168' title='bbox 1413 2159 1493 2214; x_wconf 83' lang='lat' dir='ltr'>tom·</span> 
     </span>
     <span class='ocr_line' id='line_1_19' title="bbox 408 2249 1491 2344; baseline -0.001 -24"><span class='ocrx_word' id='word_1_169' title='bbox 408 2273 485 2341; x_wconf 85' lang='lat' dir='ltr'>porc</span> <span class='ocrx_word' id='word_1_170' title='bbox 498 2251 630 2320; x_wconf 74' lang='lat' dir='ltr'>decumo</span> <span class='ocrx_word' id='word_1_171' title='bbox 642 2275 663 2319; x_wconf 81' lang='lat' dir='ltr'>o</span> <span class='ocrx_word' id='word_1_172' title='bbox 676 2253 762 2320; x_wconf 73' lang='lat' dir='ltr'>linet</span> <span class='ocrx_word' id='word_1_173' title='bbox 775 2255 855 2340; x_wconf 89' lang='lat' dir='ltr'>AZ)</span> <span class='ocrx_word' id='word_1_174' title='bbox 872 2255 1025 2322; x_wconf 74' lang='lat' dir='ltr'>rationem</span> <span class='ocrx_word' id='word_1_175' title='bbox 1041 2277 1165 2344; x_wconf 76' lang='lat' dir='ltr'>semper</span> <span class='ocrx_word' id='word_1_176' title='bbox 1178 2257 1335 2337; x_wconf 80' lang='lat' dir='ltr'>condem,</span> <span class='ocrx_word' id='word_1_177' title='bbox 1353 2249 1491 2344; x_wconf 85' lang='lat' dir='ltr'>progig-</span> 
     </span>
     <span class='ocr_line' id='line_1_20' title="bbox 410 2355 1490 2446; baseline -0.004 -24"><span class='ocrx_word' id='word_1_178' title='bbox 410 2366 504 2422; x_wconf 87' lang='lat' dir='ltr'>netur</span> <span class='ocrx_word' id='word_1_179' title='bbox 524 2355 646 2444; x_wconf 54' lang='lat' dir='ltr'>ellico&amp;</span> <span class='ocrx_word' id='word_1_180' title='bbox 668 2369 726 2424; x_wconf 78' lang='lat' dir='ltr'>out</span> <span class='ocrx_word' id='word_1_181' title='bbox 748 2357 906 2441; x_wconf 81' lang='lat' dir='ltr'>circuluc,·</span> <span class='ocrx_word' id='word_1_182' title='bbox 930 2357 1065 2424; x_wconf 76' lang='lat' dir='ltr'>circulos</span> <span class='ocrx_word' id='word_1_183' title='bbox 1088 2358 1217 2446; x_wconf 89' lang='lat' dir='ltr'>quidem</span> <span class='ocrx_word' id='word_1_184' title='bbox 1240 2359 1271 2426; x_wconf 88' lang='lat' dir='ltr'>si</span> <span class='ocrx_word' id='word_1_185' title='bbox 1300 2358 1395 2425; x_wconf 82' lang='lat' dir='ltr'>ratio</span> <span class='ocrx_word' id='word_1_186' title='bbox 1416 2373 1490 2442; x_wconf 87' lang='lat' dir='ltr'>pro-</span> 
     </span>
     <span class='ocr_line' id='line_1_21' title="bbox 409 2451 1564 2569; baseline 0 -41"><span class='ocrx_word' id='word_1_187' title='bbox 409 2461 515 2549; x_wconf 75' lang='lat' dir='ltr'>posita</span> <span class='ocrx_word' id='word_1_188' title='bbox 534 2460 630 2527; x_wconf 85' lang='lat' dir='ltr'>fuerit</span> <span class='ocrx_word' id='word_1_189' title='bbox 651 2461 825 2550; x_wconf 73' lang='lat' dir='ltr'>equalitas,</span> <span class='ocrx_word' id='word_1_190' title='bbox 841 2471 874 2527; x_wconf 89' lang='lat' dir='ltr'>et</span> <span class='ocrx_word' id='word_1_191' title='bbox 894 2462 1032 2548; x_wconf 80' lang='lat' dir='ltr'>ungulus</span> <span class='ocrx_word' id='word_1_192' title='bbox 1046 2461 1105 2526; x_wconf 79' lang='grc' dir='ltr'>ΖΑ</span> <span class='ocrx_word' id='word_1_193' title='bbox 1116 2463 1148 2528; x_wconf 90' lang='lat' dir='ltr'><strong><em>Y</em></strong></span> <span class='ocrx_word' id='word_1_194' title='bbox 1162 2473 1277 2546; x_wconf 87' lang='lat' dir='ltr'>rectus,</span> <span class='ocrx_word' id='word_1_195' title='bbox 1303 2459 1438 2550; x_wconf 71' lang='lat' dir='ltr'>ellipot</span> <span class='ocrx_word' id='word_1_196' title='bbox 1459 2451 1487 2518; x_wconf 73' lang='lat' dir='ltr'>tl</span> <span class='ocrx_word' id='word_1_197' title='bbox 1562 2485 1564 2569; x_wconf 61' lang='lat' dir='ltr'>p</span> 
     </span>
     <span class='ocr_line' id='line_1_22' title="bbox 410 2557 1563 2676; baseline 0.001 -46"><span class='ocrx_word' id='word_1_198' title='bbox 410 2585 518 2646; x_wconf 83' lang='lat' dir='ltr'>secus3</span> <span class='ocrx_word' id='word_1_199' title='bbox 541 2573 574 2630; x_wconf 91' lang='lat' dir='ltr'>et</span> <span class='ocrx_word' id='word_1_200' title='bbox 593 2563 629 2630; x_wconf 91' lang='lat' dir='ltr'>in</span> <span class='ocrx_word' id='word_1_201' title='bbox 650 2563 702 2630; x_wconf 93' lang='lat' dir='ltr'>his</span> <span class='ocrx_word' id='word_1_202' title='bbox 722 2565 784 2631; x_wconf 88' lang='lat' dir='ltr'>crit</span> <span class='ocrx_word' id='word_1_203' title='bbox 799 2565 833 2630; x_wconf 89' lang='grc' dir='ltr'><em>Β</em></span> <span class='ocrx_word' id='word_1_204' title='bbox 846 2585 911 2629; x_wconf 81' lang='lat' dir='ltr'>uno</span> <span class='ocrx_word' id='word_1_205' title='bbox 929 2565 1161 2646; x_wconf 66' lang='lat' dir='ltr'>diametrorum,</span> <span class='ocrx_word' id='word_1_206' title='bbox 1178 2565 1276 2631; x_wconf 85' lang='lat' dir='ltr'>situm</span> <span class='ocrx_word' id='word_1_207' title='bbox 1293 2565 1432 2632; x_wconf 76' lang='lat' dir='ltr'>habens</span> <span class='ocrx_word' id='word_1_208' title='bbox 1452 2557 1486 2622; x_wconf 78' lang='lat' dir='ltr'>in</span> <span class='ocrx_word' id='word_1_209' title='bbox 1561 2617 1563 2676; x_wconf 49' lang='grc' dir='ltr'>ρ</span> 
     </span>
     <span class='ocr_line' id='line_1_23' title="bbox 408 2653 1563 2758; baseline -0.004 -25"><span class='ocrx_word' id='word_1_210' title='bbox 408 2665 495 2733; x_wconf 71' lang='lat' dir='ltr'>linet</span> <span class='ocrx_word' id='word_1_211' title='bbox 508 2668 577 2732; x_wconf 81' lang='grc' dir='ltr'>ΑΖ</span> <span class='ocrx_word' id='word_1_212' title='bbox 583 2668 686 2755; x_wconf 88' lang='lat' dir='ltr'>primo</span> <span class='ocrx_word' id='word_1_213' title='bbox 699 2667 814 2756; x_wconf 69' lang='lat' dir='ltr'>posits,</span> <span class='ocrx_word' id='word_1_214' title='bbox 826 2666 972 2733; x_wconf 80' lang='lat' dir='ltr'>avertice</span> <span class='ocrx_word' id='word_1_215' title='bbox 985 2666 1018 2732; x_wconf 93' lang='lat' dir='ltr'><strong><em>A</em></strong></span> <span class='ocrx_word' id='word_1_216' title='bbox 1033 2677 1176 2754; x_wconf 78' lang='lat' dir='ltr'>porrecta</span> <span class='ocrx_word' id='word_1_217' title='bbox 1186 2689 1301 2736; x_wconf 67' lang='lat' dir='ltr'>rusus</span> <span class='ocrx_word' id='word_1_218' title='bbox 1317 2675 1435 2758; x_wconf 74' lang='lat' dir='ltr'>partes</span> <span class='ocrx_word' id='word_1_219' title='bbox 1445 2653 1482 2725; x_wconf 75' lang='lat' dir='ltr'><em>Z</em></span> <span class='ocrx_word' id='word_1_220' title='bbox 1562 2703 1563 2748; x_wconf 65' lang='grc'><em>,</em></span> 
     </span>
     <span class='ocr_line' id='line_1_24' title="bbox 410 2763 1563 2908; baseline 0.004 -73"><span class='ocrx_word' id='word_1_221' title='bbox 410 2767 531 2835; x_wconf 76' lang='lat' dir='ltr'>Sinite</span> <span class='ocrx_word' id='word_1_222' title='bbox 544 2791 579 2835; x_wconf 85' lang='lat' dir='ltr'>se</span> <span class='ocrx_word' id='word_1_223' title='bbox 593 2769 740 2849; x_wconf 70' lang='lat' dir='ltr'>habent,</span> <span class='ocrx_word' id='word_1_224' title='bbox 756 2780 794 2836; x_wconf 90' lang='lat' dir='ltr'>ut</span> <span class='ocrx_word' id='word_1_225' title='bbox 812 2769 1030 2856; x_wconf 79' lang='lat' dir='ltr'>rectongulnm</span> <span class='ocrx_word' id='word_1_226' title='bbox 1049 2791 1092 2834; x_wconf 84' lang='lat' dir='ltr'>ex</span> <span class='ocrx_word' id='word_1_227' title='bbox 1109 2774 1234 2835; x_wconf 70' lang='lat' dir='ltr'>summi</span> <span class='ocrx_word' id='word_1_228' title='bbox 1248 2770 1421 2839; x_wconf 72' lang='lat' dir='ltr'>lineorum</span> <span class='ocrx_word' id='word_1_229' title='bbox 1436 2763 1480 2840; x_wconf 68' lang='grc' dir='ltr'>Ι),</span> <span class='ocrx_word' id='word_1_230' title='bbox 1561 2818 1563 2908; x_wconf 53' lang='grc' dir='ltr'>ρ</span> 
     </span>
     <span class='ocr_line' id='line_1_25' title="bbox 407 2861 1482 2960; baseline -0.005 -22"><span class='ocrx_word' id='word_1_231' title='bbox 407 2881 442 2938; x_wconf 84' lang='lat' dir='ltr'>et</span> <span class='ocrx_word' id='word_1_232' title='bbox 462 2871 537 2937; x_wconf 89' lang='grc' dir='ltr'>ΒΜ</span> <span class='ocrx_word' id='word_1_233' title='bbox 549 2881 584 2938; x_wconf 84' lang='lat' dir='ltr'>et</span> <span class='ocrx_word' id='word_1_234' title='bbox 604 2872 676 2960; x_wconf 77' lang='lat' dir='ltr'>ipst</span> <span class='ocrx_word' id='word_1_235' title='bbox 696 2873 772 2938; x_wconf 90' lang='grc' dir='ltr'>ΒΜ</span> <span class='ocrx_word' id='word_1_236' title='bbox 785 2895 910 2960; x_wconf 80' lang='lat' dir='ltr'>semper</span> <span class='ocrx_word' id='word_1_237' title='bbox 931 2871 1064 2939; x_wconf 80' lang='lat' dir='ltr'>eundem</span> <span class='ocrx_word' id='word_1_238' title='bbox 1085 2893 1157 2938; x_wconf 90' lang='lat' dir='ltr'>oum</span> <span class='ocrx_word' id='word_1_239' title='bbox 1176 2873 1335 2960; x_wconf 71' lang='lat' dir='ltr'>quadrato</span> <span class='ocrx_word' id='word_1_240' title='bbox 1351 2893 1398 2939; x_wconf 87' lang='lat' dir='ltr'>ex</span> <span class='ocrx_word' id='word_1_241' title='bbox 1413 2861 1482 2933; x_wconf 88' lang='lat' dir='ltr'>AB</span> 
     </span>
     <span class='ocr_line' id='line_1_26' title="bbox 406 2970 1479 3063; baseline 0.004 -25"><span class='ocrx_word' id='word_1_242' title='bbox 406 2973 640 3061; x_wconf 85' lang='lat' dir='ltr'>proportionem</span> <span class='ocrx_word' id='word_1_243' title='bbox 664 2985 777 3055; x_wconf 84' lang='lat' dir='ltr'>servet,</span> <span class='ocrx_word' id='word_1_244' title='bbox 802 2997 839 3040; x_wconf 88' lang='lat' dir='ltr'>eo</span> <span class='ocrx_word' id='word_1_245' title='bbox 862 2975 1035 3063; x_wconf 87' lang='lat' dir='ltr'>composito</span> <span class='ocrx_word' id='word_1_246' title='bbox 1057 2986 1147 3041; x_wconf 85' lang='lat' dir='ltr'>motu</span> <span class='ocrx_word' id='word_1_247' title='bbox 1169 2977 1397 3062; x_wconf 72' lang='lat' dir='ltr'>procreabitur</span> <span class='ocrx_word' id='word_1_248' title='bbox 1419 2970 1479 3056; x_wconf 68' lang='lat' dir='ltr'>ty-</span> 
     </span>
     <span class='ocr_line' id='line_1_27' title="bbox 398 3069 1473 3165; baseline -0.001 -25"><span class='ocrx_word' id='word_1_249' title='bbox 398 3073 545 3164; x_wconf 75' lang='lat' dir='ltr'>perbole,·</span> <span class='ocrx_word' id='word_1_250' title='bbox 566 3075 723 3162; x_wconf 71' lang='lat' dir='ltr'>quadrato</span> <span class='ocrx_word' id='word_1_251' title='bbox 742 3075 873 3163; x_wconf 89' lang='lat' dir='ltr'>quidem</span> <span class='ocrx_word' id='word_1_252' title='bbox 895 3077 953 3142; x_wconf 81' lang='lat' dir='ltr'>ills</span> <span class='ocrx_word' id='word_1_253' title='bbox 977 3077 1040 3163; x_wconf 85' lang='lat' dir='ltr'>(rel</span> <span class='ocrx_word' id='word_1_254' title='bbox 1062 3077 1245 3165; x_wconf 51' lang='lat' dir='ltr'>omittere</span> <span class='ocrx_word' id='word_1_255' title='bbox 1267 3069 1473 3164; x_wconf 72' lang='lat' dir='ltr'>mtaroqula)</span> 
     </span>
     <span class='ocr_line' id='line_1_28' title="bbox 406 3177 1475 3268; baseline 0.005 -23"><span class='ocrx_word' id='word_1_256' title='bbox 406 3177 435 3245; x_wconf 90' lang='lat' dir='ltr'>si</span> <span class='ocrx_word' id='word_1_257' title='bbox 448 3177 530 3244; x_wconf 77' lang='lat' dir='ltr'>ratio</span> <span class='ocrx_word' id='word_1_258' title='bbox 540 3177 706 3266; x_wconf 73' lang='lat' dir='ltr'>designate</span> <span class='ocrx_word' id='word_1_259' title='bbox 718 3178 814 3245; x_wconf 85' lang='lat' dir='ltr'>fuerit</span> <span class='ocrx_word' id='word_1_260' title='bbox 828 3179 1030 3268; x_wconf 65' lang='lat' dir='ltr'>equalitatis,</span> <span class='ocrx_word' id='word_1_261' title='bbox 1042 3191 1076 3246; x_wconf 88' lang='lat' dir='ltr'>et</span> <span class='ocrx_word' id='word_1_262' title='bbox 1086 3180 1223 3266; x_wconf 79' lang='lat' dir='ltr'>angulus</span> <span class='ocrx_word' id='word_1_263' title='bbox 1233 3180 1293 3247; x_wconf 77' lang='grc' dir='ltr'>ΖΑ</span> <span class='ocrx_word' id='word_1_264' title='bbox 1303 3183 1340 3247; x_wconf 90' lang='lat' dir='ltr'><strong><em>Y</em></strong></span> <span class='ocrx_word' id='word_1_265' title='bbox 1342 3187 1475 3252; x_wconf 68' lang='lat' dir='ltr'>morer</span> 
     </span>
     <span class='ocr_line' id='line_1_29' title="bbox 405 3277 1471 3374; baseline -0.006 -26"><span class='ocrx_word' id='word_1_266' title='bbox 405 3280 456 3348; x_wconf 89' lang='lat' dir='ltr'>sin</span> <span class='ocrx_word' id='word_1_267' title='bbox 470 3279 570 3362; x_wconf 76' lang='lat' dir='ltr'>aliter,</span> <span class='ocrx_word' id='word_1_268' title='bbox 580 3280 718 3357; x_wconf 77' lang='lat' dir='ltr'>alterius,</span> <span class='ocrx_word' id='word_1_269' title='bbox 729 3303 787 3370; x_wconf 89' lang='lat' dir='ltr'>pro</span> <span class='ocrx_word' id='word_1_270' title='bbox 801 3281 933 3348; x_wconf 76' lang='lat' dir='ltr'>rationis</span> <span class='ocrx_word' id='word_1_271' title='bbox 947 3281 1117 3369; x_wconf 79' lang='lat' dir='ltr'>sesignotae</span> <span class='ocrx_word' id='word_1_272' title='bbox 1128 3283 1315 3370; x_wconf 78' lang='lat' dir='ltr'>quontitate,</span> <span class='ocrx_word' id='word_1_273' title='bbox 1327 3277 1453 3374; x_wconf 79' lang='lat' dir='ltr'>speciei</span> <span class='ocrx_word' id='word_1_274' title='bbox 1460 3301 1471 3356; x_wconf 73' lang='grc' dir='ltr'><strong><em>ς</em></strong></span> 
     </span>
     <span class='ocr_line' id='line_1_30' title="bbox 405 3383 1471 3473; baseline -0.007 -22"><span class='ocrx_word' id='word_1_275' title='bbox 405 3385 496 3473; x_wconf 86' lang='lat' dir='ltr'>cujus</span> <span class='ocrx_word' id='word_1_276' title='bbox 519 3398 695 3452; x_wconf 74' lang='lat' dir='ltr'>tramvereo</span> <span class='ocrx_word' id='word_1_277' title='bbox 716 3385 869 3451; x_wconf 80' lang='lat' dir='ltr'>diameter</span> <span class='ocrx_word' id='word_1_278' title='bbox 890 3383 1064 3473; x_wconf 82' lang='lat' dir='ltr'>oequsbitur</span> <span class='ocrx_word' id='word_1_279' title='bbox 1084 3384 1147 3471; x_wconf 86' lang='lat' dir='ltr'>ipsi</span> <span class='ocrx_word' id='word_1_280' title='bbox 1161 3384 1205 3466; x_wconf 92' lang='grc' dir='ltr'><em>Β,</em></span> <span class='ocrx_word' id='word_1_281' title='bbox 1220 3385 1319 3451; x_wconf 88' lang='lat' dir='ltr'>situm</span> <span class='ocrx_word' id='word_1_282' title='bbox 1338 3383 1471 3452; x_wconf 75' lang='lat' dir='ltr'>habens</span> 
     </span>
     <span class='ocr_line' id='line_1_31' title="bbox 404 3487 1468 3577; baseline 0.002 -23"><span class='ocrx_word' id='word_1_283' title='bbox 404 3488 439 3554; x_wconf 90' lang='lat' dir='ltr'>in</span> <span class='ocrx_word' id='word_1_284' title='bbox 463 3487 525 3552; x_wconf 85' lang='grc' dir='ltr'>ΖΑ</span> <span class='ocrx_word' id='word_1_285' title='bbox 545 3487 649 3575; x_wconf 90' lang='lat' dir='ltr'>primo</span> <span class='ocrx_word' id='word_1_286' title='bbox 674 3489 787 3577; x_wconf 82' lang='lat' dir='ltr'>positu,</span> <span class='ocrx_word' id='word_1_287' title='bbox 813 3511 834 3554; x_wconf 81' lang='lat' dir='ltr'>s</span> <span class='ocrx_word' id='word_1_288' title='bbox 858 3487 975 3556; x_wconf 88' lang='lat' dir='ltr'>vertice</span> <span class='ocrx_word' id='word_1_289' title='bbox 989 3489 1022 3554; x_wconf 92' lang='lat' dir='ltr'><strong><em>A</em></strong></span> <span class='ocrx_word' id='word_1_290' title='bbox 1049 3497 1196 3576; x_wconf 82' lang='lat' dir='ltr'>protenso</span> <span class='ocrx_word' id='word_1_291' title='bbox 1217 3509 1329 3556; x_wconf 84' lang='lat' dir='ltr'>versus</span> <span class='ocrx_word' id='word_1_292' title='bbox 1354 3493 1468 3577; x_wconf 64' lang='lat' dir='ltr'>purte!</span> 
     </span>
     <span class='ocr_line' id='line_1_32' title="bbox 404 3589 1559 3678; baseline -0.002 -22"><span class='ocrx_word' id='word_1_293' title='bbox 404 3612 531 3656; x_wconf 78' lang='lat' dir='ltr'>aversos</span> <span class='ocrx_word' id='word_1_294' title='bbox 545 3591 588 3656; x_wconf 78' lang='lat' dir='ltr'>ab</span> <span class='ocrx_word' id='word_1_295' title='bbox 601 3591 636 3654; x_wconf 84' lang='lat' dir='ltr'><strong><em>Z</em></strong></span> <span class='ocrx_word' id='word_1_296' title='bbox 639 3616 647 3671; x_wconf 89' lang='grc'><strong>;</strong></span> <span class='ocrx_word' id='word_1_297' title='bbox 669 3600 704 3657; x_wconf 87' lang='lat' dir='ltr'>et</span> <span class='ocrx_word' id='word_1_298' title='bbox 723 3599 899 3678; x_wconf 79' lang='lat' dir='ltr'>psrameter</span> <span class='ocrx_word' id='word_1_299' title='bbox 921 3611 962 3657; x_wconf 84' lang='lat' dir='ltr'>ex</span> <span class='ocrx_word' id='word_1_300' title='bbox 983 3590 1104 3657; x_wconf 78' lang='lat' dir='ltr'>ratione</span> <span class='ocrx_word' id='word_1_301' title='bbox 1126 3589 1200 3656; x_wconf 74' lang='lat' dir='ltr'>dett</span> <span class='ocrx_word' id='word_1_302' title='bbox 1220 3589 1464 3658; x_wconf 80' lang='lat' dir='ltr'>determinetur.</span> <span class='ocrx_word' id='word_1_303' title='bbox 1558 3629 1559 3640; x_wconf 58' lang='lat'>,</span> 
     </span>
     <span class='ocr_line' id='line_1_33' title="bbox 403 3687 1469 3781; baseline -0.004 -21"><span class='ocrx_word' id='word_1_304' title='bbox 403 3692 497 3775; x_wconf 81' lang='lat' dir='ltr'>Quod</span> <span class='ocrx_word' id='word_1_305' title='bbox 519 3693 547 3759; x_wconf 91' lang='lat' dir='ltr'>si</span> <span class='ocrx_word' id='word_1_306' title='bbox 567 3703 719 3781; x_wconf 86' lang='lat' dir='ltr'>perpetuo</span> <span class='ocrx_word' id='word_1_307' title='bbox 739 3691 959 3779; x_wconf 81' lang='lat' dir='ltr'>rectcngulum</span> <span class='ocrx_word' id='word_1_308' title='bbox 981 3715 1023 3760; x_wconf 88' lang='lat' dir='ltr'>ex</span> <span class='ocrx_word' id='word_1_309' title='bbox 1044 3693 1115 3781; x_wconf 76' lang='lat' dir='ltr'>ipsl</span> <span class='ocrx_word' id='word_1_310' title='bbox 1129 3695 1172 3775; x_wconf 89' lang='lat' dir='ltr'>D,</span> <span class='ocrx_word' id='word_1_311' title='bbox 1188 3704 1221 3760; x_wconf 88' lang='lat' dir='ltr'>et</span> <span class='ocrx_word' id='word_1_312' title='bbox 1238 3693 1372 3762; x_wconf 79' lang='lat' dir='ltr'>decuret</span> <span class='ocrx_word' id='word_1_313' title='bbox 1391 3687 1469 3758; x_wconf 87' lang='grc' dir='ltr'><em>ΒΜ</em></span> 
     </span>
     <span class='ocr_line' id='line_1_34' title="bbox 403 3794 1457 3885; baseline -0.003 -23"><span class='ocrx_word' id='word_1_314' title='bbox 403 3796 445 3862; x_wconf 80' lang='lat' dir='ltr'>sd</span> <span class='ocrx_word' id='word_1_315' title='bbox 467 3794 656 3885; x_wconf 69' lang='lat' dir='ltr'>quadratum</span> <span class='ocrx_word' id='word_1_316' title='bbox 677 3816 720 3861; x_wconf 88' lang='lat' dir='ltr'>ex</span> <span class='ocrx_word' id='word_1_317' title='bbox 739 3795 807 3860; x_wconf 89' lang='lat' dir='ltr'>AB</span> <span class='ocrx_word' id='word_1_318' title='bbox 826 3795 958 3862; x_wconf 77' lang='lat' dir='ltr'>condem</span> <span class='ocrx_word' id='word_1_319' title='bbox 978 3806 1131 3884; x_wconf 88' lang='lat' dir='ltr'>perpetuo</span> <span class='ocrx_word' id='word_1_320' title='bbox 1152 3797 1306 3863; x_wconf 81' lang='lat' dir='ltr'>rationem</span> <span class='ocrx_word' id='word_1_321' title='bbox 1324 3797 1457 3872; x_wconf 81' lang='lat' dir='ltr'>obtinet,</span> 
     </span>
     <span class='ocr_line' id='line_1_35' title="bbox 402 3849 1562 3990; baseline -0.002 -27"><span class='ocrx_word' id='word_1_322' title='bbox 402 3895 560 3963; x_wconf 66' lang='lat' dir='ltr'>cneco</span> <span class='ocrx_word' id='word_1_323' title='bbox 586 3895 669 3962; x_wconf 67' lang='lat' dir='ltr'>effic</span> <span class='ocrx_word' id='word_1_324' title='bbox 698 3895 813 3962; x_wconf 58' lang='lat' dir='ltr'>oetam</span> <span class='ocrx_word' id='word_1_325' title='bbox 838 3895 1065 3983; x_wconf 57' lang='lat' dir='ltr'>poenotens,</span> <span class='ocrx_word' id='word_1_326' title='bbox 1095 3896 1185 3985; x_wconf 69' lang='lat' dir='ltr'>cujus</span> <span class='ocrx_word' id='word_1_327' title='bbox 1206 3911 1388 3986; x_wconf 56' lang='lat' dir='ltr'>poam</span> <span class='ocrx_word' id='word_1_328' title='bbox 1415 3913 1458 3961; x_wconf 73' lang='lat' dir='ltr'>ex</span> <span class='ocrx_word' id='word_1_329' title='bbox 1558 3849 1562 3990; x_wconf 71' lang='lat' dir='ltr'>l</span> 
     </span>
    </p>

    <p class='ocr_par' dir='ltr' id='par_1_4' title="bbox 262 3997 1560 4502">
     <span class='ocr_line' id='line_1_36' title="bbox 262 3997 1560 4088; baseline -0.003 -20"><span class='ocrx_word' id='word_1_330' title='bbox 262 4031 266 4036; x_wconf 80' lang='lat'><em>-</em></span> <span class='ocrx_word' id='word_1_331' title='bbox 402 4010 495 4068; x_wconf 74' lang='lat' dir='ltr'>reete</span> <span class='ocrx_word' id='word_1_332' title='bbox 515 4000 560 4081; x_wconf 88' lang='grc' dir='ltr'><em>Β,</em></span> <span class='ocrx_word' id='word_1_333' title='bbox 575 3997 722 4088; x_wconf 73' lang='lat' dir='ltr'>&lt;lotoque</span> <span class='ocrx_word' id='word_1_334' title='bbox 741 3998 873 4064; x_wconf 72' lang='lat' dir='ltr'>rationis</span> <span class='ocrx_word' id='word_1_335' title='bbox 895 3999 1066 4086; x_wconf 73' lang='lat' dir='ltr'>preposite</span> <span class='ocrx_word' id='word_1_336' title='bbox 1089 4001 1266 4088; x_wconf 74' lang='lat' dir='ltr'>quontitate</span> <span class='ocrx_word' id='word_1_337' title='bbox 1287 4001 1380 4070; x_wconf 80' lang='lat' dir='ltr'>focile</span> <span class='ocrx_word' id='word_1_338' title='bbox 1400 4001 1457 4068; x_wconf 87' lang='lat' dir='ltr'>de-</span> <span class='ocrx_word' id='word_1_339' title='bbox 1558 4005 1560 4034; x_wconf 66' lang='lat'>³</span> 
     </span>
     <span class='ocr_line' id='line_1_37' title="bbox 400 4101 1454 4189; baseline 0.005 -21"><span class='ocrx_word' id='word_1_340' title='bbox 400 4103 538 4170; x_wconf 85' lang='lat' dir='ltr'>finietur.</span> <span class='ocrx_word' id='word_1_341' title='bbox 583 4102 629 4168; x_wconf 87' lang='lat' dir='ltr'>Et</span> <span class='ocrx_word' id='word_1_342' title='bbox 646 4102 682 4168; x_wconf 90' lang='lat' dir='ltr'>in</span> <span class='ocrx_word' id='word_1_343' title='bbox 701 4101 815 4166; x_wconf 89' lang='lat' dir='ltr'>horum</span> <span class='ocrx_word' id='word_1_344' title='bbox 833 4101 936 4188; x_wconf 88' lang='lat' dir='ltr'>primo</span> <span class='ocrx_word' id='word_1_345' title='bbox 954 4101 1083 4189; x_wconf 90' lang='lat' dir='ltr'>quidem</span> <span class='ocrx_word' id='word_1_346' title='bbox 1101 4125 1178 4169; x_wconf 81' lang='lat' dir='ltr'>coru</span> <span class='ocrx_word' id='word_1_347' title='bbox 1191 4103 1219 4170; x_wconf 87' lang='lat' dir='ltr'>si</span> <span class='ocrx_word' id='word_1_348' title='bbox 1233 4114 1338 4172; x_wconf 84' lang='lat' dir='ltr'>motus</span> <span class='ocrx_word' id='word_1_349' title='bbox 1352 4117 1454 4173; x_wconf 58' lang='lat' dir='ltr'>unns</span> 
     </span>
     <span class='ocr_line' id='line_1_38' title="bbox 400 4204 1453 4292; baseline -0.001 -21"><span class='ocrx_word' id='word_1_350' title='bbox 400 4225 511 4271; x_wconf 82' lang='lat' dir='ltr'>versus</span> <span class='ocrx_word' id='word_1_351' title='bbox 524 4227 582 4291; x_wconf 83' lang='lat' dir='ltr'>per</span> <span class='ocrx_word' id='word_1_352' title='bbox 595 4206 628 4269; x_wconf 87' lang='lat' dir='ltr'><strong><em>A</em></strong></span> <span class='ocrx_word' id='word_1_353' title='bbox 637 4205 814 4292; x_wconf 83' lang='lat' dir='ltr'>Yponetur</span> <span class='ocrx_word' id='word_1_354' title='bbox 832 4204 1007 4280; x_wconf 84' lang='lat' dir='ltr'>uniformis,</span> <span class='ocrx_word' id='word_1_355' title='bbox 1023 4207 1119 4273; x_wconf 77' lang='lat' dir='ltr'>etiam</span> <span class='ocrx_word' id='word_1_356' title='bbox 1137 4218 1243 4274; x_wconf 80' lang='lat' dir='ltr'>motus</span> <span class='ocrx_word' id='word_1_357' title='bbox 1261 4207 1453 4276; x_wconf 84' lang='lat' dir='ltr'>descendeus</span> 
     </span>
     <span class='ocr_line' id='line_1_39' title="bbox 399 4305 1451 4401; baseline 0.009 -31"><span class='ocrx_word' id='word_1_358' title='bbox 399 4329 457 4397; x_wconf 86' lang='lat' dir='ltr'>per</span> <span class='ocrx_word' id='word_1_359' title='bbox 478 4307 545 4370; x_wconf 82' lang='grc' dir='ltr'>ΑΖ</span> <span class='ocrx_word' id='word_1_360' title='bbox 561 4305 727 4373; x_wconf 85' lang='lat' dir='ltr'>uniformis</span> <span class='ocrx_word' id='word_1_361' title='bbox 747 4307 824 4388; x_wconf 88' lang='lat' dir='ltr'>erit;</span> <span class='ocrx_word' id='word_1_362' title='bbox 847 4307 882 4372; x_wconf 92' lang='lat' dir='ltr'>in</span> <span class='ocrx_word' id='word_1_363' title='bbox 905 4307 1043 4375; x_wconf 80' lang='lat' dir='ltr'>secundo</span> <span class='ocrx_word' id='word_1_364' title='bbox 1065 4320 1098 4375; x_wconf 89' lang='lat' dir='ltr'>et</span> <span class='ocrx_word' id='word_1_365' title='bbox 1119 4310 1211 4376; x_wconf 83' lang='lat' dir='ltr'>tertio</span> <span class='ocrx_word' id='word_1_366' title='bbox 1230 4311 1259 4376; x_wconf 87' lang='lat' dir='ltr'>si</span> <span class='ocrx_word' id='word_1_367' title='bbox 1278 4323 1383 4379; x_wconf 85' lang='lat' dir='ltr'>motus</span> <span class='ocrx_word' id='word_1_368' title='bbox 1397 4329 1451 4401; x_wconf 80' lang='lat' dir='ltr'>por</span> 
     </span>
     <span class='ocr_line' id='line_1_40' title="bbox 398 4407 1448 4502; baseline 0.011 -29"><span class='ocrx_word' id='word_1_369' title='bbox 398 4411 431 4478; x_wconf 79' lang='lat' dir='ltr'><strong><em>A</em></strong></span> <span class='ocrx_word' id='word_1_370' title='bbox 441 4409 474 4474; x_wconf 92' lang='lat' dir='ltr'><strong><em>Y</em></strong></span> <span class='ocrx_word' id='word_1_371' title='bbox 483 4407 526 4474; x_wconf 84' lang='lat' dir='ltr'>sit</span> <span class='ocrx_word' id='word_1_372' title='bbox 539 4407 715 4490; x_wconf 76' lang='lat' dir='ltr'>uniformis,</span> <span class='ocrx_word' id='word_1_373' title='bbox 726 4407 787 4475; x_wconf 87' lang='lat' dir='ltr'>erit</span> <span class='ocrx_word' id='word_1_374' title='bbox 801 4419 906 4477; x_wconf 87' lang='lat' dir='ltr'>motus</span> <span class='ocrx_word' id='word_1_375' title='bbox 920 4410 1114 4479; x_wconf 83' lang='lat' dir='ltr'>descendens</span> <span class='ocrx_word' id='word_1_376' title='bbox 1127 4423 1279 4502; x_wconf 83' lang='lat' dir='ltr'>perpetuo</span> <span class='ocrx_word' id='word_1_377' title='bbox 1293 4435 1432 4484; x_wconf 63' lang='lat' dir='ltr'>moen!</span> <span class='ocrx_word' id='word_1_378' title='bbox 1439 4435 1448 4494; x_wconf 74' lang='lat'><em>5</em></span> 
     </span>
    </p>
   </div>
   <div class='ocr_carea' id='block_1_3' title="bbox 0 0 1588 5192">
    <p class='ocr_par' dir='ltr' id='par_1_5' title="bbox 0 0 1588 5192">
     <span class='ocr_line' id='line_1_41' title="bbox 0 0 1588 5192; baseline 0 7"><span class='ocrx_word' id='word_1_379' title='bbox 0 0 1588 5192; x_wconf 95' lang='lat' dir='ltr'> </span> 
     </span>
    </p>
   </div>
  </div>
 </body>
</html>
