3167 5192
103 441 193 492 ruer.
208 423 332 510 mm]
435 440 622 492 uamrorns
644 438 918 494 narnsnarrcrn.
1189 432 1253 498 361

103 609 135 674 in
161 609 323 697 praedictis
351 610 499 677 rideatur
525 611 653 679 abunde
681 613 887 682 satisfactum.
932 611 1081 682 Clarium
1106 613 1258 704 pleraque

101 714 198 810 magis
214 736 312 800 quam
327 712 497 780 Euclidem
513 716 693 803 attingunt3
710 716 817 784 Clarii
831 740 906 784 vero
921 719 1015 800 diota,
1026 727 1063 784 ut
1073 729 1110 785 ut
1120 742 1255 808 possem,

99 837 160 880 non
173 838 191 882 e
204 839 240 881 re
254 825 363 882 nostrt
373 819 443 904 jam
458 818 538 884 duce
552 841 763 907 propugnare,
808 818 980 908 Utcunque
997 822 1073 909 quia
1088 821 1255 889 modulum

99 941 186 984 suum
196 919 373 986 etiamnum
387 921 525 988 excessit
534 944 673 1009 presens
685 921 873 1003 dissertatio,
885 947 1079 1012 quecunque
1090 949 1174 992 nova
1184 949 1255 1013 per·

99 999 195 1086 tendit
209 1018 359 1087 Borellus
374 1023 573 1088 consideratu
586 1023 694 1110 digna,
710 1023 843 1112 posthae
866 1026 1080 1092 examinanda
1096 1027 1255 1115 relinquo;

96 1144 163 1190 cum
181 1133 214 1188 et
231 1123 267 1188 in
286 1124 355 1211 ejus
375 1148 413 1192 ac
431 1126 565 1191 aliorum
584 1127 795 1193 recentiorum
814 1127 980 1195 methodos
1002 1129 1250 1197 animadversio-

96 1247 164 1291 nem
176 1225 355 1296 instituam.
399 1228 534 1296 Interim
549 1228 686 1294 sufficiat
699 1228 852 1296 hactenus
866 1230 1031 1319 prodiisse.

515 1708 647 1778 LEOE'.
668 1708 830 1777 mu*

99 1869 378 2027 POSTREMA
402 1871 552 1940 Lectione
575 1873 698 1940 connisi
724 1895 835 1940 sumus
856 1895 877 1940 a
897 1873 1059 1941 nonnullis
1081 1875 1250 1963 precipuis

173 1973 366 2043 adversariis
387 1988 496 2043 eontra
517 1975 732 2043 definitionem
754 1976 1038 2066 proportionalium
1060 1975 1250 2052 Euclideam

98 2078 220 2145 vibrata
233 2079 298 2146 tela
311 2079 477 2168 depellere.
524 2079 676 2169 Superest
689 2079 847 2161 Borellus,
868 2080 1012 2147 omnium
1031 2080 1249 2168 gravissimus,

99 2181 214 2268 opinor,
241 2191 275 2247 et
300 2182 471 2248 acerrimus
497 2180 567 2270 ejus
592 2183 804 2271 impugnator,
828 2205 927 2271 eoque
949 2183 1050 2271 pluris
1072 2183 1249 2266 habendus,

100 2284 177 2370 quod
196 2286 240 2352 ab
255 2284 328 2350 aliis
342 2284 460 2352 frustm
473 2294 629 2352 tentatam
643 2307 760 2351 novam
779 2285 1084 2373 proportionalitatis
1104 2285 1250 2353 eruendae

98 2386 288 2468 methodum,
304 2387 474 2454 admodum
489 2388 537 2473 (ut
551 2387 638 2476 quod
651 2410 761 2454 verum
776 2397 827 2454 est
840 2387 1013 2454 liberaliter
1027 2387 1247 2474 agnoscamus)

98 2488 258 2574 pulchram
272 2513 291 2555 e
304 2487 431 2578 proprio
451 2490 578 2555 cerebro
598 2486 814 2570 concinnarit;
836 2509 964 2576 operam
983 2486 1017 2553 in
1038 2507 1075 2554 eo
1094 2497 1249 2575 prestans

101 2589 207 2674 (fateor
218 2590 315 2675 ultro)
337 2589 532 2656 laudabilem
546 2601 579 2656 et
592 2613 657 2656 non
672 2589 830 2670 inutilem,
851 2609 924 2656 eum
941 2587 1039 2655 variis
1056 2589 1160 2656 modis
1180 2613 1250 2657 eas·

99 2691 164 2759 dem
177 2695 362 2784 pertractari
377 2694 534 2776 materias,
546 2717 565 2759 e
579 2693 714 2759 diversis
728 2690 893 2781 principiis
907 2691 1017 2758 eadem
1032 2689 1148 2759 deduci
1161 2692 1251 2760 theo-

98 2806 212 2862 remata
230 2796 389 2884 voluptati
410 2796 506 2862 simul
527 2815 566 2862 ae
586 2793 660 2861 usui
681 2794 742 2876 sit;
765 2793 800 2859 in
822 2797 880 2859 sut
899 2803 1006 2859 tamen
1031 2795 1079 2881 (ut
1100 2794 1246 2882 arbitror)

100 2897 266 2965 extruenda
279 2897 429 2965 methodo
443 2898 565 2964 felicior
578 2897 650 2979 luit,
665 2917 764 2984 quam
777 2897 812 2963 in
827 2896 988 2964 communi
1003 2897 1166 2964 diruendt.

157 2998 198 3065 Id
212 2999 298 3088 quod
312 3023 331 3067 e
347 2999 482 3086 vestigio
492 2999 562 3086 jam
577 2999 781 3086 aggredimur
795 2998 968 3068 ostendere.
1013 2997 1099 3082 Quid
1118 3000 1249 3089 objiciat

101 3103 275 3170 audiamus:
298 3103 421 3169 swero
444 3102 571 3189 (inquit)
595 3101 665 3168 dici
682 3125 745 3168 noa
755 3115 869 3191 potest,
890 3103 975 3191 qaod
993 3105 1154 3192 mappula
1168 3131 1249 3194 pro-

95 3208 209 3290 pnbtaa
228 3219 377 3272 notarum
397 3205 450 3271 rei
466 3204 610 3284 declaret,
636 3218 665 3270 et
685 3203 861 3292 destinqaat
882 3232 904 3273 a
925 3205 1059 3296 qualebet
1080 3209 1158 3289 alsit,
1185 3211 1248 3276 imo

101 3330 158 3373 rem
168 3307 325 3394 difficilem
335 3307 538 3373 otemnbrem
551 3305 679 3372 radit&
717 3305 770 3371 Ita
779 3306 904 3394 judicat
914 3331 923 3374 r
938 3317 972 3374 at
983 3330 1042 3374 nos
1051 3308 1120 3376 haec
1130 3321 1248 3377 temere

102 3407 158 3475 diei
172 3411 247 3478 satis
265 3410 400 3498 (opinor)
419 3409 454 3475 in
468 3407 718 3498 precedentibus
738 3410 954 3490 ostendimus3
977 3411 1098 3476 seilicet
1118 3434 1248 3500 propor-

102 3511 279 3580 tionalitatis
294 3536 359 3579 non
373 3512 470 3578 aliam
490 3534 559 3578 esse
578 3521 735 3593 natnam,
755 3535 853 3599 quam
872 3511 1056 3602 hujusmodi
1075 3515 1248 3603 proprieta-

103 3621 160 3680 tem
174 3616 314 3704 aliquam
327 3614 456 3695 babere,
477 3636 574 3701 quam
588 3612 660 3679 aliae
675 3612 883 3700 proprietates
898 3623 1086 3700 sequentum
1110 3613 1248 3703 adeoque

104 3727 236 3784 naturam
259 3717 330 3806 ejus
352 3715 387 3782 in
410 3717 471 3782 hae
495 3713 679 3782 definitione
703 3717 871 3803 (quantum
893 3715 929 3781 in
949 3715 1017 3781 ulla
1039 3715 1108 3782 fieri
1129 3718 1245 3805 potest)

105 3818 218 3888 abunde
231 3820 405 3888 declarari:
421 3818 576 3908 quodque
595 3818 774 3905 distinguat
792 3819 862 3885 haec
880 3817 1054 3908 proprietas
1073 3818 1209 3906 analoga
1228 3844 1249 3888 a

104 3941 160 3987 nen
176 3923 329 4010 analogis,
349 3945 422 3988 cum
442 3921 590 4007 analogia
609 3943 683 3986 cum
702 3925 741 3986 et
759 3920 977 4010 reciprocetur,
998 3930 1086 3987 etex
1100 3920 1248 3990 instituto

104 4021 149 4089 rel
160 4025 287 4093 arbitrie
301 4023 483 4091 definientis
506 4023 582 4110 (non
602 4021 731 4110 quidem
751 4021 809 4089 illo
829 4021 1003 4108 licentiose,
1025 4021 1083 4092 sed
1102 4021 1246 4114 legitimo

595 4149 606 4184 ¹
623 4151 686 4216 Peg.
702 4164 756 4214 ωε.
779 4171 782 4177 ’

148 4358 294 4420 'borellia
310 4364 464 4435 objections
480 4369 512 4422 to
528 4365 648 4423 Eudid's
665 4363 824 4420 Dednltlom

148 4445 170 4502 Ι.
199 4449 272 4506 rrae
289 4449 339 4508 tbe
355 4452 627 4523 propertyaeeigned
645 4451 671 4507 is
686 4453 737 4508 not
754 4447 919 4507 ffisfiucfire.

149 4533 213 4590 Am
247 4536 278 4593 lt
294 4535 319 4593 ie
335 4536 503 4598 umorve

181 4633 210 4682 B.
221 4637 260 4688 Μ.
