3167 5192
96 392 192 443 usur.
209 375 261 461 ι]
429 392 617 445 uuerronss
639 395 912 446 nununsmoa.
1219 382 1260 448 77

160 563 411 629 Mathematicus
444 562 593 629 scientias
622 563 812 629 Aristoteles
846 563 986 652 appellat
1020 562 1262 653 ἀκριβεστάτας

98 665 312 748 lusoriam&
356 664 447 731 Idem
472 663 717 752 ἅκριβολαγίαν,
739 676 885 731 exactam
908 666 1082 733 disserendi
1106 670 1259 737 rationem

98 790 154 832 ceu
166 768 363 855 peculiarem
382 768 448 833 illis
467 768 629 847 attribuit;
653 766 767 854 hisque
780 777 992 835 consentanea
1005 771 1124 857 passim
1144 772 1258 854 innuit,

99 882 191 958 atqm
204 872 380 960 supponit;
399 871 570 957 nullusque
583 870 705 949 dubito,
720 870 800 957 quin
814 869 856 936 ad
870 870 928 937 has
942 872 1142 959 potissimum
1157 884 1260 940 atten-

98 974 210 1056 dendo,
235 975 517 1041 demonstrationis
537 996 636 1062 quam
655 974 778 1062 primus
799 974 932 1039 tradidit
951 975 1124 1042 decenam
1147 979 1260 1043 effinx-

100 1078 165 1159 erit,
186 1078 228 1143 ad
247 1078 341 1143 illam
356 1078 470 1143 saltem
483 1075 706 1143 illustrandam
721 1098 759 1141 ac
772 1076 1020 1143 confirmandam
1036 1100 1077 1143 ex
1091 1078 1143 1145 his
1157 1080 1260 1168 plera-

99 1202 159 1266 que
179 1179 343 1268 depromit
363 1178 520 1267 exempla
565 1177 785 1244 Nihilominus
811 1179 986 1245 extiterunt
1006 1180 1093 1263 olim,
1119 1195 1152 1249 et
1172 1183 1260 1251 haud

100 1280 219 1368 pridem
233 1280 363 1346 inventi
376 1289 452 1345 sunt
468 1278 577 1365 (etiam
593 1279 677 1345 inter
694 1278 792 1365 ipsos,
808 1278 897 1365 quod
911 1279 1111 1363 demiramur,
1128 1282 1258 1371 Peripa·

99 1382 217 1462 teticos,
248 1381 310 1469 qui
333 1380 542 1468 philosophia
565 1379 780 1445 Aristotelicas
802 1402 919 1446 nornen
940 1382 1133 1451 addixerunt
1155 1409 1258 1469 suum,

101 1506 178 1569 eque
201 1483 274 1571 ipso
301 1482 487 1562 Aristotele,
511 1482 717 1569 quantumvis
742 1481 845 1548 invito
871 1492 903 1549 et
928 1484 1128 1569 reclamante,
1157 1490 1259 1559 videri

101 1587 212 1652 volunt
225 1586 391 1674 opinionis
408 1608 475 1651 suas
493 1584 692 1650 firmamenta
706 1584 929 1674 desumpsisse)
947 1589 1004 1675 qui
1018 1588 1260 1660 Mathematicus

103 1710 167 1755 esse
180 1712 254 1755 vere
269 1688 433 1768 scientias,
447 1686 596 1774 quodque
612 1709 696 1754 vera
710 1687 824 1754 dentur
838 1688 873 1753 in
887 1689 952 1755 illis
966 1690 1259 1777 demonstrationes,

102 1814 163 1857 nou
176 1792 359 1859 dubitarint
378 1790 522 1857 inficiari.
565 1789 667 1877 Apud
684 1801 807 1858 veteres
826 1792 966 1880 quidam,
990 1806 1103 1882 praetsr
1119 1796 1259 1885 Pyrrho·

104 1895 178 1977 nios,
199 1908 233 1963 et
253 1892 466 1984 Ἐφεπυωῦς
487 1892 557 1980 (qui
579 1892 744 1959 scientiam
765 1895 882 1981 pariter
905 1919 1030 1965 omnem
1054 1901 1258 1985 mernerunt,

104 2008 134 2063 et
144 2020 236 2085 posse
250 1998 397 2087 qualibet
410 1996 451 2063 de
465 2018 498 2061 re
513 1994 590 2061 certi
604 1993 775 2083 quicquam
792 1997 939 2063 affirmari
959 2002 1082 2087 gravati
1096 2014 1171 2069 sunt
1185 2028 1260 2071 con·

106 2101 216 2184 cedere,
231 2104 298 2169 imo
313 2124 380 2167 non
393 2099 487 2167 veriti
501 2100 629 2185 negare)
651 2109 764 2187 praeter
782 2100 850 2180 hos,
870 2101 1011 2189 inquam,
1032 2104 1164 2193 Epicuri
1179 2130 1258 2195 grex

105 2200 340 2271 hlathematicis
362 2202 537 2293 prasertim
557 2202 709 2282 infensus,
733 2202 874 2289 ipsorum
895 2204 1051 2294 principia
1073 2210 1257 2292 convellere,

108 2304 386 2375 demonstrationes
405 2306 528 2373 studuit
543 2306 713 2373 infirmare.
750 2304 892 2385 Quorum
915 2330 956 2373 ex
978 2308 1056 2374 hart
1077 2312 1260 2398 prodeuntis

109 2408 238 2477 Zenonis
255 2411 425 2499 cujusdam
440 2408 566 2478 Sidonii
580 2408 771 2475 Posidonius
788 2410 1007 2497 aggressiones
1026 2413 1149 2500 integro
1168 2416 1261 2483 volu-

109 2511 187 2579 mine
206 2515 393 2602 perhibetur
414 2511 591 2579 refutasse'.
635 2510 824 2597 Horumqne
842 2510 988 2577 nonnulli
1008 2516 1193 2583 recentiores
1210 2518 1260 2584 in-

99 2613 216 2681 sistunt
242 2615 401 2702 vestigiis.
444 2612 515 2680 Nos
543 2613 604 2679 etsi
632 2613 690 2679 vix
719 2611 884 2701 προῦργου
912 2614 1065 2682 ducamus
1094 2617 1258 2687 hominum

109 2714 301 2787 illudentium
317 2720 402 2799 aliis,
412 2742 471 2786 nec
485 2718 553 2785 suis
567 2717 707 2805 ipsorum
718 2717 812 2784 dictis
827 2717 992 2785 fidentium
1005 2718 1135 2808 (quique
1149 2730 1261 2790 revera

112 2822 222 2887 suntin
236 2822 442 2911 philosophis
460 2822 610 2901 haretici,
632 2821 693 2886 hoc
713 2830 761 2886 est
780 2819 1060 2908 αὐτοκατάκριτοι)
1083 2824 1259 2893 cavillatio-

112 2922 197 2990 nibus
209 2925 392 2992 refellendis
406 2922 542 2989 multum
559 2922 748 2991 subtilitatis
766 2922 966 3010 impendere;
990 2924 1131 3011 ipsorum
1145 2938 1259 2995 utcun-

113 3046 167 3109 que
178 3028 325 3109 rationes,
341 3027 402 3093 hoc
415 3035 466 3091 est
478 3048 497 3093 e
510 3024 681 3113 praecipuis
694 3046 801 3103 unam,
822 3034 879 3091 ant
893 3024 1034 3107 alteram,
1050 3030 1257 3099 excutiemus.

168 3128 334 3217 Oggerunt
355 3129 468 3217 primo,
490 3138 528 3195 ut
549 3129 658 3215 aliqua
678 3127 736 3194 fiat
757 3128 994 3211 demonstratio,
1021 3131 1061 3199 de
1085 3134 1257 3221 primarum

114 3234 352 3318 propositionum
365 3232 540 3299 universali
553 3232 685 3298 veritate
700 3243 784 3298 certo
804 3242 947 3299 constare
961 3233 1065 3315 debet3
1089 3236 1158 3303 hac
1171 3260 1257 3318 rero,

115 3331 276 3423 sicutipse
300 3337 396 3403 docet
420 3344 452 3400 et
473 3342 665 3401 contestatur
685 3332 883 3413 Aristoteles,
910 3356 975 3400 non
1000 3336 1130 3403 aliunde
1155 3350 1260 3425 potest

116 3433 293 3505 innotescere
314 3460 413 3527 quam
434 3458 477 3501 ex
497 3434 689 3515 inductione,
709 3434 770 3503 hoe
788 3445 838 3501 est
858 3458 899 3501 ex
917 3437 1134 3505 observatione
1148 3463 1259 3527 perpe·

117 3542 175 3616 tul,
195 3541 397 3627 perfectaque
420 3538 603 3605 recensione
623 3537 843 3625 singularium.
888 3537 944 3603 Ex
973 3538 1155 3608 inductione
1184 3566 1259 3609 vero

336 3656 341 3666 .
380 3688 437 3740 ¹11.
450 3688 481 3739 de
494 3687 562 3749 esto,
576 3702 631 3753 cap.
645 3698 668 3750 7.
709 3688 819 3753 Maopl.
833 3700 850 3740 1.
864 3704 919 3754 cap.
933 3689 980 3740 ult.

543 3769 683 3833 ’Procles
695 3782 807 3835 ras-ss·

521 3956 836 3968 .—--—-.—.—.-..

166 4091 219 4149 'l'ha
229 4095 388 4167 Ohjsctions
397 4097 429 4152 ot
435 4097 486 4153 tha
496 4096 669 4167 Epicrrsm
707 4095 712 4106 ’

168 4176 209 4249 (l)
240 4182 460 4240 Donousa-atton
471 4187 547 4238 must
558 4181 669 4253 depend
682 4197 717 4236 on
735 4178 811 4235 First
827 4176 984 4247 Principles.
1021 4176 1096 4233 First
1109 4176 1259 4247 Principlas

125 4264 231 4321 nutus
240 4268 369 4326 obtained
378 4269 415 4340 hy
427 4268 582 4325 Inductiou.
619 4267 767 4323 Inductiou
778 4268 879 4321 cannot
890 4262 1022 4319 establish
1034 4263 1181 4335 principles
1198 4265 1258 4318 uui-

128 4348 202 4403 ttml
216 4353 269 4408 and
280 4356 391 4425 certain,
401 4354 519 4411 because
532 4354 583 4409 the
600 4352 789 4410 enumeratiou
804 4354 879 4405 must
889 4348 926 4405 be
939 4348 1054 4417 limited,
1066 4348 1121 4403 and
1138 4348 1187 4404 the
1205 4350 1259 4403 eri-

129 4427 238 4492 ‘lffloeoi
245 4454 320 4496 muse
331 4442 356 4496 is
366 4441 477 4495 fallible.
1027 4464 1030 4470 ·
