3167 5192
99 392 195 444 usur.
212 376 281 465 xn]
440 397 626 449 uncmonns
648 379 927 451 nurnunnmors.
1200 384 1263 451 165

99 563 199 629 alium
221 566 370 652 quemvis
391 566 545 654 angulum
572 568 789 636 constituere?
832 566 999 649 Quomodo
1024 576 1109 635 recta
1133 591 1263 635 curvam

98 678 230 753 tangere
250 668 484 735 demonstretur
502 694 544 737 cx
564 693 612 751 eo,
632 670 718 758 qnod
737 680 806 737 tota
824 682 937 759 praeter
958 671 1087 737 unicum
1109 683 1264 761 punctum

98 778 266 836 contactus
283 782 377 837 extra
392 794 520 837 curvam
537 772 639 853 cadat,
655 796 754 861 quum
768 796 833 839 non
848 783 1002 861 repugnet
1024 773 1119 839 simul
1141 774 1175 839 in
1196 774 1263 856 ills,

97 876 149 941 rel
163 875 267 942 etiam
282 876 368 941 intra
380 874 471 941 illam
481 876 610 964 jacere?
636 876 802 957 Quomodo
818 877 954 969 denique
969 888 1121 965 punctum
1134 878 1265 967 aliquod

98 1000 162 1043 non
176 1002 250 1045 esse
264 988 409 1045 centrum
423 980 531 1045 circuli
546 981 699 1068 propositi
711 984 932 1070 comprobetur
946 982 1030 1063 inde,
1044 982 1130 1069 quod
1145 982 1265 1049 diame-

98 1092 183 1147 trum
197 1105 269 1149 non
286 1081 416 1163 biseoet,
432 1082 460 1147 si
481 1091 610 1169 propter
631 1082 737 1149 varios
758 1082 926 1171 possibiles
949 1084 1029 1150 situs
1051 1094 1158 1171 posset
1179 1084 1264 1152 idem

98 1195 258 1273 punctum
271 1184 414 1251 bisecare
427 1183 532 1263 simul,
547 1195 581 1249 et
599 1207 664 1250 non
686 1186 826 1252 biseoare
846 1186 1062 1253 diametrum?
1106 1186 1265 1275 Quicquid

99 1290 197 1376 igitur
217 1290 265 1356 sit
285 1288 325 1355 de
343 1286 520 1373 Theologit
539 1285 717 1369 Pontificit,
732 1288 796 1352 nisi
818 1310 893 1354 vcra
914 1288 956 1354 sit
977 1288 1172 1377 hypothesis,
1189 1312 1264 1354 ean·

99 1392 172 1459 dem
194 1391 456 1479 magnitudinem
483 1400 592 1477 aptam
615 1400 725 1456 natam
747 1414 812 1457 non
837 1414 905 1457 esse
929 1391 1020 1480 plura
1043 1392 1139 1458 simul
1161 1392 1266 1481 spatia

100 1518 267 1584 occupare,
282 1496 410 1584 penitus
426 1492 532 1559 actum
546 1494 606 1558 erit
620 1494 660 1561 de
675 1500 743 1560 tota
757 1494 951 1562 Geometrit.

165 1598 236 1667 Sed
254 1598 296 1664 de
309 1597 472 1663 Positione
487 1595 695 1662 determinata
708 1597 860 1686 quicquid
875 1599 1043 1665 observatu
1058 1598 1191 1686 dignum
1206 1610 1264 1681 est,

101 1726 164 1769 non
171 1702 245 1788 jam
256 1701 332 1767 licet
341 1708 500 1780 attexere3
515 1711 610 1786 prout
619 1722 723 1787 neque
733 1700 774 1766 de
784 1699 914 1788 reliquis
926 1701 997 1768 aliis
1008 1702 1266 1789 magnitudinum

102 1804 338 1895 symptomatis,
363 1825 435 1890 quae
458 1803 664 1890 sequentibus
687 1803 879 1869 asservando
902 1813 1081 1891 supersunt.
1124 1802 1266 1872 Unicum

103 1908 234 1997 insuper
249 1907 407 1972 monitum
421 1905 579 1993 adjiciam,
595 1928 745 1992 maguam
765 1905 916 1994 Temperi
933 1928 1006 1972 cum
1023 1906 1134 1993 Spatio
1150 1930 1266 1993 cogna-

104 2011 234 2093 tionem,
250 2021 283 2078 et
297 2009 476 2096 analogiam
491 2009 692 2076 intercedere.
739 2008 830 2077 Sicut
846 2010 931 2077 enim
954 2010 1091 2100 spatium
1114 2012 1155 2077 ad
1175 2035 1266 2099 mag·

104 2118 294 2196 nitudinem,
306 2116 352 2181 ita
366 2137 401 2181 sc
414 2123 539 2201 tempus
554 2113 671 2180 habere
684 2113 812 2182 ridetur
826 2114 1012 2196 admotum,
1029 2116 1075 2180 ita
1089 2126 1126 2181 ut
1140 2124 1266 2204 tempus

103 2220 146 2286 sit
165 2218 403 2308 quodammodo
424 2217 562 2305 spatium
583 2222 698 2283 motts.
746 2215 854 2295 Quum
880 2218 964 2281 enim
990 2228 1116 2307 tempus
1140 2218 1264 2301 dicitur,

104 2327 223 2409 (annus
251 2333 340 2411 puta,
370 2322 498 2403 mensis,
527 2321 581 2388 rel
604 2320 695 2405 dies)
720 2320 803 2385 nihil
828 2319 916 2387 aliud
941 2320 1104 2408 indigitari
1128 2321 1264 2405 videtur,

107 2451 202 2515 quam
225 2426 322 2495 talem
345 2435 403 2493 aut
423 2435 549 2493 tantum
571 2425 691 2490 interea
708 2434 830 2490 motum
851 2423 970 2513 peragi,
989 2424 1042 2490 rel
1063 2424 1265 2507 intercedere,

106 2532 158 2597 rel
178 2530 338 2619 interponi
358 2551 470 2618 possc;
492 2528 613 2595 seilicet
630 2549 696 2593 una
716 2525 865 2615 periodus
889 2525 974 2593 Solis
988 2526 1023 2591 in
1037 2525 1206 2611 Ecliptict,
1218 2548 1267 2592 re·

110 2632 193 2700 ditus
203 2656 286 2700 unns
295 2633 398 2699 Lunae
415 2632 456 2697 ad
472 2631 591 2712 Solem,
607 2629 1158 2716 unacoeli(velte1rae)circasuum
1173 2652 1266 2695 axem

110 2737 271 2803 revolutio.
318 2735 384 2803 Sed
407 2734 467 2802 hoc
489 2734 600 2816 obiter,
623 2757 700 2800 nam
720 2742 758 2799 ut
780 2733 820 2799 de
842 2744 982 2821 tempore
1003 2734 1072 2821 jem
1096 2732 1267 2801 disseratur

112 2838 243 2925 plenius,
253 2840 360 2929 ipsum
375 2849 500 2927 tempus
515 2847 603 2906 vetat
616 2847 649 2904 et
662 2837 846 2925 refragatur.

562 3114 597 3119 -.-
609 3111 867 3123 ψῃ..-

566 3302 699 3371 Lucu.
723 3302 810 3370 xi*
938 3299 946 3319 “

119 3482 211 3639 'DE
225 3490 337 3551 naturh
352 3483 456 3573 spatii,
472 3482 573 3570 deque
587 3482 750 3549 nonnullis
769 3482 798 3548 ei
819 3481 1040 3571 superstructis
1060 3480 1113 3547 vel
1132 3480 1267 3547 adnexis

197 3586 426 3677 hypothesibus
451 3587 701 3669 Mathematicis,
729 3587 808 3654 satis
835 3587 903 3653 fuse
929 3586 1134 3674 disquisitum
1160 3586 1267 3651 estin

125 3686 261 3760 Iectione
285 3692 493 3782 praeoedente.
538 3690 693 3758 Proxima
717 3688 951 3777 magnitudinis
980 3688 1105 3755 affectio
1134 3688 1267 3755 eircum-

126 3796 329 3878 rpeotantihus
351 3795 461 3883 objicit
482 3816 516 3860 se
542 3795 673 3884 (quippe
692 3794 823 3859 nonita
845 3791 955 3881 procul
976 3815 996 3858 a
1017 3791 1121 3879 spatio
1142 3789 1265 3872 dissita,

125 3895 174 3961 sod
186 3899 215 3963 ei
227 3899 357 3987 propius
372 3897 531 3985 adjacens)
550 3896 777 3983 congruentia,
795 3896 885 3983 cujus
900 3903 982 3960 certe
1000 3892 1174 3981 suppositio
1189 3914 1268 3980 quo·

127 3997 279 4068 dammodo
304 4001 476 4090 primarius
500 4010 549 4067 est
570 3999 699 4079 tibicen,
727 4007 760 4064 et
784 3996 978 4085 praecipuum
1004 3994 1139 4062 fulcrum
1168 3996 1266 4063 totius

128 4097 304 4171 llathoseos.
349 4101 435 4168 Nam
453 4102 494 4168 ab
511 4106 549 4167 et
570 4099 760 4189 equalitatis
783 4101 867 4186 (quic
886 4097 1014 4186 quidem
1034 4096 1068 4162 in
1089 4097 1273 4164 Mathema-

45 4359 47 4408 χ
170 4338 243 4396 'limo
260 4339 285 4396 is
305 4341 335 4394 tc
354 4338 458 4395 motion
476 4356 508 4394 as
526 4355 608 4410 space
626 4340 656 4393 tc
677 4336 845 4406 magnitudo.

170 4423 351 4497 'Propertius
371 4426 403 4480 ol
422 4442 504 4495 space
524 4424 682 4482 continued

172 4512 354 4581 Coineidcncc,
373 4512 421 4568 tho
439 4512 514 4567 basis
535 4512 566 4567 ot'
586 4510 713 4581 equality.
