3167 5192
324 363 411 439 348‘
659 380 845 433 nucurouas
868 380 1142 431 transeuntium.
1265 364 1377 451 [uuor.
1392 380 1475 433 xxn.

326 554 543 623 definitionem
558 554 747 620 Euclidem
766 552 1016 642 proportionales
1037 550 1164 618 chordis
1184 550 1260 619 suis.
1308 550 1404 632 Quod
1421 564 1478 619 ent

326 658 577 739 ostendendum
605 673 735 744 unaque
755 656 917 722 instantiae
939 656 1122 722 Ramaeanae
1144 656 1383 722 demonstratur
1401 655 1478 721 infir-

329 760 425 827 mitas
439 783 478 827 ao
495 760 603 845 (verbo
617 760 758 844 veniam)
776 758 1021 847 impertinentia

392 863 526 931 Interim
541 862 689 931 demirari
703 863 791 928 subit
805 861 989 949 hujusmodi
1003 859 1201 928 licentiosam
1217 861 1328 943 crisin,
1344 862 1478 949 quanin

325 976 450 1035 veteres
463 988 608 1033 exorem
628 963 710 1031 solet
727 963 916 1032 Geometras
935 963 1042 1044 homo,
1062 963 1201 1050 nequid
1221 964 1357 1050 gravius
1378 963 1477 1041 dican,

327 1070 495 1157 argutulns
509 1078 542 1136 et
556 1067 728 1134 dicaculus.
774 1065 841 1135 Sed
855 1088 947 1154 porro
963 1064 1114 1154 disputat,
1140 1068 1181 1133 Ut
1194 1066 1342 1135 olertctae
1359 1069 1416 1137 aete
1428 1092 1480 1132 nou

326 1174 468 1254 sadaeect,
483 1171 678 1260 (mquidem,
690 1170 866 1259 interpono,
878 1169 1009 1236 minime
1020 1170 1152 1255 subest)
1165 1171 1254 1238 nitet
1263 1185 1372 1238 tomen
1382 1172 1480 1258 defird-

328 1278 480 1343 troneietd
488 1273 671 1361 definitum
683 1273 900 1360 (quamobrem
908 1271 973 1337 ite?
984 1271 1126 1339 sciscitor
1133 1274 1218 1359 ego;)
1230 1276 1421 1361 nequedum
1429 1274 1480 1353 lic,

329 1378 444 1466 inquit,
466 1378 623 1444 docebitur
642 1377 723 1465 quid
739 1377 804 1442 siat
815 1375 1076 1465 proportionales,
1099 1377 1156 1442 sed
1173 1376 1345 1445 clamart>
1356 1402 1481 1467 propor-

329 1480 493 1549 tionalium
514 1492 717 1570 properator.
762 1480 906 1567 Denique
934 1479 1052 1545 docebit
1077 1480 1138 1545 ista
1163 1479 1306 1567 definitio
1335 1480 1481 1569 simplices

329 1586 475 1653 termitwa
500 1607 562 1651 esse
579 1582 841 1672 proportionales,
866 1606 998 1670 pacorum
1020 1580 1206 1671 multiplicer
1230 1584 1354 1652 attenti
1366 1584 1482 1673 βιαία

322 1687 584 1778 proportaonaleo.
626 1686 741 1774 Itaque
761 1686 968 1773 dyoterolopt‘a
989 1686 1107 1775 duplex
1127 1700 1179 1767 aet,
1202 1700 1256 1754 eto.
1302 1688 1354 1753 At
1376 1688 1482 1775 quibus

329 1790 430 1857 oculis
453 1790 536 1859 vidit
558 1798 613 1855 aut
636 1787 716 1874 legit
738 1787 840 1854 ullam
863 1784 917 1853 hle
940 1788 1222 1876 proportionalium
1246 1789 1481 1857 alternationem

328 1890 489 1979 proponi?
509 1890 566 1955 ubi
576 1890 629 1955 rel
643 1889 747 1955 hilum
757 1898 919 1977 comparet
928 1888 1230 1978 proportionalitatis
1241 1888 1482 1981 multiplicium?

329 2014 506 2073 excessum,
540 1990 698 2057 defectum
726 1990 942 2079 aequalitatem
971 1990 1284 2080 aequemultiplicium
1315 1992 1479 2081 significari

329 2094 442 2177 video3
472 2094 530 2161 sed
549 2093 778 2177 alternationis,
809 2104 865 2160 aut
890 2094 1193 2182 proportionalitatis
1217 2095 1343 2162 nullum
1372 2096 1479 2175 rolant,
1539 2074 1540 2135 l

329 2196 455 2264 nullum
469 2220 562 2263 cerno
576 2196 759 2283 vestigium.
804 2196 893 2263 Num
909 2197 969 2264 hoo
983 2208 1032 2265 est
1046 2198 1208 2279 disserere,
1224 2199 1279 2265 vel
1296 2198 1478 2267 Sabinorum

329 2325 416 2369 more
435 2301 592 2389 quidlibet
611 2298 795 2367 somniare?
837 2299 932 2382 Quid,
952 2301 1071 2369 talibus
1089 2301 1261 2369 adductum
1281 2305 1395 2385 causis,
1415 2302 1479 2368 tuli·

329 2407 391 2474 bus
405 2406 594 2472 instructum
608 2403 815 2489 argumentis,
833 2403 991 2485 falsitatis,
1006 2404 1149 2487 fallaciae,
1165 2404 1363 2495 sophistices,
1379 2406 1477 2473 absur-

332 2509 443 2577 ditatis
457 2518 550 2575 notas
564 2507 688 2572 inurere
705 2506 896 2572 venerandis
913 2506 984 2573 istis
1003 2508 1179 2596 capitibus;
1202 2510 1401 2600 improperiis
1413 2528 1475 2597 pro-

331 2614 473 2681 scindere
484 2623 551 2679 tem
566 2611 731 2677 inurbanis
745 2609 825 2676 istos
839 2610 1041 2677 scientiarum
1057 2612 1233 2681 conditores
1248 2623 1281 2680 et
1292 2614 1473 2703 coryphaeos,

330 2716 451 2803 absque
472 2716 590 2804 quibus
611 2714 732 2794 fuisset,
755 2713 802 2778 nil
824 2713 929 2779 forsan
951 2714 1083 2780 haberet
1103 2738 1239 2803 magnus
1261 2717 1314 2783 hio
1337 2719 1473 2783 tricarum

330 2819 455 2899 artifex,
471 2827 584 2906 praeter
595 2816 764 2905 AEsopioas
778 2816 914 2898 fabulas,
925 2840 1059 2905 quarum
1074 2818 1200 2906 analysi
1214 2822 1381 2887 mirificam
1394 2818 1473 2885 illam

331 2928 423 2985 snam
445 2919 604 2985 addiceret
625 2918 847 2985 dialecticam?
890 2916 931 2985 Id
959 2919 1044 3007 quod
1073 2920 1272 2988 innocentius
1301 2922 1472 3010 plerumque

330 3022 456 3089 lecisset
469 3031 501 3088 et
515 3022 626 3102 tutius,
645 3045 741 3110 quam
760 3021 796 3087 in
812 3021 890 3088 tales
904 3022 989 3089 viros
1010 3023 1157 3091 atrociter
1170 3024 1356 3091 invoctsset„
1399 3022 1472 3091 Sane

330 3128 388 3193 vix
403 3126 618 3212 indignationi
632 3148 712 3192 meae
727 3134 877 3213 tempero,
898 3126 976 3214 quin
991 3126 1082 3192 illum
1097 3128 1250 3216 accipiam
1265 3151 1323 3217 pro
1342 3150 1397 3194 suo
1415 3146 1472 3189 mc·

329 3231 400 3307 rito,
415 3250 621 3317 regeramque
635 3227 775 3294 validius
788 3229 825 3293 in
839 3228 909 3315 ejus
924 3237 1029 3315 caput,
1045 3252 1116 3317 quae
1132 3242 1239 3297 contra
1253 3241 1373 3298 veteres
1381 3228 1473 3316 jactat

330 3356 483 3401 convicia.

341 3494 345 3503 .
395 3439 535 3528 Reliqua
548 3436 688 3526 proferre
702 3435 800 3502 taedet
814 3457 885 3521 quae
900 3434 1018 3522 objicit,
1030 3435 1117 3523 paris
1132 3438 1287 3504 acuminis
1301 3447 1333 3505 et
1346 3436 1471 3527 peritia3
1538 3490 1539 3499 ,

329 3567 462 3633 quaeque
476 3542 523 3608 nil
539 3542 627 3608 aliud
641 3552 757 3630 praeter
776 3539 838 3605 hoo
857 3540 993 3626 probant
1008 3539 1229 3627 liquidissime,
1250 3542 1336 3629 quod
1355 3539 1470 3608 omniuo

329 3648 464 3737 disparis
485 3646 527 3712 sit
547 3644 668 3732 negotii
683 3642 820 3737 Logioas
839 3642 1005 3709 methodos
1024 3652 1141 3724 texere,
1162 3644 1264 3731 deque
1285 3644 1471 3711 scientiarum

329 3751 451 3818 arcanis
469 3747 624 3836 judicare.
668 3744 764 3825 Quod
782 3754 890 3811 autem
910 3746 1128 3832 peremptorie,
1150 3746 1390 3834 tristissimtqne
1406 3764 1470 3809 cum

329 3853 497 3933 severitate
515 3847 687 3929 concludit,
713 3848 819 3927 Quare
840 3846 914 3913 talea
935 3846 1074 3934 definitio
1095 3847 1221 3913 tollatur
1240 3874 1256 3915 e
1275 3846 1468 3915 Modoutou.

328 3956 473 4045 Replioo,
500 3954 563 4019 nisi
585 3950 743 4018 machinis
765 3948 905 4037 impulse
926 3949 1142 4031 validioribus,
1166 3963 1317 4018 aternum
1340 3949 1469 4041 persistet

328 4057 526 4137 inconcussa,
541 4078 601 4121 neo
615 4076 758 4141 unquam
772 4074 791 4117 e
806 4050 1013 4117 Mathematis
1029 4050 1252 4119 dimovebitur.

394 4158 459 4225 Illo
474 4157 615 4237 dimisso,
636 4156 836 4244 Tuoquetum
855 4154 1087 4242 aggrediamur,
1109 4155 1180 4221 nasi
1198 4155 1365 4243 sagacioris
1377 4146 1467 4219 homi·

380 4463 506 4520 Remus's
524 4464 728 4536 impertinenoe.
