3167 5192
86 418 184 469 neor.
201 402 257 488 sn]
430 418 618 471 nnonorsus
639 419 914 472 ununnuemcn.
1186 410 1249 476 153

84 589 244 676 coarguit.
287 588 345 655 Ex
358 573 586 675 imaginatione
598 610 665 654 non
680 587 825 656 infinitus
845 600 927 672 actu,
942 590 1001 658 sed
1017 600 1178 681 utcunque
1191 614 1249 683 po·

84 692 185 759 tentit
198 692 294 759 finito
311 691 528 777 (determinate
541 691 645 777 finito)
661 694 763 781 major
775 694 914 762 mundus
929 696 1158 785 comprobetur.
1299 684 1304 691 ¹

145 794 275 861 Verum
293 805 330 862 ut
348 794 476 882 penitus
494 816 714 880 agnoscamus,
730 818 855 863 summa
875 820 932 864 sua
951 798 1109 865 subtilitas
1130 798 1190 865 hee
1210 800 1246 865 in

84 903 179 965 coust
192 909 391 986 quantopere
406 896 549 963 destituit
562 908 595 964 et
609 898 693 984 fugit
704 898 893 983 Gartesium,
905 901 1140 989 imaginationis
1154 904 1248 971 istius

83 1003 121 1069 de
141 1003 261 1092 spatiis
281 999 534 1069 ultramundanis
555 1011 671 1067 nostre
692 1014 923 1090 perscrutemur
943 1014 975 1071 et
996 1005 1091 1093 paulo
1112 1028 1247 1095 perpen-

83 1106 196 1172 damus
211 1104 389 1193 originem3
411 1102 501 1169 illam
523 1114 617 1185 certe,
639 1104 723 1170 sicut
743 1105 823 1171 alias
844 1105 1011 1194 plerasque
1031 1131 1096 1174 non
1117 1108 1247 1177 aliunde

82 1232 176 1297 quam
197 1232 247 1276 ex
267 1206 414 1274 sensibus
434 1206 552 1273 uostris
573 1207 721 1275 haustam
742 1210 980 1298 comperiemus.
1025 1210 1109 1279 Cum
1127 1214 1245 1301 quippe

81 1312 126 1377 nil
145 1312 214 1378 fere
238 1309 409 1400 quicquam
430 1332 526 1376 sensu
547 1310 661 1396 quovis
683 1310 892 1397 attigerimus,
915 1314 994 1400 quin
1015 1314 1137 1404 aliquid
1161 1316 1247 1382 ultra

82 1415 175 1503 situm
188 1414 313 1503 pariter
327 1412 474 1479 sensibile
486 1412 717 1500 progrediendo
733 1413 889 1503 fuerimus
904 1417 1046 1505 experti;
1069 1420 1244 1505 prasertim

82 1541 151 1583 oum
174 1518 221 1585 ad
245 1517 362 1585 coelum
386 1515 496 1583 oculos
518 1516 673 1583 elevando
695 1528 822 1584 vestem
845 1518 986 1607 undique
1014 1519 1132 1608 χάσμα
1155 1522 1245 1589 nullo

80 1622 283 1711 perceptibili
303 1620 405 1687 limite
425 1619 619 1700 conclusum,
635 1630 669 1686 et
687 1621 722 1686 in
744 1622 872 1709 ignotes
893 1624 986 1690 nobis
1007 1624 1151 1711 regiones
1173 1650 1246 1714 pro-

81 1750 208 1795 currens
221 1728 409 1806 intueamnr,
421 1725 497 1791 hinc
508 1725 699 1791 immensum
715 1726 883 1812 quendam,
896 1750 952 1795 seu
966 1727 1244 1797 indeterminatum

81 1830 221 1897 ooelestis
236 1828 331 1917 spatii
344 1827 512 1915 gurgitem,
528 1828 563 1892 in
577 1848 641 1915 qao
654 1828 756 1894 nubes
770 1828 938 1917 pendeant,
953 1830 1042 1897 venti
1057 1830 1242 1913 discurrant,

80 1933 180 2000 stelle
194 1956 259 1999 ceu
271 1931 414 2021 pisciculi
431 1942 551 2006 natent,
567 1937 676 1998 nostre
693 1932 729 1997 in
748 1933 917 2020 phantasia
938 1934 1133 2003 describendi
1151 1936 1244 2005 nobis

81 2038 204 2125 obrepit
219 2036 360 2117 occasi03
382 2040 480 2122 aqut
493 2047 600 2101 temen
620 2034 776 2116 censione,
791 2035 844 2103 vel
862 2036 902 2102 ab
922 2036 1148 2124 imaginatione
1167 2060 1243 2105 oon·

80 2141 149 2207 fust
173 2164 250 2210 sam
275 2140 461 2227 excipiente,
483 2139 713 2227 perabsurdum
734 2139 919 2207 videtarde
940 2142 1161 2225 veremundi,
1184 2166 1242 2212 sen

81 2243 170 2311 finita
196 2267 257 2311 sen
280 2243 417 2325 infinita,
440 2244 625 2310 extensione
651 2243 821 2331 quicquam
846 2244 960 2311 inferre
988 2245 1040 2311 vel
1065 2246 1240 2319 decernere.

81 2344 164 2415 Nam
183 2346 292 2414 omnis
311 2346 415 2414 sensio
429 2356 478 2411 est
491 2344 711 2432 singularium,
727 2345 768 2411 ab
781 2346 953 2413 existentia
967 2369 1042 2413 vero
1062 2348 1109 2414 rei
1131 2348 1241 2435 singu-

81 2448 153 2516 laris
173 2461 373 2538 compertum
394 2448 468 2515 licet
489 2446 617 2535 quidem
640 2446 803 2529 deducere,
825 2447 911 2536 quod
930 2448 1019 2515 eliud
1036 2449 1115 2537 quid
1137 2450 1241 2517 simile

81 2553 179 2639 possit
193 2552 340 2633 existere,
355 2574 421 2617 non
435 2559 542 2618 autern
556 2550 644 2638 quod
657 2549 746 2617 aliud
759 2550 839 2639 quid
852 2560 926 2617 actu
940 2552 1048 2618 situel
1063 2551 1189 2634 existet,
1204 2564 1242 2619 ut

81 2656 250 2745 aliquoties
263 2655 460 2723 admonitam
474 2665 532 2722 est.

140 2760 252 2827 'l'aceo
267 2757 353 2847 quod
370 2757 480 2825 eodem
495 2757 569 2845 jure
587 2757 720 2846 parique
738 2756 869 2839 ratione,
891 2758 1006 2847 quibus
1025 2759 1164 2826 materies
1183 2782 1242 2827 ne·

81 2862 214 2929 cesseris
238 2861 390 2929 tribuitur
413 2861 607 2928 extensionis
632 2862 784 2943 infinitas,
811 2861 914 2929 eidem
940 2862 1099 2929 eternitas
1128 2874 1161 2931 et
1188 2864 1240 2930 in-

81 2964 290 3054 dependentis
302 2965 500 3046 tribuantur3
521 2986 597 3029 nam
611 2972 705 3050 prout
719 2964 803 3030 ultra
817 2964 976 3051 quoslibet
990 2966 1101 3033 mundi
1119 2966 1238 3035 limites

83 3068 202 3157 aliquid
224 3069 330 3157 spatii,
354 3067 401 3134 sic
425 3077 499 3135 ante
523 3066 660 3155 quodvis
684 3067 823 3135 initium.
869 3068 947 3135 Post
970 3071 1115 3158 quemvis
1140 3071 1237 3139 fine'm

82 3171 201 3261 aliquid
211 3172 362 3262 temporis
373 3194 462 3259 seque
472 3170 557 3238 ciart
566 3170 758 3257 cogitatione
769 3172 907 3239 solemus
917 3172 1103 3259 imagineri3
1120 3184 1238 3241 aeterna

84 3276 210 3361 proinde
226 3274 411 3355 necessario,
427 3284 460 3341 et
480 3283 707 3361 consequenter
727 3273 824 3340 etiam
845 3274 1070 3363 independens.
1116 3276 1237 3345 Secun-

84 3377 155 3445 dum
171 3380 257 3445 hunc
277 3376 520 3466 argumentandi
541 3375 673 3443 modum
693 3376 826 3443 materia
841 3376 1079 3459 demonstretur,
1095 3402 1166 3466 quoe
1188 3392 1236 3447 ta-

84 3504 153 3548 men
171 3483 290 3549 divium
307 3479 507 3569 perfectionis
526 3478 679 3544 idiomata
696 3479 906 3565 periculosum
927 3480 978 3554 sit,
998 3490 1030 3548 et
1052 3481 1235 3550 Christiano

85 3584 274 3674 Pbilosopbo
295 3604 493 3671 summopere
512 3579 700 3656 cavendum,
722 3580 813 3648 alteri
834 3604 930 3669 quam
953 3580 1029 3669 Opt.
1052 3580 1142 3651 Max.
1166 3583 1236 3651 Deo

86 3688 265 3756 adscribere.
310 3686 432 3753 Ratum
457 3685 557 3773 igitur
579 3684 744 3773 fixumque
768 3686 812 3751 sit
836 3686 1013 3767 materiam,
1039 3706 1097 3753 seu
1118 3686 1236 3755 molem

88 3811 258 3878 corpoream
278 3812 344 3856 non
360 3810 430 3856 esse
445 3788 573 3877 penitus
587 3787 834 3870 interminatam,
851 3788 963 3855 saltem
978 3810 1042 3855 non
1056 3810 1124 3855 esse
1138 3788 1234 3856 telem

86 3895 260 3962 necessario.
304 3892 378 3959 Hoc
390 3893 495 3981 primo
509 3903 713 3981 supponatur.

144 3998 341 4065 Adsumatrn
365 4017 491 4084 quoqne
520 3994 667 4076 secundo,
694 3993 780 4083 quod
806 3993 877 4062 Deo
902 4004 1061 4085 competat
1085 4004 1234 4085 potestas,

87 4110 172 4185 prout
184 4101 367 4168 adlubescet
380 4100 452 4189 ipsi,
466 4098 631 4167 materiem
645 4098 838 4165 existentem
857 4098 1038 4187 adaugendi
1056 4100 1109 4167 vel
1128 4101 1236 4168 immi-

87 4205 204 4288 nuendi,
219 4205 281 4273 boc
294 4215 353 4287 est,
369 4228 388 4271 e
407 4202 509 4269 nihilo
527 4201 709 4292 procreandi
729 4212 885 4289 quantum
905 4204 1041 4288 volitet
1059 4204 1234 4291 quamlibet

135 4454 415 4526 Originotimsgined
426 4471 514 4526 space.
550 4452 850 4514 (lartesius'smistake.

135 4546 157 4595 a.
189 4542 417 4599 Godconcreate
427 4544 538 4601 matter.
591 4568 593 4570 >

165 4648 193 4695 li.
206 4649 242 4697 bl.
