3167 5192
95 399 311 483 necr.xv1r.]
432 416 620 468 merlonus
642 417 915 468 urnnnmmcn.
1193 402 1257 468 269

82 580 267 668 pesonae
292 582 477 661 mmm,
503 582 562 647 loos
578 586 797 669 proportiones
821 584 904 649 solos
931 584 1015 650 atta·
1034 608 1096 651 esse
1117 586 1255 653 conam·

90 683 216 750 rendae
224 684 345 771 putooa
349 682 369 748 ¹.
412 683 510 748 Addo
527 684 771 752 Eratosthenem
788 686 1060 773 pronunciantem,
1077 688 1195 755 Πάντα
1215 690 1257 756 τὰ

91 790 127 853 ἐν
138 790 214 859 τοῖς
224 785 416 870 μαθήμασιν
429 786 466 869 ἐξ
483 785 658 870 ἀναλογίας
672 794 786 856 ποσῶν
800 792 895 856 τινῶν
909 791 1126 873 ermesindus&
1165 793 1257 860 Adeo

90 892 335 979 proportionum
349 889 559 957 consideratio
573 892 758 981 disciplinas
773 894 868 959 hasce
882 894 1036 981 pervadit,
1053 908 1085 963 et
1104 897 1257 983 quodam·

90 997 190 1063 modo
207 994 427 1081 complectitur
442 995 614 1061 universas.

156 1099 240 1165 Non
267 1099 367 1185 igitur
394 1098 535 1187 ipsarum
562 1098 666 1165 videri
694 1099 848 1166 debemus
875 1110 941 1166 tam
970 1103 1124 1169 extimam
1153 1115 1257 1171 cutem

92 1202 249 1283 lambere,
264 1226 361 1290 quam
375 1203 550 1269 medullam
569 1203 717 1269 intimam
732 1202 909 1290 degustare,
926 1204 1002 1270 dum
1020 1208 1258 1294 proportionum

92 1316 246 1375 naturam
261 1304 519 1394 contemplamur.
552 1306 707 1375 Succedet
720 1306 797 1373 huic
813 1308 930 1397 θεωρίᾳ
943 1308 983 1375 de
998 1312 1257 1397 magnitudinum

93 1412 158 1477 situ
177 1410 235 1477 vel
253 1410 408 1498 positione
427 1409 647 1492 determinati,
662 1434 742 1498 qua,
756 1412 852 1478 simul
874 1438 946 1480 cum
968 1416 1107 1501 ipsarum
1130 1440 1258 1505 propor-

93 1514 197 1593 tione,
219 1512 395 1599 figurnrum
419 1513 508 1579 varia
532 1514 709 1579 similitudo
735 1525 867 1595 censat,
894 1526 926 1583 et
955 1518 1128 1583 multifaria
1155 1518 1258 1586 diver·

95 1616 197 1696 sitas3
226 1626 297 1681 tum
314 1615 353 1680 de
370 1616 634 1703 consequentibus
656 1618 715 1683 has
737 1619 995 1705 magnitudinum
1010 1623 1186 1708 speciebus,
1203 1644 1260 1688 seu

95 1720 331 1787 convenientiis
344 1742 382 1785 ac
400 1712 586 1787 differentiis
606 1722 780 1809 specificis3
804 1722 878 1789 dein
898 1724 937 1789 de
957 1734 1046 1789 motu
1065 1748 1127 1812 quo
1147 1748 1260 1813 proge-

96 1833 252 1889 nerantur
265 1822 520 1909 magnitudines:
544 1823 584 1889 de
598 1824 650 1889 his
668 1824 822 1911 (inquam)
841 1826 986 1892 succedet
1001 1826 1162 1913 dispicere.
1208 1827 1260 1895 Ita

96 1936 269 2014 postquam
284 1925 442 2013 pleraque,
454 1927 613 2014 praecipua
626 1928 749 2009 saltem,
762 1929 869 1993 omnia
878 1929 1136 2016 magnitudinum
1151 1953 1260 2020 symp-

98 2039 230 2109 tomata,
242 2052 315 2117 qnae
329 2029 565 2096 Mathematicis
579 2031 708 2118 quidem
723 2034 974 2114 substernuntur,
988 2044 1043 2100 aut
1058 2035 1260 2122 implicantur

98 2134 345 2221 hypothesibus,
365 2144 526 2221 utcunque
544 2135 816 2222 perlustravimus,
836 2136 870 2201 iu
890 2160 970 2218 eam,
991 2162 1011 2203 a
1031 2162 1094 2226 qua
1112 2140 1260 2226 primitus

101 2236 239 2323 digressi
264 2259 385 2316 summ,
412 2237 548 2304 orbitam
572 2247 774 2319 revertentes,
803 2238 841 2305 de
867 2239 1098 2327 hypothesibus
1123 2242 1202 2330 ipsis
1228 2253 1260 2309 et

100 2339 233 2427 reliquis
246 2341 412 2429 principiis
429 2342 633 2429 particularia
649 2341 805 2429 quaedam,
822 2365 893 2429 quae
906 2362 946 2409 'se
967 2344 1184 2431 suggesserint
1204 2348 1261 2413 ob·

102 2455 232 2510 servam
254 2443 365 2531 digna,
390 2444 498 2510 licebit
523 2444 557 2508 in
580 2444 721 2509 medium
745 2444 924 2531 producere.
971 2444 1095 2523 Quibus
1122 2446 1261 2512 defuncti

103 2548 241 2635 ineptiis
260 2548 355 2614 adid
374 2548 468 2635 quod,
489 2548 524 2614 ui
547 2548 630 2613 male
650 2548 791 2628 memini,
809 2548 876 2635 jam
900 2548 975 2614 olim
998 2550 1133 2637 polliciti
1152 2572 1262 2615 sumus

105 2652 301 2719 conferemus
316 2673 453 2739 operam,
469 2660 505 2717 ut
526 2649 762 2717 Mathematicae
782 2649 903 2716 scilicet
921 2650 1261 2719 inventionis-modum

106 2777 313 2843 exponamus.

167 2858 244 2923 Erit
258 2869 365 2925 autem
382 2858 467 2946 quod
481 2858 676 2945 gratulemm
685 2858 787 2939 nobis,
801 2857 828 2923 si
839 2858 1035 2946 propositum
1050 2858 1110 2924 hoc
1124 2860 1263 2927 stadium

109 2960 200 3048 hujus
226 2962 314 3027 intra
338 2962 465 3027 termini
491 2962 657 3027 decursum
683 2961 815 3041 emetiri,
838 2960 890 3026 vel
916 2970 1075 3049 utcunque
1099 2984 1140 3027 ex
1163 2962 1262 3029 animi

110 3065 264 3131 mutantis
278 3065 429 3132 conficere
446 3066 628 3153 poterimus.
673 3062 737 3129 His
757 3063 792 3129 in
811 3074 1008 3130 antecessum
1028 3066 1202 3153 praelibatis
1222 3068 1263 3132 ad

110 3170 261 3236 rationem
276 3192 334 3236 seu
347 3169 579 3257 proportionem
594 3168 816 3235 excutiendam
832 3168 1027 3236 accedamus.

170 3272 344 3339 Rationem
368 3284 400 3339 et
421 3273 654 3362 proportionem
680 3272 765 3360 quod
787 3274 901 3339 attinet
926 3274 1006 3359 (haec
1027 3275 1112 3340 enim
1134 3276 1265 3340 nomina

110 3376 172 3460 jam
186 3378 273 3465 apud
288 3378 454 3465 plerosque
467 3376 583 3443 Latine
598 3376 770 3443 scribentes
786 3375 964 3460 ἰσοδύναμα
979 3378 1064 3461 sunt)
1079 3401 1149 3443 cam
1158 3378 1263 3446 Graeci

113 3479 277 3567 designant
290 3482 446 3547 vocabulo
464 3480 570 3563 λόγος,
590 3502 653 3567 quo
672 3490 755 3546 certe
774 3482 832 3545 vix
854 3478 956 3544 ullum
977 3480 1129 3545 succurrit
1148 3480 1183 3543 in
1202 3480 1265 3545 ista

116 3581 223 3670 lingua
250 3586 354 3671 magis
383 3608 498 3673 auceps
527 3595 560 3650 et
589 3583 791 3667 πολύσημον.
839 3582 1045 3669 Significatus
1075 3584 1143 3668 ejus
1169 3605 1264 3669 quam

117 3685 263 3773 plurimos
276 3711 437 3755 recensere
453 3712 517 3754 non
535 3690 593 3755 abs
614 3688 792 3775 reputavit
811 3686 925 3753 Theon
947 3684 1146 3773 Smymaeus⁸
1167 3708 1266 3774 expo-

118 3789 225 3859 sitione
239 3814 348 3859 eorum
366 3816 438 3880 quae
457 3791 498 3858 ad
517 3791 662 3858 Platonis
682 3790 851 3857 lectionem
871 3790 1047 3856 neccssaria
1064 3798 1149 3855 sunt.
1193 3788 1266 3875 Ego

119 3914 188 3959 vero
200 3895 336 3961 nimium
350 3895 542 3982 philologus,
557 3904 590 3961 et
604 3894 667 3978 ἔξω
685 3892 795 3976 λόγου,
812 3893 872 3959 hoc
888 3903 946 3973 est,
963 3902 1054 3958 extra
1071 3889 1266 3981 propositum

119 3995 234 4065 viderer
258 3998 397 4085 evagari,
421 3997 449 4063 si
474 3996 526 4063 vel
551 3997 735 4065 exscribens
764 4016 837 4061 eum
867 3995 919 4062 vel
948 3994 1078 4061 imitans
1111 3993 1208 4082 (quod
1232 3993 1267 4061 in

243 4144 253 4176 ¹
272 4144 323 4209 [De
333 4143 423 4209 tileth]
435 4144 497 4208 Psg.
511 4145 548 4193 18.
708 4142 719 4174 ¹
737 4142 825 4192 Titos
988 4140 998 4173 ³
1016 4142 1078 4207 Gap.
1097 4142 1136 4191 18.

169 4440 225 4496 'I'hc
241 4440 444 4496 mnsideration
462 4442 493 4495 ot
508 4440 671 4510 Propertiou
689 4440 713 4494 is
730 4441 887 4510 important.

169 4526 300 4583 biberent
316 4527 458 4597 meanings
476 4528 506 4582 of
519 4531 601 4593 λόγος.
