3167 5192
106 416 194 468 cuer.
209 404 306 491 m]
442 419 630 473 mensores
649 419 924 473 semmurum.
1196 403 1261 471 333

106 584 278 663 καλείσθω,
303 610 377 676 que
399 610 488 655 mera
515 597 565 655 est
586 588 736 656 vocabuli
765 587 927 673 ἀνάλογον
956 587 1137 678 explicatio.
1181 586 1264 657 Mox

106 699 216 770 sutem,
234 690 412 779 interjectis
427 692 532 760 solnm
551 693 742 781 inaequalem
761 692 916 760 rationem
935 692 1124 760 habentium
1148 692 1262 759 defini-

105 790 249 873 tionibus,
264 792 451 878 ’Asmla
464 794 500 862 δὲ
515 794 589 863 ἐστὶ
601 794 713 879 λόγων
726 794 883 879 ὁμοιότης.

166 896 385 975 Quamobrem
403 898 553 965 Euclidis
574 910 714 966 mentem
739 898 828 965 haud
853 898 973 986 optime
996 899 1081 987 cepit
1104 896 1262 979 Borellus,

106 1016 173 1061 enm
192 999 363 1065 existimat
376 1023 451 1067 eum
470 1000 555 1069 hauc
574 1001 664 1069 velut
682 1001 893 1081 essentialem,
914 1012 947 1067 et
963 999 1170 1068 scientificum
1187 1023 1264 1067 ane

107 1097 194 1185 logn‘se
208 1100 433 1169 definitionem
447 1126 640 1191 proponere;
660 1126 796 1192 cumque
811 1112 918 1171 censet
932 1125 974 1169 ex
988 1103 1133 1170 Euclidis
1146 1112 1262 1185 mente,

107 1203 261 1271 ratium
278 1204 528 1271 similitudinem
545 1228 606 1272 ceu
621 1216 731 1273 noum
747 1216 781 1272 et
795 1206 932 1294 primam
950 1206 1107 1293 analogiae
1124 1206 1265 1295 proprie-

108 1316 197 1372 tatem
214 1308 389 1395 assim.
433 1308 491 1374 Nil
510 1308 577 1376 tale
594 1309 753 1397 cogittsse
771 1308 899 1377 ridetur
915 1310 964 1391 is;
986 1320 1109 1377 etcum
1128 1309 1264 1377 subinde

108 1430 168 1475 vox
180 1409 353 1497 analogiae,
365 1410 419 1477 vel
432 1408 596 1495 ὼάλαγον
609 1410 841 1493 obserationis
852 1412 1065 1500 equalitatem
1078 1414 1264 1481 concinnius

109 1512 285 1597 exprimens
307 1523 345 1581 et
366 1513 534 1596 concisius,
558 1514 717 1581 interdum
737 1514 922 1602 usurpanda
941 1514 1110 1595 videretur,
1126 1538 1207 1596 eam,
1223 1539 1264 1583 ne

112 1613 183 1698 quid
195 1614 348 1701 ignorata
369 1615 566 1683 discentibus
586 1616 752 1684 facesseret
770 1616 901 1703 negotii,
923 1616 976 1683 vel
996 1616 1144 1703 caliginis
1163 1618 1266 1685 effun-

111 1714 199 1791 deret,
213 1718 415 1806 explicatam
429 1718 533 1785 voluit
546 1719 631 1785 dare.

169 1817 274 1899 Quare
293 1844 360 1889 nce
372 1821 542 1889 Euclidem
561 1822 674 1889 merito
690 1829 793 1902 taxat,
812 1822 924 1907 (taxat,
940 1821 1082 1907 inquam,
1101 1842 1144 1887 ex
1163 1820 1266 1909 hypo-

73 1944 78 1955 ’
112 1920 188 1987 thesi
203 1922 292 2010 qnod
307 1922 466 1991 Euclides
484 1924 580 1989 ianm
598 1922 815 1989 definitionem
832 1922 1020 2007 tradiderit)
1043 1922 1136 2011 qnasi
1156 1945 1266 2010 super-

113 2024 169 2091 flue
185 2050 352 2115 praveque
372 2028 465 2095 binus
480 2028 623 2113 ejusdem
641 2027 689 2093 rei
705 2027 906 2095 definitiones
920 2026 1135 2095 exhibentem.
1179 2026 1266 2093 Nam

114 2130 237 2197 eandem
271 2130 329 2199 vel
361 2129 517 2217 aqualem
545 2129 701 2196 rationem
734 2128 921 2197 habentium
955 2130 1083 2197 unicam
1117 2129 1267 2197 exhibuit

115 2240 213 2299 revers
225 2232 451 2301 definitionem
462 2231 652 2319 generalem,
666 2254 724 2320 per
736 2232 937 2301 essentialem
951 2233 1110 2321 quandam
1125 2233 1266 2321 ipsorum

116 2336 305 2421 passionem
342 2336 421 2423 quin
442 2345 550 2403 antem
571 2344 723 2423 praeterea
749 2335 904 2401 rationem
933 2335 1085 2403 habentia
1112 2334 1267 2423 aqualem

117 2438 259 2525 appellari
287 2438 451 2523 ἀνάλογα,
476 2439 693 2505 strationem
718 2437 919 2505 identitatem
944 2438 998 2504 vel
1024 2436 1266 2505 similitudinem

116 2539 204 2607 istam
217 2544 378 2633 meoloye‘oe
392 2564 518 2630 quoqne
535 2541 666 2607 nomine
679 2539 839 2627 designari
857 2540 1067 2621 submoneret,
1084 2536 1162 2626 quid
1177 2538 1268 2605 obse·

118 2666 167 2710 cro
174 2646 267 2732 justae
281 2667 391 2713 eausae
405 2644 518 2711 debuit
531 2640 712 2731 impedire?
754 2640 827 2707 Imo
846 2640 924 2707 ntis
944 2640 1059 2709 habuit
1078 2662 1181 2707 cause
1199 2641 1266 2707 vim

119 2744 265 2816 delarue
278 2746 444 2829 vocabuli,
458 2746 619 2835 plerisque
633 2744 739 2810 forsan
753 2743 867 2831 ignoti.

176 2850 295 2919 Fraudi
319 2873 396 2918 vcro
413 2849 511 2917 fuisse
529 2847 658 2916 videtur
676 2846 892 2913 eruditissimo
908 2844 988 2927 viro,
1007 2844 1093 2933 quod
1110 2845 1145 2913 in
1160 2845 1270 2913 Olari-

122 2951 466 3043 mannestando
475 2950 635 3039 plerisque
645 2949 885 3017 Elementorum
897 2946 1098 3031 editionibus,
1114 2950 1269 3037 endogiae

123 3053 280 3145 descriptio
299 3056 375 3123 loco
393 3077 453 3121 sno
468 3053 588 3141 legitur
606 3062 729 3133 emota3
751 3060 785 3118 et
804 3050 943 3117 anterim
959 3061 1103 3139 protensa
1121 3063 1269 3140 quartum

124 3156 209 3225 isthic
227 3158 340 3227 locum
361 3166 503 3246 occupat,
525 3177 598 3244 qne
615 3156 687 3243 jure
707 3154 884 3241 meritoque
905 3152 1027 3221 Grecis
1048 3156 1083 3221 in
1108 3156 1269 3223 codicibus

125 3272 225 3331 octava
244 3272 444 3331 numeratur.
487 3260 602 3347 Itaque
618 3258 791 3325 rectissim0
808 3256 950 3325 suboluit
967 3259 1171 3327 nasutisaimo
1188 3260 1269 3341 viro,

128 3363 362 3457 descriptionem
375 3366 470 3431 istam
489 3364 560 3431 loeo
573 3386 669 3452 quem
685 3362 812 3430 obsidet
826 3361 991 3428 infernam
1009 3370 1145 3441 temere;
1168 3384 1270 3449 neque

127 3465 221 3535 forsan
240 3470 275 3536 in
299 3490 396 3535 snum
416 3466 558 3533 ordinem
578 3464 749 3552 repositum
774 3464 820 3529 ita
844 3462 1036 3549 sugillesset.
1081 3461 1271 3549 Quanquam

128 3582 266 3655 praeterea
286 3594 354 3639 non
376 3570 512 3639 diffiteor
530 3566 694 3635 Elemeuti
715 3564 830 3647 Quinti
844 3564 1043 3630 definitiones
1057 3563 1209 3630 attentius
1222 3565 1273 3630 in·

129 3676 283 3759 specmuti,
299 3672 448 3742 nonnihil
463 3672 499 3738 in
514 3671 556 3737 iis
574 3669 804 3757 exscriptorum
818 3665 913 3753 culpe
925 3664 1028 3731 videri
1046 3667 1272 3753 transpositum

131 3797 164 3840 se
175 3778 393 3859 immutatum
415 3780 481 3865 qut
499 3775 539 3843 de
557 3798 592 3842 re
611 3795 676 3841 nou
695 3782 745 3841 est
758 3778 972 3859 opportunum
992 3768 1187 3857 conjecturas
1200 3792 1273 3857 pro-

132 3876 212 3947 ferre.

190 3980 274 4063 Quin
294 4006 333 4051 eo
349 3982 456 4072 potins
477 3978 684 4067 wcingimur,
704 3986 743 4045 ut
764 3975 851 4063 quod
871 3976 908 4041 in
929 3974 990 4043 hte
1010 3973 1145 4043 materie
1164 3975 1275 4063 praei».

134 4101 223 4167 puum
236 4095 293 4169 eet,
308 4084 440 4175 equalis
457 4082 590 4152 radonis
603 4079 657 4148 vel
672 4078 828 4167 analogia
843 4077 1059 4147 definitionem
1074 4077 1275 4167 exploremus

181 4414 936 4479 mamnmmmereeeneeenen.

185 4500 936 4579 inmenenamrpneonuaeunuuen
