3167 5192
340 354 405 423 :so
676 368 863 421 snorrouas
886 368 1159 429 uernansrroa.
1308 358 1404 436 [arca
1417 371 1463 421 rr.

406 542 562 631 De‘niqne,
588 564 629 609 ne
653 542 714 609 sim
739 540 824 609 ultre
849 540 952 622 taedio,
978 541 1114 609 monebo
1132 551 1244 631 praetar
1267 541 1334 609 haec
1355 549 1465 621 tantum

339 647 531 737 praecipuam
551 644 764 734 asymmetriae
784 645 939 711 rationem
959 644 994 710 in
1008 644 1070 712 hoc
1087 644 1190 712 videri
1205 644 1363 713 fundatam
1371 670 1380 726 ;
1399 643 1467 731 quod

339 774 412 817 cum
426 750 509 817 inter
523 750 602 816 duos
616 770 763 815 numeros
777 749 892 836 planos
908 748 972 814 sibi
992 748 1113 815 similes
1135 749 1207 836 (hoo
1220 757 1279 830 est,
1299 748 1353 835 qui
1366 769 1467 836 procre-

338 863 433 919 antur
455 877 497 920 ex
518 853 781 942 multiplicatione
805 875 1008 919 numerorum
1030 852 1113 919 inter
1138 876 1172 919 se
1199 850 1465 941 proportionalium)

337 981 461 1047 semper
485 958 623 1025 inveniri
647 958 749 1047 possit
772 956 898 1023 medius
920 980 1070 1025 numerus
1093 956 1332 1047 proportionalis
1357 954 1466 1043 (quippo
1539 971 1540 1016 i

338 1062 509 1151 productus
523 1087 541 1130 e
555 1063 695 1129 numeris
714 1062 821 1151 plenis
836 1060 995 1127 similibus
1015 1061 1050 1127 in
1064 1084 1099 1128 se
1113 1060 1332 1150 multiplicatis
1347 1069 1392 1128 cst
1403 1082 1467 1127 sen·

338 1190 394 1255 per
408 1189 558 1234 numerus
573 1166 754 1254 quadratis,
777 1165 869 1253 cujus
886 1164 981 1231 radix
994 1178 1044 1233 est
1057 1164 1119 1232 iste
1132 1188 1282 1233 numerus
1296 1164 1468 1252 proportione

338 1270 487 1357 medius),
503 1272 580 1338 item
595 1272 677 1337 inter
691 1270 811 1337 solidos
825 1270 905 1336 duos
924 1267 1045 1335 similes
1065 1292 1213 1335 numeros
1227 1292 1348 1356 semper
1360 1268 1468 1335 interos·

295 1436 304 1461 ,
338 1372 420 1439 dunt
438 1374 501 1441 duo
521 1374 618 1441 medii
635 1372 902 1462 proportionales:
925 1383 958 1438 et
971 1372 1041 1460 pari
1062 1372 1156 1439 modo
1178 1371 1257 1439 duos
1276 1372 1355 1439 inter
1371 1370 1469 1438 similes

337 1477 545 1567 planopianos
567 1476 683 1544 duntur
707 1488 771 1543 tres
796 1476 997 1565 proportione
1021 1476 1127 1557 medii,
1152 1498 1191 1542 ao
1211 1476 1258 1542 its
1278 1498 1366 1565 porro
1383 1472 1468 1562 quoad

287 1602 290 1609 ·
337 1579 475 1668 reliquas
496 1580 659 1647 ulteriores
685 1579 889 1667 imaginarias
915 1579 1146 1661 dimensiones3
1176 1602 1261 1661 cnm,
1290 1577 1470 1666 inqmm,in

337 1682 496 1751 similibus
516 1683 656 1751 numeris
674 1684 720 1749 ita
736 1706 771 1749 se
790 1706 840 1751 res
861 1683 968 1766 habet,
991 1682 1087 1771 idque
1108 1683 1339 1751 demonstretur
1358 1683 1390 1748 iu
1407 1680 1468 1746 Ela-

250 1788 253 1793 ’
337 1788 462 1869 mentis,
485 1788 614 1855 omnino
636 1810 726 1855 secus
747 1787 864 1855 eccidit
884 1788 920 1852 in
940 1788 1080 1855 numeris
1101 1787 1218 1876 planis,
1240 1788 1359 1868 solidis,
1377 1786 1469 1875 plano·

336 1888 451 1977 planis,
474 1900 506 1957 et
527 1890 657 1977 reliquis
679 1889 907 1958 dissimilibus:
933 1913 1007 1956 nam
1030 1912 1072 1957 ex
1092 1899 1182 1979 parte
1202 1890 1250 1957 rei
1272 1890 1375 1957 nullus
1394 1888 1469 1955 datr:

336 1992 417 2058 inter
436 1992 548 2080 plenos
568 1993 646 2059 duos
666 1992 838 2061 dissimiles
859 2015 1008 2059 numeros
1029 1992 1154 2060 medius
1173 1991 1409 2082 proportionalis
1422 2011 1469 2055 nn-

335 2118 459 2178 merus;
481 2119 540 2164 nec
561 2096 643 2163 inter
664 2095 784 2163 solidos
806 2095 978 2163 dissimiles
1001 2096 1073 2178 duo,
1100 2119 1160 2163 nec
1180 2098 1266 2165 inter
1285 2094 1468 2186 planopianos

335 2207 407 2280 tres,
423 2222 461 2266 sc
475 2200 521 2267 ito
534 2200 701 2290 deinceps;
724 2200 758 2265 id
771 2199 858 2289 quod
873 2199 969 2266 etism
987 2199 1107 2268 ibidem
1122 2200 1311 2269 ostenditur.
1351 2196 1468 2267 Undesi

335 2302 398 2370 duo
420 2313 540 2392 quanto
561 2314 719 2393 ponantur
739 2304 857 2371 habere
878 2326 912 2371 se
934 2304 968 2369 in
989 2304 1112 2371 ratione
1133 2303 1270 2371 duorum
1291 2322 1467 2372 numerorum

333 2405 501 2495 plenorum
523 2406 735 2488 dissimilium,
759 2415 791 2472 et
812 2406 882 2473 haec
903 2406 987 2474 inter
1011 2417 1130 2493 quanto
1155 2408 1331 2496 reperietur
1349 2404 1466 2473 modim

332 2510 573 2600 proportionale,
590 2510 676 2598 qnod
689 2518 842 2598 perpetuo
856 2508 925 2577 fieri
939 2519 1045 2598 potest
1062 2511 1104 2579 ob
1123 2510 1324 2579 indefinitam
1340 2511 1467 2597 cujusque

334 2615 446 2701 quanti
460 2613 722 2695 divisibilitetem,
743 2611 852 2679 nullus
869 2612 993 2679 extabit
1007 2636 1157 2680 numerus
1173 2614 1207 2679 in
1221 2615 1371 2681 universa
1384 2630 1468 2678 rerum

334 2722 456 2798 nsunt,
477 2716 534 2805 qui
553 2724 755 2803 representet
775 2713 836 2780 hoc
856 2725 1021 2801 quantum,
1041 2715 1141 2785 antei
1159 2716 1356 2805 respondeat,
1370 2724 1399 2781 et
1409 2706 1468 2777 con·

335 2828 500 2906 sequenter
514 2817 584 2898 hoc,
596 2817 662 2883 illis
675 2816 777 2906 primo
788 2815 911 2905 positis,
922 2838 1042 2904 perque
1050 2839 1198 2884 numeros
1208 2818 1375 2906 expressis,
1386 2812 1468 2896 dodu-

331 2944 448 3006 μετρον
465 2920 533 2987 erit.
578 2919 701 2987 Eodem
719 2918 872 3001 discursu,
893 2918 922 2986 si
944 2919 1028 2985 inter
1050 2919 1114 2987 duo
1137 2929 1260 3007 quanta
1283 2916 1467 2987 dissimilibus

331 3023 471 3089 numeris
501 3022 611 3089 solidis
640 3044 789 3112 expressa
817 3022 880 3090 duo
914 3023 1109 3112 reperiantur
1136 3034 1259 3110 quanta
1293 3021 1466 3113 proportione

331 3123 435 3191 media
464 3124 561 3211 (quod
586 3134 618 3189 et
639 3124 684 3189 rei
705 3130 820 3191 nature
840 3125 977 3214 patietur
997 3125 1079 3211 fieri)
1109 3125 1236 3194 nullum
1263 3138 1340 3208 tota,
1368 3130 1468 3214 quauts

330 3238 450 3315 quanta
470 3238 528 3309 est,
549 3250 752 3295 numerorum
770 3229 868 3295 series
885 3229 1101 3318 suppeditabit
1119 3229 1208 3299 hisce
1225 3226 1467 3321 repraesentandis

329 3332 479 3401 idoneum
500 3354 685 3413 numerum;
708 3330 850 3420 adeoque
869 3334 938 3399 haeo
957 3345 1102 3423 respectu
1120 3347 1313 3423 quantorum
1330 3331 1467 3423 exposito

328 3461 399 3505 rum
414 3437 589 3505 ineffabilis
602 3458 729 3525 prorsus
744 3447 846 3517 erunt,
862 3446 895 3503 et
908 3436 1249 3507 incommensurabilis.

394 3540 491 3609 Unde
512 3549 600 3631 petat
621 3540 655 3605 in
678 3548 870 3619 transcursu,
893 3539 979 3625 quod
1003 3563 1205 3609 numerorum
1230 3566 1328 3631 quam
1352 3539 1467 3607 aliorum

327 3666 587 3733 quorumcunque
609 3651 800 3730 quantorum
821 3641 974 3709 infinities
995 3644 1174 3725 restrictior,
1197 3655 1230 3712 et
1251 3645 1344 3733 quasi
1366 3661 1467 3732 paupe·

327 3750 390 3815 rior
410 3750 453 3815 sit
470 3760 602 3829 natum
625 3744 825 3835 paucissimis
844 3745 940 3825 enim,
962 3763 1140 3835 comparate
1161 3747 1330 3835 loquendo,
1351 3750 1468 3834 quanto·

326 3876 397 3919 rum
414 3851 670 3941 proportionibus
690 3848 907 3938 exprimendis
927 3850 1096 3932 sufficiunt,
1118 3862 1174 3917 aut
1194 3852 1346 3917 inservire
1364 3848 1464 3923 valent,

326 3954 449 4023 numeri
463 3954 633 4021 rationales
649 3975 706 4019 seu
720 3952 885 4038 vulgares:
908 3974 968 4019 nec
981 3952 1074 4019 aliter
1088 3953 1297 4041 plerarunque
1310 3952 1466 4040 figurem

385 4228 442 4283 The
456 4225 566 4297 ground
576 4226 608 4281 ot
616 4225 912 4299 incommensurability
923 4228 1054 4287 sesms'to
1065 4228 1158 4287 reside
1168 4230 1198 4284 in
1209 4228 1274 4299 this
1286 4226 1349 4283 tbst
1358 4224 1467 4280 bom

325 4314 489 4372 dissimilar
508 4313 597 4384 ploos
620 4314 751 4371 numbers
768 4314 848 4372 there
863 4331 915 4372 can
930 4314 967 4371 be
984 4330 1021 4372 no
1039 4332 1120 4373 mean
1138 4314 1332 4389 proportional.
1365 4303 1465 4380 (basii.

325 4400 358 4545 B..
368 4400 467 4557 1{licre
477 4502 526 4544 are
537 4486 580 4543 lar
592 4487 674 4543 lower
686 4487 713 4543 N
714 4488 826 4545 umbcrs
839 4488 907 4549 than
918 4506 970 4560 aoy
982 4488 1063 4545 other
1073 4486 1142 4546 lrind
1152 4488 1183 4545 ol
1193 4486 1352 4555 Quantitics
