3167 5192
164 404 260 463 Lacr.
276 396 322 482 a]
471 409 659 461 nncrrosrs
679 409 922 462 uaounrrrcac
1167 388 1232 460 165

167 565 332 652 cognitum
354 563 497 645 definiri;
520 586 579 630 nec
600 563 672 630 idco
693 563 845 652 temporis
862 563 1073 651 quantitatem
1091 586 1110 630 e
1127 573 1232 647 motu,

167 666 226 733 sed
249 676 355 733 motus
378 665 590 754 quantitatem
613 689 633 730 a
655 675 796 753 tempore
822 663 1042 747 determinari;
1070 665 1118 733 nil
1143 666 1231 734 enim

167 769 274 834 obstat
288 768 473 855 quominus
487 777 614 855 tempus
629 776 662 832 et
675 777 781 832 motus
797 766 865 834 hec
876 766 939 833 sibi
954 776 1066 834 mutuo
1079 775 1233 855 prestent

168 871 279 938 officia.
297 955 304 964 ¹
325 871 411 939 Sane
433 870 535 938 veluti
555 870 695 958 spatium
714 893 757 936 ex
777 869 887 957 aliqut
908 869 1047 958 primum
1068 870 1231 958 magnitu-

168 974 243 1041 dine
268 975 426 1055 metimur,
450 984 484 1040 et
507 983 661 1062 quantum
687 973 730 1039 sit
756 973 919 1054 discimus,
944 997 963 1040 e
989 974 1093 1060 spatio
1122 983 1233 1062 postea

168 1079 307 1168 reliquas
328 1080 359 1145 ei
379 1101 534 1167 congruas
556 1077 793 1165 magnitudines
807 1078 1021 1158 aestimamus3
1044 1077 1091 1142 ita
1104 1085 1234 1165 tempu⁸

168 1183 272 1272 primo
289 1193 437 1249 taxamus
459 1205 477 1248 e
498 1193 588 1248 motu
606 1181 754 1269 quodam,
774 1191 887 1269 postea
906 1190 1010 1246 motus
1029 1179 1169 1268 reliquos
1191 1203 1234 1248 ex

170 1307 208 1352 co
230 1283 462 1372 dijudicamus3
485 1283 572 1370 quod
588 1282 683 1370 plane
698 1282 781 1349 nihil
796 1293 844 1348 est
859 1281 949 1349 aliud
963 1304 1058 1370 quern
1073 1282 1233 1352 mediante

170 1399 309 1475 tempore
324 1398 429 1453 motus
440 1387 522 1452 alios
533 1409 605 1452 cum
621 1385 693 1451 aliis
707 1407 905 1473 comparar03
929 1385 1011 1452 sicut
1025 1395 1058 1452 et
1071 1384 1234 1452 medianto

172 1491 275 1578 spatio
298 1489 557 1576 magnitudinum
578 1489 664 1554 inter
676 1511 711 1554 se
724 1489 864 1555 rationes
879 1488 1121 1575 investigamus.
1166 1485 1231 1569 Qui

171 1591 324 1658 nimirum
346 1614 364 1658 e
385 1602 563 1679 temporum
585 1589 786 1678 proportione
806 1598 950 1655 motuum
965 1589 1088 1676 colligit
1102 1611 1232 1678 propor-

175 1695 306 1774 tionem,
327 1694 375 1758 nil
399 1694 488 1760 aliud
507 1717 603 1782 quam
625 1716 667 1759 ex
690 1715 881 1779 organorum
903 1691 1165 1778 horologicorum,
1180 1691 1233 1760 vel

174 1817 217 1860 ex
231 1794 383 1860 solarium
397 1804 541 1861 motuum
559 1793 657 1860 simul
672 1793 873 1860 decursorum
897 1793 1097 1881 proportione
1114 1792 1233 1860 dictam

175 1896 262 1964 elicit
276 1908 420 1962 motuum
434 1896 599 1963 rationem.
643 1895 739 1976 Quod
751 1905 834 1962 certe
849 1895 941 1975 vidit,
957 1905 991 1963 et
1004 1905 1113 1962 exerte
1128 1895 1236 1965 docuit

174 2001 383 2066 Arratotelea:
409 1998 446 2066 ori
466 1998 565 2086 μόνον
591 1999 719 2086 (inquit)
747 1998 809 2081 τὴν
830 1998 957 2080 κίνησιν
981 2003 1028 2089 τῷ
1052 1999 1161 2090 χρόνῳ
1178 2025 1234 2084 με·
1248 2034 1325 2100 pq„
1338 2046 1376 2087 Π,

176 2106 321 2191 τροῦμεν,
337 2101 429 2170 ἀλλὰ
447 2103 503 2170 rol
524 2105 564 2188 τῇ
585 2099 710 2185 κινήσει
731 2101 787 2170 τὸν
808 2101 926 2192 χρόνον
948 2100 1000 2169 διὰ
1018 2102 1056 2170 τὸ
1073 2102 1236 2192 ὁρίζεσθαι
1251 2101 1288 2151 ¹⁸·

175 2205 230 2275 ὑπ’
247 2206 415 2291 attritur.
459 2206 568 2287 Porro,
584 2206 661 2293 quia
681 2216 818 2294 tempus,
833 2217 870 2272 ut
884 2214 1056 2286 ostensum,
1071 2218 1236 2295 estquan·

175 2319 246 2376 tum
268 2309 468 2376 uniformiter
490 2319 669 2388 extensum,
693 2309 785 2396 cujus
807 2331 917 2375 omnes
939 2319 1044 2397 partes
1068 2310 1236 2397 oequsbilis

176 2424 283 2480 motus
303 2413 449 2500 partibus
474 2410 668 2498 respectivis,
691 2432 749 2478 seu
770 2411 945 2498 spatiorum
970 2412 1121 2499 aequabili
1144 2420 1235 2479 motu

177 2526 375 2604 peractorum
389 2513 533 2601 partibus
548 2510 748 2600 proportione
761 2512 963 2600 respondent,
975 2512 1077 2600 possit
1091 2512 1126 2580 id
1140 2535 1237 2602 quam

178 2619 298 2705 optime
319 2639 375 2705 per
398 2615 654 2702 magnitudinem
671 2615 848 2704 quamlibet
869 2614 1040 2705 ὁμοιομερῆ
1062 2638 1234 2705 repraesen-

179 2720 250 2800 tari,
266 2719 328 2786 hoc
341 2728 389 2786 est
403 2717 504 2786 menti
517 2727 634 2784 nostroe
651 2741 709 2784 seu
724 2716 902 2806 phantasiae
917 2718 1067 2807 propoui;
1090 2742 1146 2807 per
1161 2719 1238 2786 sim·

179 2821 371 2910 plicissimas
384 2821 571 2908 pracsertim,
588 2820 698 2907 quales
712 2830 788 2886 sunt
802 2820 887 2887 lines
900 2831 994 2902 recta,
1011 2832 1043 2887 et
1057 2821 1237 2904 circularis3

179 2926 371 3013 quibuscum
393 2924 490 2992 etiam
505 2934 538 2992 et
551 2934 693 3012 tempore
714 2924 941 2992 similitudines
955 2936 987 2992 et
1002 2925 1157 3013 analogiae
1173 2949 1239 2994 non·

178 3051 287 3118 paucae
301 3028 510 3095 intercedunt.
556 3027 773 3116 Praeterquam
786 3027 874 3095 enirn
890 3029 977 3115 quod
991 3040 1118 3119 tempus
1132 3041 1238 3119 partas

180 3133 278 3198 habet
303 3133 433 3199 omnino
458 3131 623 3212 similares,
646 3131 763 3198 rationi
788 3140 1035 3198 consentaneum
1059 3143 1108 3200 est
1133 3134 1240 3223 ipsum

179 3235 269 3303 velut
294 3235 389 3302 unica
418 3235 614 3301 dimensione
643 3235 812 3323 praeditum
838 3248 993 3324 quantum
1023 3236 1239 3321 considerare3

180 3341 287 3427 ipsum
310 3339 395 3405 enim
418 3338 508 3405 velut
529 3361 572 3404 ex
590 3338 730 3426 simplici
749 3340 1041 3426 supervenientium
1062 3352 1241 3408 momento-r

181 3466 253 3508 rum
276 3441 502 3520 additamento,
528 3431 647 3507 velex
672 3441 770 3508 unius
794 3442 949 3508 momenti
974 3442 1065 3528 quasi
1090 3443 1241 3512 continuo

182 3545 273 3612 fluxu
296 3546 502 3610 constitutum
525 3543 747 3629 imaginamur,
767 3553 802 3610 et
823 3543 923 3609 solam
946 3543 1078 3630 proinde
1098 3543 1241 3630 longitm

183 3648 289 3714 dinem
312 3649 342 3714 ei
365 3647 504 3714 solemus
527 3646 716 3726 attribuere3
746 3667 806 3711 nee
832 3646 901 3732 ejus
925 3644 1135 3732 quantitatem
1160 3646 1241 3714 alias

182 3774 279 3837 quam
293 3773 336 3818 ex
351 3751 443 3817 lineae
456 3749 595 3816 decursae
616 3747 817 3835 longitudine
835 3747 1090 3816 determinamus.
1136 3748 1238 3833 Sicut,

182 3843 323 3942 inquam,
343 3855 428 3919 linea
446 3854 555 3940 puncti
572 3852 708 3940 promoti
726 3859 871 3918 censetur
890 3852 1073 3938 vestigium,
1088 3875 1109 3918 a
1121 3862 1239 3941 puncto

183 3956 304 4023 habens
314 3954 609 4043 quodaliquatanus
620 3952 856 4040 [in]divisibilis
867 3953 919 4034 sit,
931 3976 951 4018 a
961 3962 1051 4020 motu
1061 3975 1137 4021 vero
1152 3953 1239 4042 quod

182 4081 248 4127 uno
261 4052 365 4134 inodo,
380 4056 553 4126 secundum
574 4055 818 4143 longitudinem,
834 4056 936 4122 dividi
958 4056 1077 4144 possit;
1099 4057 1146 4124 ita
1159 4066 1243 4124 tem·

182 4187 244 4253 pus
258 4164 348 4230 velut
361 4160 510 4228 instantis
524 4160 673 4226 continuo
694 4157 830 4225 labentis
846 4156 1018 4245 vestigium
1035 4159 1242 4248 concipiatur,

183 4268 226 4334 ab
245 4267 384 4332 instante
402 4263 588 4330 nonnullam
611 4260 902 4328 indivisibilitatem
926 4261 1058 4344 habens,
1076 4285 1096 4330 a
1117 4285 1241 4330 sucees-

184 4370 255 4438 sivo
276 4369 368 4436 fluxu
382 4366 468 4456 quod
483 4375 615 4434 eatenus
637 4364 797 4454 dispertiri
811 4374 917 4452 queat.
961 4363 1008 4432 Et
1029 4363 1125 4432 sicuti
1146 4365 1240 4433 lineoe

184 4473 348 4564 quantitas
361 4471 403 4542 ab
418 4471 513 4540 uniet
526 4467 727 4556 longitudine
745 4465 862 4556 pendet
877 4477 998 4571 motum
1019 4477 1244 4558 consequente,-
