3167 5192
299 410 343 477 14
637 420 824 473 anemonas
846 408 1118 476 uarnsnamcn.
1286 406 1396 492 [1111.
1416 422 1465 473 rv.

365 596 448 663 Item
466 594 627 662 advertere
644 594 720 661 licet
736 594 823 682 quod
842 593 928 683 apud
941 594 1184 661 Mathematicus
1203 618 1221 661 e
1235 596 1464 683 propositioni-

299 700 360 767 bus
381 700 519 766 inventis
540 722 578 765 ac
599 698 829 779 demonstratis,
852 698 879 763 si
901 720 972 785 quae
995 707 1070 765 sunt
1088 700 1270 785 insignioris
1291 710 1386 773 notae,
1410 698 1465 764 111

300 804 523 868 communioris
537 812 667 883 natmae,
688 808 747 868 sut
770 800 824 867 vel
843 800 1003 888 elegantis
1024 802 1074 868 vel
1092 802 1229 869 utilitate
1246 804 1378 883 nobiles,
1399 803 1466 867 11111

299 906 471 994 peritorum
492 906 639 971 examine
656 906 867 992 comprobatae
890 916 1028 991 rataeque
1047 905 1165 973 habites
1187 904 1329 971 velutin
1350 928 1466 973 censu·
1567 971 1568 974 ,

299 1010 367 1073 ales
389 1007 543 1096 quasdam
566 1008 692 1074 tabulas
714 1007 911 1095 digeruntur,
934 1008 967 1073 in
990 1009 1175 1075 thesaurum
1197 1020 1404 1097 reponuntur,
1429 1009 1465 1073 in

299 1134 386 1202 penu
407 1113 543 1201 quodam
564 1112 692 1200 publico
713 1122 923 1193 asservantur,
947 1112 1034 1178 unde
1060 1114 1152 1179 sicuti
1176 1112 1349 1200 postulabit
1372 1135 1464 1193 usus,
1563 1163 1567 1172 .

300 1216 444 1305 depromi
462 1225 604 1304 possunt,
627 1215 760 1302 aliisque
778 1238 851 1280 cum
870 1215 1101 1302 investigandis
1121 1226 1190 1281 tum
1208 1215 1466 1281 demonstrandis

301 1318 567 1409 propositionibus
584 1316 746 1383 inservire.
792 1316 888 1384 Tales
903 1318 1063 1406 pleraeque
1078 1330 1152 1385 sunt
1165 1329 1307 1385 veterum
1322 1316 1467 1384 Geome-

300 1434 420 1489 aarum
442 1418 680 1508 propositiones,
698 1440 771 1506 quse
790 1420 1047 1537 magnitudinum
1068 1420 1264 1509 quarundam
1284 1420 1388 1484 menti
1409 1442 1468 1486 no-

299 1535 375 1591 strae
389 1523 562 1613 praesertim
577 1522 741 1588 obviatum
763 1523 938 1611 praecipuas
957 1522 1112 1589 exhibent
1130 1523 1348 1610 proprietates,
1372 1525 1466 1610 (puta

301 1628 445 1695 Euclidis
459 1626 624 1699 elementa,
646 1624 809 1711 Sphaerica
823 1624 994 1691 Theodosii
996 1625 1183 1713 ,Apollonii
1199 1624 1327 1705 Genios,
1345 1625 1467 1691 Archi-

301 1732 402 1798 medis
420 1729 459 1795 de
477 1728 602 1817 sphaert
619 1737 653 1793 et
672 1726 825 1843 cylindm,
844 1728 1038 1816 reliquaque)
1065 1751 1136 1845 quae
1155 1750 1269 1816 nempe
1290 1728 1465 1795 veritatum

300 1832 572 1901 Geometricanrm
597 1831 679 1895 circa
701 1829 806 1895 varias
834 1832 982 1896 materias
1011 1832 1103 1918 quasi
1130 1830 1262 1897 totidem
1291 1831 1465 1897 seminaria

300 1945 387 2016 sunt,
417 1934 550 1999 totidem
575 1932 800 2019 promptuaria,
832 1932 871 1999 de
897 1934 1012 2021 quibus
1032 1936 1207 2000 innumera
1231 1933 1464 2014 conclusiones,

302 2060 374 2125 quae
396 2036 438 2102 ad
455 2036 533 2102 istas
552 2036 699 2101 materias
718 2037 896 2123 pertineant
917 2038 1100 2125 respective,
1119 2060 1175 2126 per
1192 2036 1319 2103 facilem
1341 2036 1465 2103 discur-

302 2162 374 2206 sum
389 2148 556 2221 eruentur;
579 2137 713 2205 totidem
727 2139 816 2206 velut
831 2139 987 2207 elementa
1000 2140 1192 2228 reliquarum
1205 2140 1303 2206 ferme
1318 2141 1465 2205 omniurn

302 2246 553 2333 propositionum
572 2245 770 2311 inventiones
791 2268 829 2311 ac
851 2246 1052 2334 probationes
1075 2246 1303 2332 ingredientia;
1327 2244 1465 2310 totidem

303 2348 438 2434 denique
459 2348 618 2436 κριτήρια,
640 2337 700 2414 vel
715 2350 807 2436 quasi
829 2349 927 2437 Lydii
949 2349 1080 2437 lapides,
1104 2349 1145 2414 ad
1166 2370 1245 2436 quos
1266 2348 1464 2435 reliquarum

301 2450 419 2519 veritas
433 2454 631 2519 examinetur
645 2464 677 2518 et
690 2454 847 2541 exigatur.

368 2556 410 2621 In
429 2556 502 2622 aliis
522 2555 699 2645 disciplinis
721 2579 810 2622 secus
833 2556 947 2622 accidit
966 2558 1151 2645 plerunque.
1195 2554 1282 2620 Nam
1303 2552 1464 2642 principia

303 2661 331 2727 si
350 2684 481 2749 quaeras,
503 2682 660 2748 nusquam
679 2658 906 2747 deprehendes,
929 2670 984 2725 aut
1004 2660 1118 2726 saltem
1136 2658 1271 2746 reperies
1291 2678 1365 2723 cum
1386 2680 1465 2723 con·

304 2764 498 2829 clusionibus
531 2763 699 2829 indiscrete
733 2764 894 2851 permista,
927 2765 1138 2850 conirrsaque3
1176 2761 1270 2850 plane
1306 2770 1462 2847 tanquam

303 2867 419 2933 AEneae
442 2876 509 2931 toto
529 2866 676 2955 disjectas
696 2890 821 2955 sequore
840 2868 974 2935 classes:
998 2868 1039 2933 Id
1058 2866 1143 2955 quod
1162 2865 1303 2932 animum
1327 2863 1465 2930 studiosi

304 2967 399 3033 valde
412 2968 528 3049 11111111,
544 2980 576 3034 11
590 2969 725 3056 impedit
739 2970 921 3036 scientiam:
945 2968 1031 3035 Nam
1045 2970 1127 3035 bene
1142 2966 1284 3045 Procius,
1305 2968 1337 3032 εἴ
1353 2992 1404 3036 rte
1418 2966 1463 3035 εἰς

305 3066 423 3135 ταύτὸν
437 3069 598 3156 συμφόρει
613 3069 671 3139 τάς
685 3096 721 3135 τε
735 3069 849 3160 ἀρχὰς,
861 3070 916 3137 καὶ
931 3069 974 3135 τὰ
988 3069 1055 3136 ἀπὸ
1070 3073 1134 3137 τῶν
1148 3068 1267 3157 ἀρχῶν,
1284 3066 1377 3140 οὗτος
1392 3068 1464 3135 ἑπι-

306 3169 458 3259 τιιράττει
478 3168 538 3252 τὴν
559 3170 738 3255 σύμπασαν
758 3176 889 3255 γνῶσιν,
914 3172 968 3238 καὶ
990 3174 1137 3261 σνγκυιιᾷ
1155 3170 1199 3237 τὰ
1217 3170 1316 3256 μηδὲν
1335 3170 1465 3259 προσή-

307 3298 405 3340 κοντα
428 3271 609 3356 ἀλλήλοιςι.
655 3272 725 3339 Nec
750 3274 891 3361 ipsarum
912 3274 1161 3362 propositionum
1184 3274 1284 3339 ullum
1307 3273 1463 3353 ordinem,

305 3377 407 3444 ullam
428 3376 493 3443 fere
514 3378 743 3445 connexionem
766 3378 970 3457 observabis3
993 3377 1071 3444 adeo
1093 3386 1130 3443 ut
1150 3378 1285 3463 singulae
1307 3378 1464 3465 cujusque

306 3480 530 3573 propositionis
549 3481 703 3569 originem
723 3480 765 3546 ad
778 3482 883 3569 prima
901 3480 1058 3569 principia
1076 3482 1221 3569 persequi
1239 3502 1390 3567 nequeas,
1405 3504 1466 3549 nec

306 3587 386 3654 adeo
407 3586 468 3652 tibi
490 3596 573 3652 certo
594 3596 737 3652 constare
754 3586 865 3673 possit,
884 3595 992 3649 utrum
1012 3607 1088 3650 vera
1111 3586 1153 3650 sit
1173 3606 1290 3665 necne;
1313 3596 1348 3650 at
1365 3586 1465 3672 juxta

306 3692 430 3757 dictum
449 3687 619 3770 Hieroclis,
640 3686 661 3771 ἡ
680 3687 853 3772 μετάθεσις
872 3687 1123 3777 παραλογίζεται
1142 3686 1201 3771 τὴν
1219 3688 1335 3776 κρισίν,
1358 3712 1466 3756 rerum

305 3792 541 3882 transpositio]
533 3792 686 3859 ‘udicium
706 3790 825 3879 decipit
844 3814 882 3856 ac
899 3792 1059 3879 pervertit.
1105 3790 1190 3857 Turn
1207 3791 1297 3857 nulla
1317 3802 1466 3880 prostant

307 3898 463 3963 elementa
481 3895 601 3983 passim
621 3894 663 3960 ob
683 3894 831 3961 omnibus
851 3894 969 3980 agnita,
990 3896 1212 3983 communique
1229 3896 1381 3983 suffragio
1398 3906 1466 3963 sta-

306 3999 409 4134 bilita,
424 3998 547 4085 adquae
562 3996 721 4063 (1111111111
735 3995 839 4063 omnis
852 3996 1003 4061 referatur
1004 3997 1168 4085 ,equibus
1182 4007 1307 4086 petatur
1320 3998 1466 4067 inventio

758 4132 1034 4199 ¹Lib....·11pagrr

362 4425 430 4480 And
446 4425 533 4483 henos
551 4428 715 4488 Collections
732 4433 764 4488 ot
779 4432 986 4489 Mathematical
1004 4431 1191 4503 Propositions
1208 4448 1256 4489 are
1273 4430 1370 4489 made:

363 4516 405 4569 As
421 4512 459 4584 by
477 4514 582 4587 11111111,
600 4518 776 4591 Tbeodosius,
796 4521 966 4593 Apollonius,
985 4520 1173 4579 Archimedes.
