3167 5192
295 410 359 479 144
633 428 821 477 uscurours
844 428 1116 478 unruuuarrcrs.
1280 416 1389 499 [uuor.
1405 430 1456 478 rx.

294 596 454 685 quomodo
473 596 575 684 possit
601 596 737 661 alterum
763 595 874 661 eodem
900 604 1042 682 tempore
1067 595 1220 663 conficere
1247 596 1455 685 subduplum,

294 699 497 788 subtriplum,
520 709 576 763 aut
597 696 882 785 subquadruplum‚
909 698 1014 785 ejusce
1038 699 1144 787 spatii,
1167 723 1268 786 quum
1294 710 1400 767 totum
1420 702 1454 767 in

294 802 373 867 istas
387 810 493 889 partes
508 800 611 867 dividi
624 798 786 886 nequeat?

359 903 492 969 Infinita
504 926 632 991 possem
646 902 837 988 excogitare,
854 914 885 968 et
899 902 1019 969 adferre
1035 903 1122 983 talia,
1134 904 1253 991 quibus
1268 906 1455 972 ostendatur

294 1007 335 1073 ab
349 1007 413 1072 ista
427 1004 663 1093 compositionis
678 1026 719 1069 ex
735 1003 987 1070 indivisibilibus
1002 1006 1175 1071 assertione
1194 1016 1295 1072 totam
1316 1010 1453 1089 concuti,

292 1111 457 1199 prosterni,
473 1110 599 1199 penitus
619 1108 761 1175 subverti
781 1107 1016 1189 Geometriam3
1039 1110 1087 1174 nil
1102 1110 1137 1175 in
1151 1117 1190 1175 et
1203 1111 1274 1176 sani
1289 1111 1344 1177 vel
1359 1113 1453 1179 solidi

292 1214 439 1301 relinqui,
467 1213 524 1279 scd
548 1212 721 1277 immanem
748 1221 780 1276 et
807 1210 1032 1297 deplorandam
1061 1212 1196 1293 ruinam,
1223 1213 1453 1297 conlisionem,

292 1314 500 1382 α’συστασίαν
517 1314 552 1378 in
572 1312 807 1380 divinissimam
828 1312 923 1377 istam
943 1313 1052 1378 induci
1074 1314 1266 1395 scientiam¹;
1290 1318 1382 1403 cujus
1404 1328 1455 1382 ta-

291 1443 367 1486 men
386 1420 489 1499 effata,
504 1428 618 1505 proeter
636 1415 828 1481 evidentiam
848 1416 1073 1503 principiorum
1094 1428 1126 1483 et
1146 1417 1347 1485 discursuum
1367 1422 1455 1507 rigo-

291 1546 368 1604 rem,
381 1523 428 1587 ita
438 1544 511 1587 cum
522 1518 709 1585 admiranda
722 1518 837 1605 (qualis
851 1519 941 1584 falsis
956 1542 1013 1584 seu
1027 1520 1191 1608 principiis
1206 1544 1263 1588 seu
1276 1524 1455 1590 ratiociniis

291 1611 443 1693 obvenire
456 1624 579 1711 nequit)
590 1624 673 1689 inter
688 1644 722 1687 se
736 1622 952 1702 consonantia,
964 1632 1032 1687 tum
1044 1634 1194 1711 perpetuo
1205 1626 1366 1712 exquisito
1377 1649 1452 1691 cum

291 1730 487 1818 experientia
501 1749 657 1793 consensu
670 1725 761 1789 firme
775 1725 990 1806 stabiliuntur,
1006 1737 1043 1791 ut
1062 1726 1173 1791 mundi
1191 1726 1284 1792 citius
1305 1728 1453 1795 cardines

292 1842 497 1900 amoveantur
511 1832 590 1912 loco,
606 1852 773 1916 rerumque
787 1829 935 1895 machina
949 1830 1134 1911 collabatur,
1146 1854 1240 1919 quam
1257 1832 1453 1901 Geometriae

290 1936 497 2003 fundamenta
526 1933 580 2018 (τὰ
606 1932 677 1997 θεῖα
700 1934 759 2013 τῆς
782 1932 978 2019 γεωμετρίης
1001 1931 1181 2019 ἀξιώματα)
1207 1935 1452 2017 labefactentur,

290 2048 348 2105 aut
363 2038 432 2125 ejus
447 2034 665 2102 conclusiones
679 2034 829 2100 falsitatis
844 2046 1027 2121 arguantur.

358 2140 423 2209 Sed
438 2138 628 2206 dimittenda
641 2138 736 2204 nobis
752 2148 802 2205 est
820 2139 889 2203 haee
909 2140 1051 2226 quaestio,
1067 2150 1235 2229 postquam
1255 2140 1452 2211 admonuero

290 2245 439 2325 breviter,
454 2244 613 2332 praecipua
627 2265 698 2329 quae
713 2252 822 2307 contra
836 2254 1021 2331 perpetuam
1036 2246 1223 2331 quantitatis
1243 2247 1452 2313 divisibilite-

290 2358 355 2413 tem
376 2346 559 2413 adferuntur
581 2353 777 2431 argumenta,
801 2344 854 2410 vel
875 2346 1029 2432 petitione
1050 2347 1198 2436 principii
1218 2350 1369 2431 laborare,
1391 2352 1450 2417 vel

289 2450 380 2517 falsis
399 2448 670 2538 suppositionibus
689 2446 795 2528 inniti,
816 2447 869 2513 vel
889 2470 1000 2535 parum
1020 2450 1062 2515 ad
1079 2474 1146 2516 rem
1167 2452 1332 2538 pertinere.
1377 2452 1451 2520 Ob-

286 2554 365 2643 jecit
383 2553 552 2642 Epicurus,
571 2554 607 2618 iu
627 2573 755 2617 suarum
775 2562 951 2617 atomorum
972 2554 1107 2638 gratiam
1130 2564 1162 2620 ct
1182 2556 1402 2642 patrocinium,
1420 2559 1448 2623 si

288 2668 394 2745 partes
408 2655 641 2744 magnitudinis
656 2653 791 2719 infinitae
806 2653 880 2734 siut,
896 2656 1150 2741 magnitudinem
1165 2667 1207 2723 ex'
1221 2658 1261 2724 iis
1276 2660 1449 2725 conflatam

287 2762 427 2848 intelligi
441 2784 506 2827 non
520 2782 613 2849 posse
628 2758 763 2824 finitam.
809 2757 895 2837 Quid
913 2758 973 2824 hoc
988 2771 1036 2825 est
1054 2760 1142 2827 aliud
1161 2786 1257 2849 quam
1279 2772 1386 2851 petere
1410 2764 1448 2830 τὸ

289 2864 324 2929 ἐν
337 2864 435 2951 ἀρχῇ,
451 2863 504 2929 vel
518 2862 604 2929 idem
618 2861 773 2950 peridem
788 2860 952 2928 astruere?
976 2860 1049 2929 Hoc
1063 2865 1148 2929 enim
1163 2866 1268 2953 ipsum
1283 2868 1446 2954 quaeritur,

288 2989 331 3031 au
344 2966 436 3031 finita
449 2965 637 3051 magnitudo
662 2968 748 3051 (nam
771 2965 810 3031 de
832 2964 958 3029 infinita
978 2988 1042 3030 non
1066 2968 1182 3054 agitur)
1206 2970 1308 3056 possit
1329 2970 1446 3038 habere

288 3076 393 3156 partes
407 3068 559 3133 infinitas.
594 3067 635 3134 Id
649 3090 724 3133 vero
739 3067 818 3133 dicit
832 3067 1029 3134 adversarius
1044 3092 1108 3135 non
1124 3081 1318 3157 potestesse,
1332 3075 1446 3162 nequit

288 3169 439 3257 intelligi.
482 3168 590 3255 Magis
605 3170 749 3258 apposite
762 3176 905 3257 rogasset
923 3172 1166 3260 explicationem
1185 3176 1272 3241 modi
1291 3198 1356 3263 quo
1377 3178 1443 3258 liat,

287 3296 384 3361 quam
403 3273 449 3339 ita
467 3273 537 3339 fieri
552 3296 620 3373 'non
641 3296 734 3362 posse
756 3274 970 3339 conclusisset.
1017 3274 1079 3355 Qui
1093 3278 1260 3363 quaestioni
1274 3281 1444 3367 respoude-

286 3400 363 3456 rem,
379 3376 465 3465 quod
479 3376 594 3443 rationi
608 3377 736 3464 quidem
755 3376 949 3458 adversatum,
965 3387 1002 3443 ut
1021 3379 1208 3465 magnitudo
1228 3382 1319 3448 linita
1337 3395 1444 3471 partes

286 3481 402 3547 habeat
419 3480 576 3568 aliquotas
600 3480 798 3566 (centesimas
817 3489 896 3567 puta
914 3480 967 3548 vel
988 3482 1184 3567 millesimae)
1209 3484 1361 3565 infinitas,
1379 3488 1443 3552 imo

284 3595 441 3673 repugnat
460 3595 497 3650 ut
516 3584 632 3650 habeat
649 3584 764 3647 harum
783 3582 890 3669 plures
911 3606 1006 3669 quam
1026 3596 1153 3651 centum
1175 3586 1228 3653 vel
1249 3587 1356 3667 mille;
1387 3588 1442 3654 sed

284 3688 371 3776 quod
384 3698 490 3776 partes
505 3689 623 3755 habeat
641 3686 749 3773 plures
768 3685 947 3753 millesimis
967 3688 1084 3753 millies
1102 3690 1248 3778 acceptis,
1265 3691 1316 3755 vel
1334 3689 1442 3777 plures

283 3791 427 3880 partibus
452 3790 517 3855 alio
541 3788 655 3877 quovis
680 3810 812 3854 numero
837 3788 1059 3871 denominatis,
1084 3814 1147 3858 non
1174 3792 1320 3879 equidem
1346 3793 1441 3860 rideo

283 3893 441 3981 quomodo
460 3900 625 3981 repugnet,
641 3891 706 3956 imo
725 3890 832 3978 potius
852 3892 1006 3979 perspicio
1026 3892 1112 3980 quod
1130 3894 1244 3960 rationi
1265 3895 1440 3961 consentiat

283 3997 411 4084 optime.
457 3995 552 4062 Certe
573 3993 660 4081 quod
680 3992 763 4058 sicut
784 3993 900 4079 integri
922 3994 1045 4059 numeri
1067 3996 1190 4082 possint
1212 3996 1255 4063 ad
1278 3996 1438 4064 infinitum

331 4261 342 4294 ¹
360 4257 437 4311 Οὕτω
456 4264 506 4324 γὰρ
526 4260 556 4310 rd
577 4260 710 4322 ἐλάχιστον
736 4260 877 4323 εἰσαγαγὼν
903 4262 935 4309 rd
950 4262 1058 4323 μέγιστα
1079 4260 1183 4319 κινήσειε
1204 4262 1250 4309 τῶν
1270 4262 1435 4323 Μαθημάτυν.

281 4343 358 4393 Arist.
371 4342 401 4391 dc
413 4340 482 4392 Calo.
495 4354 514 4391 1.
527 4355 551 4403 5.

332 4425 375 4485 ’Μ
392 4423 437 4482 μὲν
451 4424 507 4485 ’γὰρ
527 4423 616 4483 ἀληθεῖ
633 4422 715 4472 πάντα
734 4422 838 4487 συνᾴδει,
863 4425 899 4485 τῷ
919 4425 945 4473 δὲ
966 4424 1050 4486 ψευδεῖ
1071 4423 1137 4485 ταχὺ
1156 4424 1272 4486 διαφωνεῖ
1291 4424 1320 4475 τδ
1340 4424 1432 4485 ἀληθές.

282 4506 358 4557 Arta.
372 4504 425 4555 Eat
439 4504 496 4555 Lib.
509 4516 568 4554 vm.
