3167 5192
316 300 381 367 224
652 316 838 396 anemonas
861 314 1134 364 uanuausrrcn„
1272 296 1379 381 [sacr.
1393 310 1458 359 nir.

377 495 406 552 2.
447 485 622 572 Aliquanto
647 484 787 553 strictius
811 494 919 551 autem
942 482 1090 565 secundo,
1113 504 1267 549 mensura
1289 480 1404 546 dieitur
1423 480 1460 559 id,

311 586 401 673 eujus
423 610 464 653 ex
485 587 661 673 quantitate
683 586 858 653 necessario
881 584 1037 673 dependet
1058 586 1172 651 notitia
1190 583 1394 671 quantitatis,
1408 590 1463 670 qut

311 690 479 777 praeditum
501 700 550 757 est
571 690 802 771 mensurabile;
826 690 905 757 adeo
923 702 960 757 nt
981 690 1078 777 hujus
1100 689 1266 777 quantitas
1287 710 1354 753 non
1371 686 1462 762 aliter,

311 817 407 880 quam
437 817 479 859 ex
507 794 564 859 illa
592 792 787 880 praecognitt
815 792 917 879 possit
946 793 1149 859 innotescere.
1194 791 1317 871 Qualis
1345 790 1462 878 quidem

311 907 456 984 respectu
476 896 682 987 praecedentis
700 894 836 984 jamjam
850 895 1004 983 exposite
1019 895 1084 961 dici
1097 895 1198 983 possit
1213 916 1371 959 mensura
1383 907 1463 957 natu·

311 1000 396 1081 ralis,
414 1010 446 1065 et
461 1023 480 1065 a
493 998 607 1087 priori3
631 998 784 1085 quianon
799 997 879 1063 adeo
899 997 1075 1065 desumitur
1096 997 1275 1076 arbitrarie,
1291 996 1351 1062 sed
1367 1018 1463 1060 necas·

311 1104 394 1169 sario
413 1102 592 1189 requiritis,
609 1110 640 1166 et
659 1101 700 1166 ab
718 1100 790 1187 ipat
807 1106 922 1165 natura
940 1099 1131 1186 suggeritur,
1146 1101 1188 1166 ad
1203 1098 1414 1166 dimetienda
1424 1098 1463 1163 rei

311 1208 521 1295 quantitatem
536 1204 802 1290 investigandam.
846 1203 900 1269 Ita
918 1204 1107 1290 magnitudo
1126 1215 1176 1271 est
1194 1226 1352 1270 mensura
1369 1202 1462 1289 spatii,

312 1312 388 1398 quia
407 1310 501 1399 spatii
516 1309 677 1395 quantitas
696 1307 787 1373 aliter
805 1307 1031 1395 comprehendi
1049 1308 1170 1395 nequit,
1186 1332 1288 1395 quam
1313 1306 1463 1395 magnitu-

313 1414 420 1481 dinem
438 1413 578 1501 aliquam
597 1411 715 1479 realem
735 1411 765 1477 ei
787 1411 990 1479 insistentem
1010 1411 1216 1495 dimetiendo,
1231 1412 1290 1479 vel
1313 1422 1462 1497 utcunque

312 1517 501 1585 sufficienter
521 1514 716 1583 estimando.
762 1513 910 1601 Spatium
932 1536 1006 1580 vero
1028 1514 1103 1580 talis
1124 1526 1173 1581 est
1193 1539 1350 1582 mensura
1369 1524 1463 1579 motus

311 1630 343 1687 et
372 1619 531 1709 temporis.
578 1615 725 1705 Spatium
750 1616 906 1703 (inquam)
931 1616 1102 1705 abaliquo
1126 1618 1266 1684 notabili
1293 1641 1367 1684 cum
1386 1621 1462 1682 oertt

310 1723 477 1789 velocitate
492 1720 689 1809 aquabiliter
703 1728 768 1785 toto
783 1719 895 1785 mobili
911 1720 1076 1787 decursum
1091 1732 1140 1785 est
1154 1744 1309 1787 mensura
1322 1718 1461 1807 temporis

314 1826 462 1913 (mediate
491 1824 614 1904 saltem,
642 1833 746 1889 motus
771 1822 984 1907 interventu);
1013 1846 1073 1890 nec
1096 1824 1182 1889 enim
1207 1825 1305 1891 aliter
1326 1819 1460 1909 dignosci

311 1938 424 2017 potest,
440 1936 593 2015 quantum
608 1925 765 1991 effluxerit
779 1926 940 2013 temporis,
955 1927 1019 1992 nisi
1040 1927 1115 1993 talis
1138 1928 1233 2015 spatii
1257 1928 1456 2017 quantitatem

312 2030 508 2098 aestimando.
531 2030 636 2097 Arcus
651 2052 715 2115 ag.
732 2029 843 2095 circuli
854 2030 1083 2117 aequinoctialis
1095 2030 1174 2097 duos
1184 2032 1271 2098 inter
1278 2030 1458 2098 meridianos

312 2156 369 2223 per
389 2134 528 2201 ortirum
552 2132 637 2201 Solis
658 2142 813 2220 punctum
834 2132 869 2197 in
890 2133 1064 2213 horizonte,
1079 2157 1196 2221 perque
1219 2134 1309 2203 Solis
1329 2144 1457 2200 centnm
1532 2161 1533 2166 ¹

312 2246 510 2305 nauseantes
535 2236 728 2323 interceptus
751 2246 801 2301 est
822 2259 971 2303 mensura
992 2238 1146 2304 naturalis
1167 2248 1201 2303 et
1224 2239 1368 2325 genuina
1387 2248 1456 2301 tem

312 2341 406 2430 poris,
423 2343 464 2408 ab
479 2350 550 2407 ortu
565 2339 650 2408 Solis
665 2338 706 2405 ad
721 2338 831 2405 datum
850 2339 975 2407 instans
991 2340 1100 2429 elapsi.
1143 2342 1191 2408 Et
1211 2366 1306 2410 arcus
1327 2343 1360 2408 in
1381 2339 1454 2407 Solis

312 2446 493 2527 eccentrioo,
509 2442 791 2532 (juxtaPtolemaei
804 2442 1002 2529 doctrinam)
1015 2456 1064 2511 est
1075 2445 1149 2513 talis
1160 2470 1311 2514 mensura
1320 2440 1454 2533 temporis
1532 2513 1533 2520 χ

313 2549 421 2630 annui,
437 2548 522 2638 quod
542 2546 741 2633 insumptum
755 2554 813 2625 est,
829 2543 907 2611 dum
926 2545 982 2613 Sol
1005 2547 1102 2613 iatum
1124 2571 1231 2616 arcum
1252 2545 1450 2640 pertransivit.
1532 2533 1533 2536 ¹

313 2650 468 2720 Similiter
482 2650 671 2729 velocitatis,
688 2656 752 2738 qut
766 2648 865 2735 fertur
879 2649 1077 2718 mriformiter
1094 2653 1217 2742 aliquid
1232 2654 1362 2735 mobile,
1376 2672 1451 2717 man·

310 2778 385 2822 sura
398 2766 447 2821 est
461 2754 599 2843 spatium
614 2753 780 2840 designato
794 2762 941 2839 tempore
956 2764 1136 2843 peractrrm3
1159 2757 1236 2823 binc
1248 2760 1336 2825 enim
1349 2765 1448 2823 eertum

312 2859 524 2945 conjecturam
539 2856 700 2937 faciemus,
717 2864 873 2944 quantum
888 2858 984 2945 spatii
1005 2861 1181 2947 permeabit
1201 2862 1235 2927 id
1256 2862 1374 2930 mobile
1385 2876 1451 2944 qno·

311 2959 391 3027 libet
412 2959 475 3025 alio
497 2959 705 3025 determinato
728 2970 887 3047 tempore;
922 2984 982 3028 nec
1002 2962 1066 3029 alio
1087 2964 1182 3031 modo
1203 2977 1326 3053 quanta
1345 2965 1385 3032 sit
1398 2962 1448 3027 iao

311 3060 463 3127 velocitas
477 3061 649 3149 poterimus
664 3062 831 3149 expiscari.

377 3172 407 3231 3.
442 3163 507 3233 Sed
521 3163 626 3231 adhuc
638 3164 786 3231 strictiori
801 3167 906 3249 modo,
918 3168 1022 3250 tertio,
1033 3192 1180 3237 mensura
1193 3171 1313 3241 dicitur
1326 3166 1447 3258 idquod
1531 3191 1532 3234 i

263 3278 271 3293 '
311 3278 438 3357 propter
458 3268 610 3335 eximiam
634 3269 795 3356 quandam
817 3271 1122 3356 determinationem,
1145 3287 1200 3343 aut
1219 3278 1446 3367 simplicitatem
1531 3261 1532 3312 ³

312 3382 367 3440 aut
392 3370 634 3453 notabilitatem,
662 3382 718 3439 aut
743 3372 927 3441 facillimam
955 3379 1276 3466 comprehensionem,
1303 3378 1446 3472 aptissime

310 3477 426 3567 poterit
447 3476 592 3543 adhiberi
611 3476 775 3543 adrerum
789 3478 901 3545 modos
915 3479 1179 3565 determinandus,
1198 3496 1255 3551 aut
1273 3485 1446 3574 quantitates

310 3582 446 3649 interae
467 3580 703 3668 comparandas.
749 3581 803 3646 Ita
823 3604 895 3647 cum
917 3584 1001 3651 inter
1022 3584 1085 3653 dno
1107 3587 1178 3653 loca
1198 3590 1250 3656 vel
1273 3601 1385 3679 puncta
1402 3583 1446 3649 de·

754 3740 1054 3751 —-—-..-——....

363 3828 397 3895 (2)
433 3826 562 3884 Mensura
580 3827 604 3884 is
623 3829 685 3884 that
705 3846 740 3884 on
759 3830 847 3886 which
865 3832 1026 3905 knowledge
1045 3834 1076 3890 of
1092 3836 1142 3892 the
1159 3838 1288 3908 quantity
1301 3830 1445 3897 necessarii!

310 3912 444 3983 depende

363 3996 437 4051 Thus
449 3997 499 4052 the
508 3997 580 4053 bour
591 3998 670 4069 angla
682 4000 707 4055 is
717 4000 767 4055 the
778 4016 904 4057 measure
916 4003 947 4058 of
955 4003 1030 4059 tima.

364 4078 431 4134 And
453 4080 503 4135 the
525 4098 572 4137 arc
595 4082 624 4137 in
647 4084 697 4139 the
724 4084 797 4139 sun’a
822 4087 962 4143 excentric
984 4090 1142 4161 (according
1163 4097 1195 4147 to
1217 4092 1267 4149 the
1289 4084 1448 4153 dormo!

311 4164 449 4234 Ptolemy)
466 4165 492 4221 ia
508 4167 557 4223 tha
574 4184 701 4225 measure
718 4171 750 4225 of
762 4171 812 4227 tha
828 4172 897 4229 time
913 4174 946 4229 of
959 4174 1010 4230 the
1026 4177 1100 4232 sun’a
1117 4179 1220 4234 motion
1236 4180 1351 4238 tboeetn.

362 4250 397 4317 (³)
433 4248 561 4306 Mensura
579 4268 656 4309 more
674 4255 781 4327 strictly
801 4256 826 4311 is
845 4257 909 4314 that
927 4259 1016 4317 which
1036 4262 1062 4317 ia
1080 4262 1203 4321 thebert
1221 4267 1304 4323 mode
1322 4269 1355 4324 of
1369 4266 1443 4323 deit*

310 4334 442 4393 mination
459 4334 515 4391 and
531 4340 708 4408 comparison.

365 4423 406 4477 Aa
423 4438 441 4479 a
458 4422 578 4493 absistit
594 4424 649 4481 lina
666 4426 790 4484 batuam
809 4433 864 4486 two
879 4433 978 4502 points.
