3167 5192
314 341 380 409 284
651 354 838 406 samsones
861 353 1134 404 urrunnrrron.
1247 339 1352 423 [naon.
1368 358 1469 407 xvru.

317 541 466 597 naturam
480 526 761 608 determinandam,
776 534 811 593 et
830 524 871 591 ab
891 523 965 590 aliis
984 522 1220 606 secernendum,
1241 526 1381 614 apprime
1401 548 1473 593 con·

315 633 388 699 fert.

373 734 462 820 Ergo
470 732 573 821 primo
584 752 685 818 genus
695 728 883 817 inquiritur:
900 727 961 795 hoc
972 728 1006 793 in
1017 728 1078 795 hac
1092 728 1277 796 definitione
1291 740 1339 797 est
1350 729 1472 818 σχέσις,

317 836 467 904 uotam
488 833 543 900 vel
563 832 696 916 rehrtrb,·
720 841 805 898 recte
826 830 966 918 quidem,
989 852 1065 895 nam
1087 852 1186 919 quum
1208 853 1301 897 orunc
1322 842 1473 921 quantum

317 938 485 1027 dupliciter
501 933 692 1004 considerari
713 933 825 1022 possit,
845 932 898 999 vel
919 943 957 998 ut
978 942 1096 999 cenam
1116 934 1278 1021 quandam
1298 936 1473 1003 absolutam

316 1042 368 1109 sui
392 1042 518 1131 generis
543 1040 761 1108 extensionem
789 1036 989 1122 (absolutam,
1016 1037 1158 1125 inquam,
1181 1050 1214 1105 et
1237 1061 1280 1105 ex
1305 1040 1472 1106 intrinseca

316 1157 439 1213 natine
454 1170 519 1212 suae
533 1144 724 1233 proprietate
737 1139 991 1224 determinatam)
1009 1140 1140 1223 habens,
1157 1141 1209 1208 vel
1230 1153 1387 1230 quatenus
1406 1164 1473 1209 eum

316 1249 379 1315 alio
394 1259 514 1337 quanto
525 1248 641 1315 collata
654 1255 739 1313 certo
753 1266 864 1311 versus
878 1244 984 1333 ipsum
1006 1244 1101 1311 modo
1116 1267 1150 1310 se
1165 1244 1281 1327 habet,
1301 1246 1474 1335 cujusmodi

317 1352 556 1440 comprehensio
570 1351 671 1418 menti
684 1358 801 1416 nostrae
816 1347 984 1429 deserviat,
1000 1348 1041 1414 ad
1062 1348 1273 1436 quantitatem
1295 1350 1366 1439 ejus
1386 1352 1474 1417 absc-

318 1455 419 1521 lutam
437 1454 552 1520 melius
573 1450 822 1539 concipiendam,
842 1458 875 1516 et
892 1449 964 1515 aliis
986 1451 1236 1535 enunciandam
1267 1465 1352 1521 certo
1373 1454 1472 1533 modo,

318 1557 399 1639 dixi,
415 1580 450 1625 se
464 1557 570 1637 habet,
586 1555 646 1621 hoc
660 1563 719 1634 est,
734 1562 771 1621 ut
785 1551 840 1619 vel
854 1550 883 1619 ei
901 1553 1029 1639 penitus
1043 1560 1202 1641 congruat
1211 1564 1244 1621 ct
1258 1566 1409 1645 aquetur,
1424 1556 1473 1625 val

316 1660 474 1751 inaequale
488 1660 531 1726 sit
544 1658 665 1725 ratione
678 1656 818 1745 quadam
832 1654 993 1742 peculiari,
1009 1678 1081 1743 quae
1096 1680 1152 1747 per
1166 1679 1315 1725 numeros
1333 1660 1406 1746 (hoc
1419 1670 1471 1739 est,

318 1765 466 1852 symbola
478 1772 668 1851 quantorum
683 1762 719 1827 in
732 1759 871 1848 aquales
885 1770 990 1847 partes
1005 1760 1179 1827 divisorum
1195 1764 1409 1850 eonnctsntia)
1425 1763 1472 1831 vel

317 1890 374 1955 per
387 1867 522 1934 aliorum
536 1873 727 1953 quantorum
740 1862 851 1930 eodem
866 1863 961 1930 modo
979 1886 1012 1929 se
1029 1863 1216 1931 habentium
1235 1867 1471 1955 expositionem,

317 1969 410 2035 nobis
429 1978 591 2053 utcunque
610 1975 686 2031 nota
703 1962 853 2031 reddatur
871 1975 903 2030 et
922 1965 1140 2033 aestimabilis:
1169 1967 1343 2054 (Ignoscite
1369 1992 1470 2057 qums

317 2092 375 2137 vos
393 2092 460 2137 rem
480 2068 644 2156 explicatu
661 2066 889 2155 perdifficilem,
904 2076 938 2133 ct
955 2067 1133 2135 subtilitate
1155 2074 1214 2135 sut
1236 2072 1353 2137 mentis
1374 2082 1470 2138 atten-

316 2173 450 2239 tissima
463 2170 649 2259 cogitationi
667 2170 864 2253 illudentem,
884 2170 1089 2238 crassitucule
1109 2170 1266 2239 laboranti
1283 2173 1437 2241 illustrare
1445 2175 1465 2258 ε)

316 2276 378 2343 hoc
392 2285 498 2343 autem
512 2282 597 2341 certo
612 2273 707 2340 modo
721 2294 756 2340 se
770 2271 888 2339 habere
909 2296 1019 2340 versus
1041 2274 1139 2356 aliud,
1163 2274 1255 2341 alteri
1276 2277 1323 2343 sic
1344 2277 1466 2366 aequari,

315 2380 369 2447 vel
394 2384 480 2449 certd
504 2379 626 2447 ratione
650 2378 789 2466 quadam
818 2376 976 2464 inaequale
1001 2400 1071 2445 esse
1099 2378 1215 2445 dicitur
1245 2380 1299 2465 (ex
1328 2379 1465 2447 instituto

316 2482 441 2565 dicitur,
457 2502 674 2569 consensuque
687 2478 912 2565 magistrorum
932 2480 1026 2545 rebus
1046 2480 1081 2545 in
1100 2480 1160 2545 hac
1179 2480 1312 2547 scientia
1332 2483 1466 2550 conside·

315 2584 393 2651 ratis
406 2584 537 2651 nomina
550 2580 832 2671 proscribentium)
847 2580 930 2647 banc
941 2581 993 2647 vel
1007 2580 1098 2648 illam
1112 2582 1154 2648 ad
1168 2582 1304 2650 alterum
1318 2586 1463 2653 rationem

314 2687 450 2768 habere3
487 2698 520 2754 et
540 2696 701 2774 respectus
721 2684 790 2773 ipse
812 2683 887 2749 talis
909 2684 1064 2752 abstracte
1085 2696 1230 2774 sumptus
1251 2687 1332 2753 ratio
1353 2711 1464 2755 nuncu·

314 2800 417 2879 patur,
434 2813 505 2877 qua
519 2788 651 2877 proinde
664 2786 777 2853 merito
791 2786 981 2853 relationum
996 2787 1090 2855 classi
1105 2810 1161 2856 seu
1176 2791 1343 2877 categoria
1364 2814 1464 2859 accen·

314 2903 419 2958 soum
449 2892 550 2979 liquet
573 2891 659 2956 enim
685 2890 757 2979 ipsa
779 2900 900 2978 quanta
923 2890 983 2957 hoc
1006 2902 1099 2979 pacto
1121 2893 1318 2960 considerata
1341 2894 1409 2961 fore
1428 2890 1464 2958 τὰ

313 2992 395 3082 πρός
413 3019 455 3074 τι,
474 2992 581 3060 referri
595 2992 637 3058 ad
650 3015 685 3058 se
698 3002 820 3074 mutuo,
837 3003 951 3060 cuncta
970 2994 1086 3076 subire,
1102 3018 1174 3082 qua
1192 2995 1300 3062 relatis
1318 3008 1351 3064 et
1371 3018 1462 3065 corre·

313 3096 387 3163 latis
402 3098 565 3184 assignant
584 3096 697 3183 Logici
707 3123 716 3178 3
739 3096 824 3163 unde
842 3097 945 3184 prima
964 3101 1028 3164 τῶν
1046 3097 1128 3185 πρός
1149 3124 1182 3165 τι
1201 3098 1378 3189 desumpsit
1397 3100 1462 3167 hinc
1541 3144 1542 3192 ,

313 3201 462 3289 exempla
486 3200 712 3290 Philosophus,
738 3223 812 3266 eum
838 3201 872 3265 in
898 3200 1129 3289 Metaphysicis
1158 3214 1226 3269 tum
1256 3204 1291 3269 in
1321 3203 1460 3292 Irogicis:

314 3303 397 3371 Otov
419 3304 548 3392 (inquit)
573 3304 611 3370 τὸ
631 3306 737 3387 μεῖζον
758 3303 844 3369 τοῦθ’
867 3303 947 3391 ὅπερ
968 3304 1059 3371 ἐστιν
1081 3306 1189 3394 ἑτέρου
1212 3306 1356 3389 λέγεται·
1388 3304 1462 3372 stadt

310 3407 373 3495 ‘ydp
396 3409 502 3491 μεῖζον
523 3405 664 3490 λέγεται·
691 3406 746 3472 καὶ
768 3404 807 3471 τὸ
831 3404 1007 3473 διπλάσιον
1029 3406 1117 3472 τοῦθ’
1141 3406 1220 3495 ὅπερ
1246 3408 1336 3474 ἐστιν
1362 3408 1461 3495 ἑτέρου
1540 3478 1541 3487 ¹

310 3509 455 3593 λέγεται·
477 3509 562 3581 τινὸς
582 3507 646 3596 ’γὰρ
667 3507 853 3575 διπλάσιον.
963 3588 967 3596 .
1540 3492 1541 3503 ,

376 3612 596 3680 Nihilominus
624 3622 731 3679 tamen
761 3611 822 3677 hcc
851 3611 979 3677 nomine
1007 3611 1160 3678 mirificus
1192 3611 1253 3679 iste
1284 3610 1459 3679 Matheseoe

310 3715 470 3783 hodiernae
492 3717 664 3803 castigator
683 3725 819 3795 nostras,
841 3713 1009 3781 Euclidem
1031 3715 1164 3802 sugillat
1188 3715 1458 3782 inclementissime

310 3828 343 3885 et
371 3818 660 3886 irreverentissime.
705 3817 862 3897 Rasna
892 3817 1006 3905 inquit,
1036 3818 1175 3905 definitio
1208 3818 1302 3901 (hanc
1331 3817 1458 3883 innuens
1539 3810 1540 3817 '

309 3920 510 4006 Euclideam)
537 3924 616 3988 satis
643 3923 760 4009 inepta.
805 3920 936 4000 Iterum,
960 3920 1005 3985 Id
1028 3921 1112 4007 qaod
1135 3921 1285 3987 Evrclailsa
1310 3918 1457 4008 dampnifi-

308 4037 414 4089 cantcr
435 4025 569 4091 dmrat.
613 4024 741 4104 Adhuc,
761 4024 856 4091 Fieri
866 4035 970 4110 potest
992 4034 1026 4087 ut
1047 4022 1196 4090 Euclides
1217 4048 1280 4089 noa
1301 4026 1379 4090 sutis
1399 4044 1455 4111 ipse
1538 4110 1539 4113 Ἴ

301 4128 498 4215 perefflueret
522 4128 655 4193 rationis
679 4140 848 4209 naturam,·
877 4126 940 4192 imo
958 4126 1039 4212 fieri
1061 4126 1155 4192 aliter
1181 4150 1241 4192 non
1260 4138 1454 4215 potestatum
1538 4118 1539 4148 l

748 4326 986 4335 --m-U-
1005 4328 1034 4334 ...-

361 4445 499 4500 llobbes’s
516 4446 616 4516 railing
633 4447 770 4516 objecticn
787 4450 896 4518 against
914 4452 1005 4511 σχέσις.
