3167 5192
131 364 226 416 mer.
242 347 348 434 mu]
490 363 677 418 mmrours
697 365 840 418 emtor„
1125 349 1190 418 143

130 549 183 602 tur
211 537 242 602 ei
263 546 385 616 catera,
407 534 490 600 milri
512 536 679 617 suffecerit,
702 537 790 624 quod
811 537 965 604 veriorem
987 537 1193 604 Ploenomeuo

131 640 302 727 detegendi
331 639 575 727 declarandique
603 641 791 707 methodum
818 641 949 708 adnisus
979 642 1039 707 sim
1069 642 1192 729 aliqua-

130 755 224 810 tenus
248 745 432 825 enucleare;
455 765 625 832 pergamus
646 743 688 809 ad
714 743 794 811 alios
821 767 923 826 casus,
946 745 1033 812 hand
1055 745 1100 811 ita
1121 767 1193 833 per-

131 857 291 914 tractatos.

196 1060 296 1127 XIX.
333 1060 513 1148 Objiciatur
542 1059 670 1148 speculo
696 1061 831 1126 MBND
856 1073 942 1129 recta
962 1063 1023 1134 ΕΑ
1032 1062 1072 1142 Ο,
1098 1071 1190 1128 rectae
1204 1077 1260 1142 Εἰς.
1277 1075 1331 1142 189.

136 1166 196 1233 ΟΑ
225 1167 293 1254 (per
317 1165 437 1253 speculi
464 1175 607 1230 centrum
636 1163 665 1230 Ο
687 1166 874 1248 transeunti)
903 1166 1189 1253 perpendicularis3

131 1269 272 1348 adverto,
288 1268 318 1334 si
337 1267 431 1334 fuerit
448 1269 519 1355 ipsa
539 1267 595 1334 ΟΑ
618 1267 721 1355 major
741 1290 837 1355 qnam
859 1269 920 1349 ΟΕ,
944 1270 1101 1357 quadrans
1124 1269 1192 1336 dia·

132 1370 225 1435 metri
245 1371 318 1451 BD,
345 1369 432 1457 quod
456 1379 549 1434 rectae
567 1369 667 1435 ΕΑΟ
692 1370 734 1434 ad
759 1370 920 1436 infinitum
946 1372 1094 1458 utrinque
1119 1395 1191 1461 pro-

131 1483 241 1539 tracta
255 1473 298 1540 ad
311 1483 413 1539 totum
429 1473 581 1539 circulum
600 1473 680 1560 (ejus
695 1473 737 1538 ad
751 1484 857 1561 partes
877 1475 1022 1563 intelligo
1038 1499 1191 1542 concavas

132 1576 288 1642 simulac
310 1577 482 1658 convexas)
508 1575 615 1662 imago
638 1575 784 1641 absoluta
811 1575 996 1663 (quinetiam
1020 1578 1126 1664 imago
1150 1577 1192 1644 ad

131 1680 258 1746 oculum
280 1681 314 1744 in
337 1680 406 1767 ipso
426 1688 533 1745 centro
554 1678 806 1745 Oconstitutum
828 1679 938 1762 relata)
961 1680 1019 1746 en't
1036 1681 1190 1769 Ellqner'u

131 1784 208 1850 item
231 1785 258 1850 si
280 1784 337 1851 ΟΑ
360 1783 464 1848 minor
483 1783 526 1848 sit
545 1805 642 1869 quam
663 1783 725 1862 ΟΖ,
745 1782 834 1870 quod
851 1781 952 1870 ipsius
966 1783 1066 1849 ΕΑΟ
1085 1784 1191 1870 imago

132 1886 279 1952 absoluta
305 1884 371 1969 (vel
398 1884 483 1949 dicto
504 1883 599 1949 modo
624 1883 735 1967 relata)
764 1885 922 1951 constabit
942 1908 983 1950 ex
1006 1885 1191 1974 hyperbolis

131 1989 303 2078 oppositis;
331 1987 359 2054 si
380 1987 484 2054 denuo
509 1988 566 2053 ΟΑ
590 1987 693 2075 ipsam
720 1989 778 2056 ΟΖ
794 1989 939 2075 adaequet
965 1989 1029 2076 (vel
1048 1990 1113 2056 ΕΟ
1135 2013 1191 2077 per
1287 2033 1293 2044 ·

132 2092 238 2180 ipsum
255 2092 289 2157 Z
304 2090 454 2172 transeat)
479 2089 566 2176 quod
591 2090 632 2155 ad
656 2090 841 2177 parabolem
864 2091 1019 2179 ejusmodi
1041 2091 1192 2158 consistet

131 2195 249 2282 imago.
295 2193 360 2261 Sed
389 2193 520 2259 modum
550 2193 784 2280 transgrederer
812 2194 882 2262 hseo
903 2196 973 2284 jam
1003 2195 1191 2283 aggrediens¹

131 2297 355 2366 demonstrare.
399 2295 580 2384 Expectent
594 2295 702 2382 igitur.

523 2707 654 2822 incr.
691 2751 807 2819 xvn.

132 2895 162 2964 I.
261 2896 294 2964 D
317 2921 364 2979 ea,
388 2921 460 2986 qnae
483 2901 544 2966 sub
569 2900 692 2966 finitam
717 2898 946 2988 praeeedentem
971 2895 1192 2985 proposuimus

276 3002 519 3069 demonstranda
528 3006 743 3086 messanum,
755 3005 896 3091 alioquin
907 3001 1080 3083 toralium,
1100 2999 1194 3068 Gont-

134 3129 243 3172 oorum
259 3107 434 3174 Sectrbnum
440 3111 667 3196 propnetatem
682 3109 839 3196 imprimis
854 3105 1063 3174 ostendemus.

200 3208 251 3276 Sit
274 3211 471 3298 triangulum
486 3212 593 3292 ΑΟΕ,
618 3223 738 3278 rectum
763 3212 886 3278 habens
910 3210 1063 3298 angulum
1088 3207 1128 3275 ad
1149 3208 1178 3276 Ο
1183 3235 1191 3291 ;
1207 3227 1263 3296 Fig.
1280 3243 1333 3296 ιφ.

134 3310 166 3376 dr
184 3311 348 3378 indefinite
368 3314 535 3401 protractis
559 3314 713 3380 lateribus
727 3314 802 3394 ΑΟ,
818 3315 893 3394 ΑΕ,
917 3313 951 3378 in
966 3314 1035 3380 ΑΟ
1051 3324 1194 3380 sumatur

135 3414 307 3502 quodpiam
325 3427 479 3503 punctum
495 3417 539 3496 X,
563 3416 758 3502 duceturque
779 3416 817 3480 X
820 3417 850 3480 Ο
873 3415 914 3480 ad
939 3415 998 3482 ΟΕ
1018 3415 1172 3502 parallela
1182 3441 1190 3496 ;

135 3516 291 3582 inseratur
311 3528 417 3583 autem
438 3519 556 3606 angulo
578 3517 642 3584 CX
644 3518 674 3582 Ο
697 3527 782 3583 recta
803 3517 862 3583 ΟΖ
873 3515 1004 3602 aequalis
1025 3515 1088 3602 ipsi
1103 3516 1141 3579 X
1143 3516 1192 3595 (33

136 3618 206 3686 dico
230 3630 383 3707 punctum
405 3619 684 3687 indeterminatum
703 3621 736 3686 Z
751 3619 793 3686 ad
816 3618 991 3685 sectionum
1014 3617 1193 3685 conicarum

135 3719 276 3810 aliquam
290 3725 471 3792 consistere.

201 3929 248 3996 Π.
293 3929 417 4020 Nempe
431 3932 543 4020 primo,
564 3932 606 3997 sit
621 3932 758 4020 angulus
773 3932 806 3997 A
828 3931 992 3998 semitecto
1009 3931 1113 3998 minor
1130 3935 1194 4020 (vel

134 4032 237 4099 AO>
253 4033 324 4118 ΟΕ)
348 4034 407 4099 erit
429 4045 582 4121 punctum
597 4036 631 4099 Z
647 4035 689 4100 ad
712 4033 850 4123 ellipsin,
875 4058 945 4122 quae
969 4037 1195 4108 determinatur

135 4135 196 4203 hoc
210 4148 321 4225 pacto:
342 4137 468 4224 Anguli
482 4138 577 4204 LOP
586 4138 743 4204 semirecti
757 4136 837 4203 fiant
855 4138 908 4223 (ad
921 4148 1086 4227 utramque
1098 4153 1194 4212 rectae

141 4242 202 4308 ΟΕ
211 4243 345 4329 partem)
362 4242 463 4329 liquet
477 4242 576 4329 igitur
590 4253 691 4308 rectas
708 4242 767 4309 ΟΡ
775 4241 838 4329 ipsi
852 4242 922 4306 ΑΕ
932 4264 1100 4327 occurrere,
1116 4261 1195 4336 puta

134 4342 176 4407 ad
191 4353 310 4430 puncta
324 4344 365 4419 R,
380 4354 414 4410 et
431 4343 472 4424 83
489 4345 530 4411 ab
545 4345 596 4410 hia
611 4344 769 4432 adipeam
783 4343 850 4410 ΕΟ
865 4342 1024 4431 parallelae
1039 4345 1196 4420 ducantur·

134 4456 227 4512 rectae
241 4448 314 4530 ΕΤ,
328 4448 402 4530 81⁷3
418 4449 524 4538 palam
540 4458 589 4515 est
603 4446 880 4513 indeterminatum
895 4458 1049 4535 punctum
1065 4451 1104 4520 X
1112 4451 1196 4525 inter
