3167 5192
297 349 337 414 12
685 360 810 412 omnio
832 360 1066 410 amurcam.

297 540 443 626 geminus
457 547 489 605 et
504 537 693 626 persimilis:
716 539 837 626 apropic
857 537 1001 603 cordatus
1018 537 1106 604 dom
1119 550 1298 624 cautoque,
1313 535 1368 625 qui
1383 557 1462 603 cum
1565 598 1566 601 ,

299 641 421 730 insigni
431 643 514 730 juris
529 643 643 730 peritis
657 666 721 709 non
741 643 873 708 inferius
885 642 1021 729 justitiae
1035 640 1176 707 studium
1192 641 1369 728 conjunxit,
1383 664 1463 707 cum

298 769 415 832 magno
429 767 533 812 rerum
548 769 610 812 usu
623 769 726 812 raram
741 746 857 812 mentis
871 745 1087 831 integritatem
1102 744 1253 809 sociavitz
1275 745 1311 808 in
1324 766 1363 809 eo
1376 766 1462 831 prae·

298 839 391 934 cipue
405 847 561 914 mirabilis
576 859 608 914 et
622 848 711 927 felix,
734 847 912 933 quodcum
931 847 973 912 ad
993 847 1153 932 aequitatis
1175 867 1319 912 normam
1338 845 1462 932 dirigat

299 951 415 1030 omnia,
432 974 647 1038 necunquam
669 951 801 1016 honeste
822 949 960 1016 faciendi
981 949 1181 1014 voluntatem
1202 948 1283 1014 bene
1304 947 1461 1013 audiendi

300 1055 412 1140 gratiae
426 1065 607 1142 postponat,
624 1053 737 1140 optimi
752 1064 860 1119 temen
875 1053 937 1118 riri
952 1052 1039 1139 apud
1053 1074 1163 1118 omnes
1183 1051 1334 1138 consequi
1351 1052 1462 1136 potuit

300 1156 490 1243 opinionem,
507 1167 625 1222 etcum
641 1161 725 1221 recte
740 1155 933 1220 conscientie
947 1156 1104 1240 integram
1118 1153 1236 1219 famam
1251 1176 1458 1220 conservare:

299 1259 473 1346 quadratus
489 1259 583 1324 homo
598 1259 702 1346 plane,
720 1259 816 1345 inque
831 1280 879 1338 ee,
895 1259 947 1324 cui
962 1258 1067 1345 ipsum
1086 1257 1168 1323 ratio
1186 1257 1298 1336 affixit,
1318 1256 1385 1322 situ
1405 1257 1459 1321 in·

298 1384 486 1428 concussus:
517 1363 642 1450 antiqui
664 1362 769 1442 moris,
793 1372 910 1450 apertae
931 1361 1124 1448 sinceraeque
1143 1359 1272 1446 indolis,
1295 1359 1385 1425 nulls
1405 1359 1459 1424 in·

297 1464 428 1530 volutus
454 1464 548 1544 nube,
577 1465 666 1529 nullo
691 1465 764 1530 fuco
790 1465 993 1530 incrustatus.
1039 1463 1080 1528 In
1108 1460 1322 1551 dijudicandis
1349 1485 1458 1528 rerum

299 1567 467 1632 momentis
490 1590 560 1632 acer
582 1577 613 1633 et
635 1568 821 1654 perspicax3
845 1567 879 1632 in
901 1565 1128 1652 amplectendis
1150 1564 1291 1630 consiliis
1312 1573 1458 1630 maturus

298 1679 330 1736 et
345 1669 605 1758 circumspectus;
629 1671 663 1736 in
683 1670 847 1736 retinendo
867 1670 1028 1757 proposito
1047 1672 1196 1734 constans
1214 1679 1247 1734 ct
1268 1667 1396 1753 gravis3
1418 1677 1459 1734 ut
1565 1698 1566 1709 ¹

297 1779 353 1866 qui
368 1801 427 1844 nec
441 1789 558 1846 temere
573 1781 725 1867 suscipiat
740 1779 872 1866 aliquid,
888 1801 990 1865 neque
1012 1801 1046 1844 se
1067 1777 1161 1844 facilc
1182 1777 1322 1863 patiatur
1341 1800 1360 1842 a
1381 1799 1458 1863 pro·
1565 1858 1566 1869 ἵ

297 1882 400 1958 babili
425 1882 573 1948 instituto
600 1882 773 1962 dimoveri3
805 1882 880 1947 talis
901 1881 1049 1967 denique,
1072 1881 1216 1945 cuicum
1238 1889 1308 1944 tuto
1328 1900 1459 1944 summa
1565 1872 1566 1939 l

297 1985 377 2050 fides
391 1984 512 2063 haberi,
527 1993 560 2050 et
574 1984 764 2070 gravissima
778 1984 907 2069 negotia
921 1995 1005 2049 recte
1019 1980 1175 2048 committi
1188 1981 1321 2069 possint,
1336 1991 1407 2046 tum
1419 1979 1457 2046 in

297 2087 357 2152 hec
377 2087 630 2153 administranda
650 2086 825 2174 provincie,
846 2097 912 2152 tam
934 2086 1078 2164 fideliter,
1099 2085 1219 2164 dextre,
1242 2083 1400 2172 sapienter
1419 2105 1457 2149 se
1565 2088 1566 2151 l

297 2185 459 2275 gessit'ut
474 2211 538 2254 non
552 2210 613 2274 ego
628 2198 764 2268 tantum,
781 2200 812 2254 et
832 2189 888 2275 qui
909 2189 990 2254 mihi
1010 2190 1044 2254 in
1064 2189 1125 2254 hoc
1144 2210 1262 2254 munus
1279 2186 1456 2253 mooessuri
1565 2184 1566 2205 ¹

296 2302 380 2370 sunt,
397 2290 453 2356 sed
468 2301 500 2356 et
513 2290 663 2356 univorsa
678 2289 863 2371 Academia,
878 2291 1033 2378 bonaeque
1048 2290 1126 2356 adeo
1142 2313 1251 2356 omnes
1269 2290 1369 2356 literae
1389 2290 1456 2356 sint
1565 2332 1566 2345 κ

296 2391 490 2458 immortales
506 2392 553 2456 illi
570 2391 688 2479 gratias
703 2391 866 2460 debiturae.
1565 2460 1566 2489 ,

361 2497 455 2564 Alter
469 2507 584 2578 autem,
600 2496 722 2563 nemini
736 2508 887 2577 vestrmn,
903 2519 968 2563 non
990 2499 1032 2563 ab
1053 2497 1195 2575 honesto,
1215 2519 1310 2584 quem
1329 2508 1376 2562 tot
1396 2518 1455 2562 an-
1565 2552 1566 2557 ,

295 2621 363 2680 nos,
379 2600 444 2667 imo
460 2611 507 2668 tot
522 2601 623 2668 lustra
643 2601 797 2668 sustinuit
816 2601 903 2689 apud
921 2611 989 2682 ros,
1010 2601 1079 2667 loco
1098 2601 1293 2682 notissimus,
1314 2624 1334 2664 a
1352 2600 1455 2665 virtu·
1565 2674 1566 2677 Ἴ

294 2703 381 2769 tibus
396 2705 463 2770 suis
478 2704 817 2784 commendatissima,
834 2707 875 2770 ab
890 2703 1029 2790 egregiis
1042 2726 1119 2790 erga
1131 2726 1189 2769 uos
1206 2704 1327 2769 meritis
1346 2704 1455 2769 colen·

296 2806 457 2886 dissimus,
473 2806 615 2871 Thomas
631 2806 741 2872 Buclr:
766 2807 850 2871 idem
870 2806 934 2885 ille,
951 2806 1042 2894 cujus
1060 2806 1202 2893 quotidie
1216 2807 1331 2872 vestris
1351 2806 1453 2874 oculis

296 2918 433 2992 augusta
452 2909 572 2993 species
589 2909 737 2995 corporis,
754 2920 786 2974 et
806 2909 869 2973 oris
889 2910 1067 2975 veneranda
1087 2910 1229 2996 dignitas
1246 2911 1451 2976 obversatum:

295 3007 386 3094 cujus
398 3006 500 3072 indies
512 3009 781 3096 promptissimam
792 3011 1022 3078 humanitatem
1037 3013 1281 3100 persentiscitis3
1298 3013 1454 3101 cujusque

294 3109 388 3175 toties
409 3109 443 3174 in
464 3111 669 3196 procurandis
688 3111 888 3198 gravissimis
906 3115 1043 3200 negotiis
1062 3115 1187 3195 vestris,
1206 3114 1373 3181 asserendo
1394 3115 1453 3182 ho-
1565 3102 1566 3147 ³

295 3235 380 3293 nore,
419 3213 593 3279 commodis
628 3215 851 3302 provehendis,
885 3239 1032 3302 gnavum,
1065 3217 1174 3299 fidem,
1206 3241 1452 3307 prosperamque

296 3337 423 3403 operam
438 3316 561 3402 experti
577 3317 671 3384 estis:
695 3319 745 3383 vir
768 3341 853 3399 sane,
871 3321 927 3406 qui
950 3343 1022 3386 cum
1045 3321 1193 3387 omnibus
1215 3322 1307 3388 bonis
1329 3322 1453 3388 artibus

293 3419 381 3486 haud
403 3418 602 3485 mediocriter
625 3420 772 3488 excultus
795 3423 848 3503 sit,
874 3447 947 3489 cum
972 3425 1142 3512 prudentie
1166 3426 1219 3492 vel
1244 3425 1308 3492 fide
1331 3425 1452 3514 primas
1565 3470 1566 3473 =

293 3521 444 3588 concedat
466 3522 596 3603 nemini,
619 3533 689 3589 tum
712 3547 787 3590 vero
810 3525 967 3592 laudabili
988 3526 1146 3592 industris
1165 3527 1333 3614 plerosque
1356 3530 1452 3614 (pene

293 3627 446 3694 dixissem
472 3629 593 3713 omnes)
622 3629 719 3715 longo
749 3630 919 3696 intervallo
947 3643 1019 3718 post
1048 3654 1083 3698 se
1112 3631 1265 3718 relinquit
1290 3633 1449 3698 mortales.

294 3731 430 3798 Difficile
445 3731 526 3797 mihi
541 3733 583 3798 sit
602 3733 677 3818 (imo
697 3756 826 3820 prorsus
843 3735 1052 3823 impossibile)
1069 3758 1150 3822 quos
1165 3737 1220 3802 ille
1233 3743 1341 3803 vestre
1354 3744 1451 3803 canat
1565 3734 1566 3811 J

294 3835 466 3900 exantlarit
491 3835 624 3916 labores,
653 3835 764 3922 quales
789 3838 955 3924 pertulerit
976 3838 1147 3920 molestias,
1173 3847 1251 3926 quot
1276 3841 1451 3929 susceperit

294 3935 417 4016 itinera,
443 3949 563 4024 quanta
585 3938 744 4004 devorarit
769 3940 874 4020 taedia,
899 3942 1005 4008 verbis
1026 3941 1195 4028 explicare,
1217 3942 1270 4008 vel
1291 3942 1393 4031 ipsius
1414 3943 1450 4010 in

293 4040 416 4125 agendo
431 4041 631 4126 diligentiam
646 4049 718 4109 met
732 4043 859 4130 assequi
874 4043 1042 4129 diligentia
1056 4043 1193 4110 dicandi.
1238 4044 1344 4111 Testis
1361 4067 1449 4111 eram

297 4147 474 4232 (quatenus,
490 4144 630 4230 inquam,
646 4146 813 4211 admiratio
828 4147 1020 4232 permiserat,
1036 4147 1138 4232 testis)
1155 4159 1275 4234 quanto
1290 4147 1355 4229 ille,
1370 4148 1449 4215 dum

291 4271 358 4313 rem
373 4257 510 4312 vestram
526 4243 790 4334 typographicam
805 4260 940 4335 urgeret,
954 4273 1026 4315 cum
1041 4273 1107 4316 susc
1122 4250 1234 4316 salutis
1248 4261 1281 4316 et
1294 4251 1340 4316 rei
1354 4251 1449 4317 fami·

291 4351 380 4416 liaris
400 4349 577 4438 dispendio,
594 4351 705 4417 honori
724 4365 832 4420 vestro
851 4355 1051 4443 prospiceret,
1067 4354 1233 4420 commodo
1256 4355 1446 4423 deserviret:

291 4476 362 4540 quae
378 4475 491 4540 nempe
510 4451 581 4519 laus
601 4453 679 4542 ejus,
697 4453 809 4522 nitidis
828 4456 982 4544 impressa
1000 4457 1243 4538 characteribus,
1259 4457 1302 4523 ad
1320 4459 1449 4525 infimos
