3167 5192
128 336 220 385 secr.
237 322 328 405 xv1.]
465 340 650 393 ecmonus
672 343 946 398 nsunsusnon.
1222 340 1286 406 267

124 505 222 593 liujus
236 516 269 571 et
281 505 487 594 praecedentis
503 508 663 576 instentiae
680 511 770 578 nulle
782 535 910 601 prorsus
924 525 972 582 est
986 517 1164 607 disparitas.
1209 522 1285 592 Non

122 632 221 675 ovum
236 631 308 690 ovo,
324 610 410 698 quod
424 611 524 693 aiunt,
540 613 686 681 similius.

187 714 243 779 Its
256 713 378 780 scilieet
392 737 453 781 usu
466 715 574 781 venire
588 716 678 798 solet,
693 728 730 784 ut
744 720 800 808 qui
815 743 889 789 euos
903 745 1021 791 errores
1039 736 1210 796 extenuare
1229 730 1282 797 vel

121 816 294 884 defendere
310 817 445 898 malunt,
463 840 560 906 qnam
579 819 717 907 ingenue
732 823 885 905 confiteri,
901 826 1019 893 nedum
1038 852 1102 895 non
1123 830 1283 899 declinant

119 942 186 999 eos,
209 929 245 985 at
269 919 378 1006 plures
403 921 529 1007 saepius,
554 944 671 1009 eosque
694 925 853 1011 prioribus
879 927 1047 997 deteriores
1071 934 1282 1003 accumulent.

119 1023 188 1092 Sed
202 1022 325 1090 excidit
337 1023 419 1088 mihi
433 1046 543 1091 versus
556 1024 617 1091 rite
631 1026 796 1113 sdagislis,
919 1028 935 1065 ³

341 1174 393 1253 Μὴ
413 1178 498 1236 κινεῖν
519 1177 692 1254 Καμαρίναν,
713 1176 842 1250 α’κίνητος
861 1180 916 1263 γὰρ
937 1182 1064 1261 α’μείνων.

118 1326 255 1392 Maneat
270 1334 376 1391 autem
390 1326 540 1412 quoniam
560 1326 711 1413 temporis
727 1328 889 1413 quantitas
910 1332 1026 1415 (annus
1044 1332 1174 1414 scilicet,
1190 1358 1279 1401 men-

116 1442 220 1511 strua,
242 1429 367 1513 diurna)
387 1450 461 1495 cum
482 1428 576 1493 linere
597 1428 798 1515 longitudine
824 1432 952 1519 (pedali,
974 1435 1114 1518 cubitali,
1138 1436 1276 1523 stadiali)

116 1534 297 1600 secundum
311 1531 523 1619 equalitatem
535 1541 591 1596 cut
600 1531 857 1619 inequalitatem,
870 1558 1034 1603 excessum
1045 1550 1100 1605 aut
1112 1538 1279 1622 delectum,

115 1636 318 1703 additionem
332 1634 386 1701 vel
400 1634 641 1700 subductionem
658 1636 770 1722 nequit
788 1640 932 1726 apposite
951 1642 1135 1728 compareri,
1151 1642 1208 1709 illa
1226 1664 1282 1732 pe-

115 1740 210 1807 nitus
230 1760 301 1805 esse
321 1737 535 1824 homogenea3
563 1760 667 1824 noque
688 1761 753 1804 non
774 1740 885 1808 eodem
907 1743 1001 1810 modo
1023 1746 1136 1811 affecte
1159 1746 1281 1835 reliqua

114 1853 251 1932 quanta,
271 1864 331 1907 nec
349 1863 370 1906 s
386 1838 686 1907 Mathematicorum
705 1842 819 1909 bacin
838 1852 926 1932 perte
944 1848 1104 1913 communi
1123 1850 1281 1918 sententis

114 1956 219 2034 etque
233 1966 376 2012 sermone
390 1942 615 2010 discedendum
630 1968 708 2011 esse.

184 2048 284 2131 Quod
298 2049 326 2114 si
340 2047 409 2114 hec
421 2046 578 2113 vocabula
591 2068 819 2136 nonnunquam
834 2050 926 2118 aliter
940 2064 1102 2119 occurrent
1116 2068 1277 2145 usurpata,

114 2164 152 2221 ut
179 2152 309 2240 siquis
333 2159 460 2238 propter
483 2159 605 2214 natnrae
630 2150 844 2216 subalternam
868 2154 1027 2240 quandam
1053 2156 1279 2241 diversitatem,

114 2258 222 2324 lineas
246 2277 360 2321 curvus
384 2254 487 2328 rectis,
509 2261 566 2318 cut
586 2254 767 2341 superficies
790 2256 906 2341 gibbus
928 2257 1033 2344 planis
1054 2258 1279 2349 heterogeneas

114 2362 224 2441 dicct3
247 2358 406 2447 quomodo
419 2357 543 2422 Remus
561 2358 695 2444 angulos
714 2369 816 2425 rectos
835 2360 1014 2427 rectilineus
1033 2362 1170 2449 obliquis
1187 2364 1281 2431 recti-

115 2464 214 2530 lineis
233 2463 459 2547 heterogeneos
478 2459 558 2525 dicit
577 2460 719 2547 (parique
740 2460 805 2527 lere
827 2461 866 2528 de
888 2469 983 2529 ccust
1004 2464 1158 2549 potuisset
1179 2465 1280 2553 quud-

114 2577 243 2633 rantem
256 2564 443 2653 peripheriae
457 2564 618 2630 circularis
633 2562 783 2643 sextanti,
799 2563 916 2631 lineam
933 2565 1077 2653 pedclem
1095 2567 1279 2654 semipedali

115 2671 347 2756 heterogeness
367 2667 557 2756 appellsrc);
584 2666 689 2733 antei
715 2676 842 2754 propter
863 2667 1116 2735 convenientiam
1138 2668 1278 2757 aliquem

116 2774 315 2862 peculiarem
335 2795 450 2860 genere
471 2771 630 2859 disjuncta
649 2780 770 2858 quante
791 2782 942 2837 vocentur
963 2772 1177 2859 homogenec3
1200 2796 1278 2862 quo-

115 2878 212 2945 modo
226 2900 338 2945 recens
351 2877 482 2964 quidum
496 2875 692 2955 Geometra¹‚
702 2873 822 2962 alioqui
836 2897 902 2940 non
916 2875 1102 2956 ineruditus,
1114 2877 1279 2965 parallelo-

116 3004 301 3068 grammum
320 2992 353 3048 et
368 2978 548 3068 cylindnrm
567 2980 778 3066 homogenees
799 2978 917 3065 figuras
934 2978 1118 3067 appellitct3
1141 3004 1178 3047 eo
1193 2983 1279 3070 quod

115 3085 150 3151 in
170 3084 237 3152 hoc
257 3084 352 3149 lineae
371 3091 466 3148 recte
486 3079 558 3147 bcsi
578 3080 740 3168 parellclae
760 3080 859 3147 simili
880 3090 986 3148 tenore
1008 3082 1191 3169 procedunt,
1214 3108 1278 3172 quo

116 3189 230 3256 circuli
244 3186 390 3276 parelleli
404 3186 439 3251 in
454 3185 529 3265 illo;
546 3182 633 3270 quod
646 3184 675 3249 is
688 3194 781 3250 vocat
794 3206 850 3271 per
863 3183 1020 3251 clemente
1033 3188 1281 3275 proportionalis

116 3293 299 3382 procedere.
343 3291 439 3358 Tales
469 3288 625 3375 (inquam)
655 3288 868 3373 memdovlos
896 3298 928 3353 et
956 3289 1138 3375 peregrinas
1164 3313 1278 3357 vocum

117 3398 278 3463 novitates
299 3392 532 3483 limpidissimis
549 3390 636 3457 hisce
657 3389 797 3456 scientiis
820 3389 989 3477 caliginem
1011 3402 1043 3457 et
1063 3391 1279 3459 contusionem

117 3498 306 3567 inducentes
320 3520 431 3568 cavere
444 3503 573 3585 prestat
587 3503 620 3560 et
632 3515 796 3581 respuerc3
819 3492 982 3579 multoque
1000 3492 1101 3559 setius
1121 3503 1204 3560 esset
1223 3517 1280 3560 ex·

117 3602 294 3690 primendis
308 3600 455 3668 sensibus
467 3597 584 3665 nostris
598 3618 683 3663 nova
696 3594 853 3663 vocabula
866 3594 1071 3681 confringere,
1083 3618 1179 3683 quem
1194 3605 1280 3664 vete·

118 3705 208 3772 ribus
222 3727 284 3771 usn
298 3703 428 3770 sancitis
442 3701 541 3769 abuti.

186 3806 253 3875 Sed
273 3830 405 3873 menum
428 3806 468 3872 de
491 3805 551 3870 hac
572 3802 693 3870 tabule
738 3800 923 3889 Oogittrem
948 3800 1000 3867 his
1024 3800 1064 3869 de
1090 3811 1279 3891 quantorum

121 3908 286 3999 bpoyeec‘p
310 3921 345 3977 et
367 3905 562 3995 ἑτερογενείᾳ
582 3905 752 3993 disputetis
775 3904 859 3971 circa
884 3906 1024 3993 ipsorum
1047 3903 1223 3990 ὁμοείδειαν
1247 3916 1280 3975 et

121 4014 325 4103 ε’τεροεῶειαν
352 4010 606 4097 (similitudinem
635 4019 668 4075 et
695 4006 1001 4097 dissimilitudinem)
1030 4010 1177 4099 quaedum
1201 4012 1278 4079 sub-

577 4128 587 4160 ¹
604 4129 669 4179 Ant.
691 4127 809 4178 susim.

174 4368 230 4425 'l'lre
247 4366 375 4425 received
392 4364 531 4421 doctrines
549 4360 659 4434 require
677 4377 714 4417 no
730 4361 843 4431 ohcngc.

176 4456 300 4513 Romus’s
316 4452 444 4509 mistalse,
