3167 5192
60 394 66 411 “
133 401 228 454 uror.
244 386 299 476 ru]
443 405 632 460 uncrrours
653 408 894 460 ouonuunron.
1128 392 1192 460 179

129 573 217 644 linea
229 575 299 642 ΑΒ
309 575 407 666 juxte
423 577 541 647 lineum
555 581 734 669 quamlibet
753 581 821 651 Bo
835 581 870 649 in
892 580 955 650 ulio
976 579 1073 672 pleno
1094 578 1192 649 collo·

129 689 250 762 ostsm3
271 680 319 747 its
334 681 464 770 quidem
482 692 522 750 ut
540 683 672 772 eliquod
691 685 784 754 lines
803 687 933 754 mobilis
947 695 1102 776 punctum
1116 705 1193 751 con·

128 781 220 850 tinuo
240 783 333 851 lineoe
352 784 419 853 Bc
429 785 600 869 inbaerest3
627 809 670 854 ex
688 788 872 878 hujusmodi
891 799 980 857 motu
1001 788 1191 879 producetur
1329 833 1332 838 ι

128 907 227 954 curus
254 888 437 976 superficies
468 891 499 974 (e
526 889 634 978 plenis
669 891 784 960 sulum
818 894 1002 981 composite,
1032 915 1128 982 quem
1158 900 1191 958 et

127 989 269 1077 generali
297 991 428 1074 ustione,
457 1003 533 1081 post
553 993 784 1076 Archimedem
808 1015 938 1062 curvem
960 995 1121 1084 appellere
1141 993 1190 1060 nil

126 1095 247 1179 vetet);
272 1116 346 1182 qum
367 1095 508 1184 quidem,
531 1095 560 1163 si
579 1095 665 1163 lines
689 1097 842 1165 direct-ix
861 1107 930 1165 tots
944 1103 1150 1187 componetur
1169 1119 1189 1164 e

126 1195 257 1263 definite
264 1198 397 1284 mugnis
411 1199 505 1265 rectis
519 1198 624 1282 lineis,
645 1200 703 1267 fiet
719 1201 905 1290 Superficies
917 1201 1146 1290 pyramidum,
1168 1221 1188 1266 e

126 1298 297 1386 triangulis
310 1300 352 1366 ed
366 1300 518 1368 verticem
539 1303 838 1371 Vconcurreutibus
852 1313 1043 1391 aggregete3
1061 1302 1112 1369 siu
1126 1303 1188 1369 cir·

127 1400 243 1468 tuleris
262 1402 367 1484 fuerit,
387 1413 444 1470 eut
462 1404 643 1472 conicerum
663 1404 840 1472 sectionum
859 1406 976 1495 ulique,
997 1405 1187 1493 Superficies

126 1504 243 1572 credet
265 1505 373 1572 stricte
398 1507 530 1590 ωηίσα,
555 1507 607 1572 sin
630 1507 762 1574 alterius
784 1508 910 1596 generis
935 1507 1051 1595 eliqua,
1078 1506 1187 1574 conice

126 1607 240 1674 saltem
261 1618 394 1676 extenso
415 1609 513 1678 latius
533 1609 717 1698 significatu
735 1610 876 1694 dicetur3
898 1619 931 1678 et
953 1633 974 1676 e
994 1609 1186 1698 quibusdem

128 1709 254 1776 dicitur.

171 1857 174 1862 -
191 1811 294 1900 Cujus
315 1814 445 1903 quidem
463 1817 650 1907 Superficici
667 1817 843 1906 proprietas
866 1823 924 1896 est,
947 1837 989 1882 ex
1003 1814 1074 1903 ipss
1090 1837 1187 1902 gene·

126 1915 249 1984 ratione
272 1919 451 2001 manifeste,
479 1920 566 2009 quod
594 1921 623 1988 si
651 1921 833 2010 perfixum
858 1929 1012 2008 punctum
1041 1919 1073 1985 V
1090 1918 1186 2007 pleno

126 2028 257 2101 secetur,
273 2022 451 2088 communis
465 2023 555 2110 pleni
573 2025 732 2111 cumipse
751 2023 849 2090 sectio
867 2022 927 2088 erit
942 2020 1080 2109 ungulus
1093 2019 1187 2086 recti·

126 2118 240 2188 lineus.
272 2121 359 2189 Nem
373 2124 402 2190 si
414 2124 546 2213 plenum
560 2125 665 2213 ipsum
679 2148 791 2192 secans
805 2148 862 2212 per
883 2124 1015 2192 Vlincse
1029 2121 1187 2190 directrici

127 2235 268 2291 occurret
280 2227 315 2292 in
329 2228 457 2315 punctis
477 2228 612 2310 duobus,
633 2228 724 2294 utin
739 2229 783 2310 D,
804 2229 840 2292 E
852 2227 1007 2312 (occurret
1026 2236 1132 2292 sutem
1151 2225 1187 2290 in

126 2323 260 2407 duobus,
280 2328 360 2394 clius
380 2326 588 2416 Supsrliciem
607 2329 711 2416 ipsum
729 2351 796 2394 non
816 2327 947 2412 seceret)
971 2327 1074 2393 dumne
1093 2335 1187 2392 rectus

133 2429 201 2509 VD,
224 2429 283 2495 ΥΕ
293 2438 386 2495 erunt
399 2442 466 2496 tem
481 2431 516 2496 in
529 2430 625 2518 pleno
640 2439 777 2505 secante,
792 2451 889 2518 quern
904 2429 940 2494 in
954 2433 1053 2495 curve
1068 2427 1188 2515 Super·

125 2529 211 2612 licic3
226 2531 262 2596 in
272 2532 378 2619 pleno,
393 2555 436 2598 ex
450 2532 541 2619 pleni
554 2535 682 2613 natust3
697 2533 734 2597 in
748 2530 934 2619 superficie,
949 2529 1027 2617 quis
1040 2528 1187 2616 genetrix

126 2632 236 2699 eudem
257 2643 344 2700 recto
364 2655 422 2721 per
439 2633 551 2698 herum
571 2634 723 2700 terminos
744 2631 868 2714 transit,
890 2631 1032 2720 ipsisque
1053 2630 1186 2718 proinde

125 2733 286 2800 coincidit.
317 2733 359 2799 In
373 2733 557 2822 hujusmodi
567 2757 643 2800 vero
653 2744 752 2815 motu,
764 2734 869 2822 posito
885 2732 971 2820 quod
985 2732 1078 2800 linere
1093 2742 1185 2800 rectos

125 2857 147 2903 c
169 2845 287 2925 puncto
308 2837 375 2904 lixo
404 2839 436 2904 V
457 2841 527 2925 (seu
545 2837 677 2922 uertice)
703 2837 744 2903 sd
766 2835 962 2903 directricem
983 2835 1102 2905 lineam
1123 2834 1190 2902 Bo
1280 2871 1284 2878 ,

126 2937 229 3005 ductae
248 2948 325 3006 sunt
343 2939 516 3028 inequales
530 2940 614 3006 inter
632 2963 677 3021 se,
696 2940 777 3006 setis
795 2939 898 3027 liquet
912 2937 1030 3006 lineam
1044 2938 1110 3004 ΒΟ
1120 2959 1185 3004 non

125 3065 146 3109 c
158 3053 278 3130 puncto
288 3042 492 3122 Bdeliuesm,
507 3043 561 3110 vel
575 3042 798 3130 perambulem,
815 3042 891 3131 quie
905 3041 998 3109 liuere
1013 3038 1184 3129 inaequcles

126 3147 178 3231 (ut
198 3146 263 3226 VB,
285 3147 350 3228 ΥΕ,
373 3146 444 3231 VO)
462 3146 525 3212 sibi
539 3156 702 3234 nequeunt
715 3168 888 3234 congruere
897 3169 907 3226 3
931 3144 1071 3232 adeoque
1084 3165 1183 3233 punc·
1196 3143 1254 3211 rig.
1266 3144 1290 3196 ⁸·
1421 3152 1425 3160 '

125 3256 195 3314 tum
208 3248 242 3313 B
253 3247 458 3335 progrfflens
471 3270 578 3336 supra,
599 3248 653 3316 uel
667 3248 751 3314 infru
763 3256 883 3334 punctu
897 3248 937 3328 B,
959 3247 1000 3327 Ε,
1029 3245 1059 3314 0
1074 3245 1183 3326 cedet3
1240 3313 1243 3318 .

124 3363 162 3420 ut
175 3373 234 3418 nec
247 3353 359 3419 etdern
373 3353 590 3441 inequalitste
603 3353 769 3440 suppositt
778 3360 933 3440 punctum
948 3349 1083 3438 quodvis
1097 3348 1185 3416 aliud

127 3455 175 3542 (in
182 3455 323 3544 VBputc
336 3457 378 3541 (ἕ)
388 3466 479 3523 motu
488 3478 547 3522 suo
557 3456 675 3523 lineum
687 3455 845 3522 describet
855 3454 948 3520 lineae
959 3452 1114 3519 direcmici
1122 3451 1189 3520 Bo

125 3557 281 3640 similem3
305 3562 413 3647 (quere
433 3559 519 3626 lines
536 3559 593 3626 ΥΒ
609 3557 800 3646 supponitur
820 3553 984 3622 indefinite
1002 3554 1182 3641 protense-3)

125 3670 160 3724 st
172 3681 248 3726 vero
261 3660 290 3725 si
305 3661 397 3728 lineae
411 3683 531 3742 omnes,
543 3682 615 3748 quse
629 3663 671 3728 cb
689 3659 770 3727 Vsd
784 3659 850 3726 Bo
857 3657 931 3724 duci
944 3665 1078 3744 possunt
1094 3657 1185 3743 (ques

127 3760 313 3850 Superliciei
326 3763 497 3852 preposite
511 3763 611 3830 lutera
628 3784 849 3850 nuncupemus
866 3759 952 3845 lieet)
969 3757 1185 3847 proportione-

125 3865 200 3932 liter
219 3876 365 3934 secentur
388 3867 436 3951 (id
452 3865 539 3955 quod
556 3866 614 3933 fiet
634 3890 656 3932 s
675 3865 771 3954 pleno
791 3887 849 3953 per
870 3862 953 3928 bunc
978 3859 1185 3948 Superficiem

124 3969 255 4056 trajecto
268 3969 310 4035 ud
322 3969 465 4058 planum,
475 3970 510 4034 in
521 3990 585 4057 quo
600 3968 663 4036 sits
672 3978 721 4034 est
730 3967 802 4048 ΒΟ,
814 3962 977 4054 parallelo)
991 3961 1186 4030 divisionum

124 4080 245 4159 puncto
256 4069 374 4136 lineum
386 4070 588 4151 constituent,
603 4069 717 4136 saltem
731 4067 773 4134 sd
786 4066 904 4134 lineum
919 4064 1102 4143 consistent,
1122 4061 1186 4150 ipsi

125 4172 191 4241 ΒΟ
210 4171 360 4240 similem.
404 4171 519 4240 Ductis
541 4173 627 4240 enim
651 4171 810 4259 quotlibet
834 4168 987 4236 lateribus
1019 4167 1082 4247 VB,
1117 4166 1184 4247 VD,

133 4277 198 4358 ΥΕ,
221 4275 287 4356 VO,
302 4284 336 4343 et
348 4275 444 4344 ducto
462 4275 559 4365 pleno
580 4275 717 4343 affl
729 4273 771 4340 sd
789 4272 922 4359 plenum
936 4269 1066 4337 ΒΕΕΟ
1081 4265 1186 4357 perul-

125 4377 199 4458 lelo,
214 4377 280 4444 sint
293 4399 478 4446 communes
491 4376 577 4464 pleni
600 4377 689 4444 VBD
702 4397 776 4442 cum
790 4371 896 4462 plenis
910 4371 982 4453 Bc,
1010 4371 1081 4440 GH
1092 4371 1185 4438 secti-
1196 4382 1278 4436 Elem.
1290 4396 1328 4437 ιι.

69 4521 74 4528 ·
125 4501 205 4549 ones
218 4488 312 4549 recte
326 4479 401 4560 BD,
421 4478 507 4560 ΕΚ,
521 4478 573 4548 bc
585 4476 747 4568 puellule
759 4483 863 4547 erunt.
904 4472 987 4544 Item
1002 4493 1185 4544 communes
1200 4447 1238 4502 ¹⁶·
