<?xml version="1.0" encoding="UTF-8"?>
<!DOCTYPE html PUBLIC "-//W3C//DTD XHTML 1.0 Transitional//EN"
    "http://www.w3.org/TR/xhtml1/DTD/xhtml1-transitional.dtd">
<html xmlns="http://www.w3.org/1999/xhtml" xml:lang="en" lang="en">
 <head>
  <title>
</title>
<meta http-equiv="Content-Type" content="text/html;charset=utf-8" />
  <meta name='ocr-system' content='tesseract 3.04.00' />
  <meta name='ocr-capabilities' content='ocr_page ocr_carea ocr_par ocr_line ocrx_word'/>
</head>
<body>
  <div class='ocr_page' id='page_1' title='image "./mathematicalwor00whewgoog_0057.png"; bbox 0 0 3167 5192; ppageno 0'>
   <div class='ocr_carea' id='block_1_1' title="bbox 130 397 1299 490">
    <p class='ocr_par' dir='ltr' id='par_1_1' title="bbox 130 397 1299 490">
     <span class='ocr_line' id='line_1_1' title="bbox 130 397 1299 490; baseline -0.003 -20"><span class='ocrx_word' id='word_1_1' title='bbox 130 397 285 490; x_wconf 65' lang='lat' dir='ltr'>namt]</span> <span class='ocrx_word' id='word_1_2' title='bbox 474 420 660 471; x_wconf 79' lang='lat' dir='ltr'>uscnonm</span> <span class='ocrx_word' id='word_1_3' title='bbox 683 419 957 469; x_wconf 62' lang='lat' dir='ltr'>unrusunmoan.</span> <span class='ocrx_word' id='word_1_4' title='bbox 1256 402 1299 466; x_wconf 80' lang='lat'>33</span> 
     </span>
    </p>
   </div>
   <div class='ocr_carea' id='block_1_2' title="bbox 83 596 1297 3682">
    <p class='ocr_par' dir='ltr' id='par_1_2' title="bbox 83 596 1297 2852">
     <span class='ocr_line' id='line_1_2' title="bbox 128 596 1297 684; baseline -0.001 -22"><span class='ocrx_word' id='word_1_5' title='bbox 128 619 195 684; x_wconf 87' lang='lat' dir='ltr'>que</span> <span class='ocrx_word' id='word_1_6' title='bbox 212 597 396 684; x_wconf 80' lang='lat' dir='ltr'><strong>corporibus</strong></span> <span class='ocrx_word' id='word_1_7' title='bbox 418 597 599 664; x_wconf 81' lang='lat' dir='ltr'>affectiones</span> <span class='ocrx_word' id='word_1_8' title='bbox 617 596 848 684; x_wconf 74' lang='lat' dir='ltr'><strong>(quantitatem,</strong></span> <span class='ocrx_word' id='word_1_9' title='bbox 867 597 982 678; x_wconf 88' lang='lat' dir='ltr'>locum,</span> <span class='ocrx_word' id='word_1_10' title='bbox 997 606 1130 676; x_wconf 89' lang='lat' dir='ltr'>motum,</span> <span class='ocrx_word' id='word_1_11' title='bbox 1146 596 1297 684; x_wconf 76' lang='lat' dir='ltr'>quietem,</span> 
     </span>
     <span class='ocr_line' id='line_1_3' title="bbox 129 699 1294 788; baseline -0.001 -22"><span class='ocrx_word' id='word_1_12' title='bbox 129 700 246 786; x_wconf 78' lang='lat' dir='ltr'>hisque</span> <span class='ocrx_word' id='word_1_13' title='bbox 265 699 385 784; x_wconf 88' lang='lat' dir='ltr'>affines)</span> <span class='ocrx_word' id='word_1_14' title='bbox 402 700 616 788; x_wconf 89' lang='lat' dir='ltr'>persequitur;</span> <span class='ocrx_word' id='word_1_15' title='bbox 639 711 707 766; x_wconf 89' lang='lat' dir='ltr'>tum</span> <span class='ocrx_word' id='word_1_16' title='bbox 723 699 873 788; x_wconf 75' lang='lat' dir='ltr'>dispescit</span> <span class='ocrx_word' id='word_1_17' title='bbox 891 701 996 788; x_wconf 87' lang='lat' dir='ltr'>ipsum</span> <span class='ocrx_word' id='word_1_18' title='bbox 1011 701 1046 766; x_wconf 93' lang='lat' dir='ltr'>in</span> <span class='ocrx_word' id='word_1_19' title='bbox 1059 701 1204 788; x_wconf 86' lang='lat' dir='ltr'>proxime</span> <span class='ocrx_word' id='word_1_20' title='bbox 1220 701 1294 766; x_wconf 90' lang='lat' dir='ltr'>sub·</span> 
     </span>
     <span class='ocr_line' id='line_1_4' title="bbox 125 803 1297 892; baseline -0.002 -22"><span class='ocrx_word' id='word_1_21' title='bbox 125 804 229 890; x_wconf 79' lang='lat' dir='ltr'>jactas</span> <span class='ocrx_word' id='word_1_22' title='bbox 250 804 388 892; x_wconf 82' lang='lat' dir='ltr'>speeies3</span> <span class='ocrx_word' id='word_1_23' title='bbox 411 804 584 890; x_wconf 86' lang='lat' dir='ltr'>harumque</span> <span class='ocrx_word' id='word_1_24' title='bbox 599 804 715 891; x_wconf 89' lang='lat' dir='ltr'>pariter</span> <span class='ocrx_word' id='word_1_25' title='bbox 729 803 879 892; x_wconf 78' lang='lat' dir='ltr'>speciales</span> <span class='ocrx_word' id='word_1_26' title='bbox 893 815 1021 870; x_wconf 86' lang='lat' dir='ltr'>naturas</span> <span class='ocrx_word' id='word_1_27' title='bbox 1036 828 1073 869; x_wconf 89' lang='lat' dir='ltr'>ac</span> <span class='ocrx_word' id='word_1_28' title='bbox 1089 805 1297 892; x_wconf 80' lang='lat' dir='ltr'>proprietates</span> 
     </span>
     <span class='ocr_line' id='line_1_5' title="bbox 129 907 1292 996; baseline 0 -24"><span class='ocrx_word' id='word_1_29' title='bbox 129 907 321 993; x_wconf 81' lang='lat' dir='ltr'>investigat3</span> <span class='ocrx_word' id='word_1_30' title='bbox 337 907 377 972; x_wconf 89' lang='lat' dir='ltr'>de</span> <span class='ocrx_word' id='word_1_31' title='bbox 394 907 526 994; x_wconf 85' lang='lat' dir='ltr'>singulis</span> <span class='ocrx_word' id='word_1_32' title='bbox 538 931 611 972; x_wconf 89' lang='lat' dir='ltr'>vero</span> <span class='ocrx_word' id='word_1_33' title='bbox 623 909 804 996; x_wconf 78' lang='lat' dir='ltr'>corporibus</span> <span class='ocrx_word' id='word_1_34' title='bbox 819 907 870 973; x_wconf 86' lang='lat' dir='ltr'>vel</span> <span class='ocrx_word' id='word_1_35' title='bbox 889 908 1069 988; x_wconf 88' lang='lat' dir='ltr'>individuis,</span> <span class='ocrx_word' id='word_1_36' title='bbox 1083 931 1154 994; x_wconf 86' lang='lat' dir='ltr'>quae</span> <span class='ocrx_word' id='word_1_37' title='bbox 1167 917 1292 996; x_wconf 78' lang='lat' dir='ltr'>vocant,</span> 
     </span>
     <span class='ocr_line' id='line_1_6' title="bbox 129 1009 1292 1098; baseline 0.003 -25"><span class='ocrx_word' id='word_1_38' title='bbox 129 1009 213 1074; x_wconf 85' lang='lat' dir='ltr'>nihil</span> <span class='ocrx_word' id='word_1_39' title='bbox 234 1009 403 1096; x_wconf 88' lang='lat' dir='ltr'>quicquam</span> <span class='ocrx_word' id='word_1_40' title='bbox 427 1011 551 1096; x_wconf 82' lang='lat' dir='ltr'>satagit,</span> <span class='ocrx_word' id='word_1_41' title='bbox 567 1019 636 1074; x_wconf 89' lang='lat' dir='ltr'>tum</span> <span class='ocrx_word' id='word_1_42' title='bbox 654 1009 730 1097; x_wconf 90' lang='lat' dir='ltr'>quia</span> <span class='ocrx_word' id='word_1_43' title='bbox 754 1032 886 1076; x_wconf 89' lang='lat' dir='ltr'>numero</span> <span class='ocrx_word' id='word_1_44' title='bbox 910 1033 1037 1098; x_wconf 89' lang='lat' dir='ltr'>prorsus</span> <span class='ocrx_word' id='word_1_45' title='bbox 1062 1011 1187 1076; x_wconf 89' lang='lat' dir='ltr'>infinita</span> <span class='ocrx_word' id='word_1_46' title='bbox 1208 1020 1292 1087; x_wconf 87' lang='lat' dir='ltr'>sunt,</span> 
     </span>
     <span class='ocr_line' id='line_1_7' title="bbox 129 1111 1293 1201; baseline 0.001 -23"><span class='ocrx_word' id='word_1_47' title='bbox 129 1121 163 1178; x_wconf 89' lang='lat' dir='ltr'>et</span> <span class='ocrx_word' id='word_1_48' title='bbox 182 1111 357 1178; x_wconf 84' lang='lat' dir='ltr'>innumeris</span> <span class='ocrx_word' id='word_1_49' title='bbox 375 1113 512 1178; x_wconf 82' lang='lat' dir='ltr'>invicem</span> <span class='ocrx_word' id='word_1_50' title='bbox 532 1111 718 1178; x_wconf 87' lang='lat' dir='ltr'>differentiis</span> <span class='ocrx_word' id='word_1_51' title='bbox 743 1111 901 1193; x_wconf 89' lang='lat' dir='ltr'>distincta,</span> <span class='ocrx_word' id='word_1_52' title='bbox 926 1124 995 1179; x_wconf 88' lang='lat' dir='ltr'>turn</span> <span class='ocrx_word' id='word_1_53' title='bbox 1019 1115 1094 1201; x_wconf 89' lang='lat' dir='ltr'>quia</span> <span class='ocrx_word' id='word_1_54' title='bbox 1120 1115 1293 1200; x_wconf 85' lang='lat' dir='ltr'>generatim</span> 
     </span>
     <span class='ocr_line' id='line_1_8' title="bbox 128 1215 1292 1304; baseline 0.003 -24"><span class='ocrx_word' id='word_1_55' title='bbox 128 1215 248 1281; x_wconf 86' lang='lat' dir='ltr'>tradita</span> <span class='ocrx_word' id='word_1_56' title='bbox 261 1227 394 1304; x_wconf 85' lang='lat' dir='ltr'>possunt</span> <span class='ocrx_word' id='word_1_57' title='bbox 410 1216 474 1281; x_wconf 91' lang='lat' dir='ltr'>illis</span> <span class='ocrx_word' id='word_1_58' title='bbox 489 1216 639 1304; x_wconf 87' lang='lat' dir='ltr'>adaptari.</span> <span class='ocrx_word' id='word_1_59' title='bbox 680 1215 778 1282; x_wconf 88' lang='lat' dir='ltr'>Haud</span> <span class='ocrx_word' id='word_1_60' title='bbox 795 1240 884 1282; x_wconf 89' lang='lat' dir='ltr'>secus</span> <span class='ocrx_word' id='word_1_61' title='bbox 899 1216 1083 1283; x_wconf 83' lang='lat' dir='ltr'>Geometria</span> <span class='ocrx_word' id='word_1_62' title='bbox 1097 1218 1292 1304; x_wconf 88' lang='lat' dir='ltr'>magnitudi-</span> 
     </span>
     <span class='ocr_line' id='line_1_9' title="bbox 127 1319 1290 1408; baseline 0.003 -24"><span class='ocrx_word' id='word_1_63' title='bbox 127 1341 204 1384; x_wconf 90' lang='lat' dir='ltr'>nem</span> <span class='ocrx_word' id='word_1_64' title='bbox 223 1322 300 1405; x_wconf 91' lang='lat' dir='ltr'>(non</span> <span class='ocrx_word' id='word_1_65' title='bbox 317 1319 393 1385; x_wconf 90' lang='lat' dir='ltr'>huic</span> <span class='ocrx_word' id='word_1_66' title='bbox 407 1319 459 1385; x_wconf 86' lang='lat' dir='ltr'>vel</span> <span class='ocrx_word' id='word_1_67' title='bbox 477 1320 524 1384; x_wconf 91' lang='lat' dir='ltr'>illi</span> <span class='ocrx_word' id='word_1_68' title='bbox 539 1321 659 1408; x_wconf 88' lang='lat' dir='ltr'>corpori</span> <span class='ocrx_word' id='word_1_69' title='bbox 674 1321 880 1408; x_wconf 68' lang='lat' dir='ltr'>peculiarem</span> <span class='ocrx_word' id='word_1_70' title='bbox 896 1320 968 1386; x_wconf 88' lang='lat' dir='ltr'>coeli</span> <span class='ocrx_word' id='word_1_71' title='bbox 983 1343 1106 1408; x_wconf 87' lang='lat' dir='ltr'>nempe,</span> <span class='ocrx_word' id='word_1_72' title='bbox 1122 1321 1175 1386; x_wconf 86' lang='lat' dir='ltr'>vel</span> <span class='ocrx_word' id='word_1_73' title='bbox 1188 1332 1290 1403; x_wconf 86' lang='lat' dir='ltr'>terrae,</span> 
     </span>
     <span class='ocr_line' id='line_1_10' title="bbox 128 1422 1291 1512; baseline 0.003 -25"><span class='ocrx_word' id='word_1_74' title='bbox 128 1422 183 1488; x_wconf 83' lang='lat' dir='ltr'>vel</span> <span class='ocrx_word' id='word_1_75' title='bbox 206 1423 301 1487; x_wconf 89' lang='lat' dir='ltr'>maris</span> <span class='ocrx_word' id='word_1_76' title='bbox 323 1423 584 1509; x_wconf 83' lang='lat' dir='ltr'>magnitudinem,</span> <span class='ocrx_word' id='word_1_77' title='bbox 610 1423 676 1508; x_wconf 82' lang='lat' dir='ltr'>sed)</span> <span class='ocrx_word' id='word_1_78' title='bbox 703 1423 850 1488; x_wconf 88' lang='lat' dir='ltr'>universe</span> <span class='ocrx_word' id='word_1_79' title='bbox 875 1435 1035 1512; x_wconf 86' lang='lat' dir='ltr'>acceptam</span> <span class='ocrx_word' id='word_1_80' title='bbox 1061 1424 1121 1488; x_wconf 89' lang='lat' dir='ltr'>sibi</span> <span class='ocrx_word' id='word_1_81' title='bbox 1144 1425 1291 1512; x_wconf 88' lang='lat' dir='ltr'>proponit</span> 
     </span>
     <span class='ocr_line' id='line_1_11' title="bbox 127 1525 1290 1614; baseline -0.002 -22"><span class='ocrx_word' id='word_1_82' title='bbox 127 1527 369 1606; x_wconf 68' lang='lat' dir='ltr'>excutiendam</span> <span class='ocrx_word' id='word_1_83' title='bbox 393 1526 554 1612; x_wconf 84' lang='lat' dir='ltr'>generales</span> <span class='ocrx_word' id='word_1_84' title='bbox 576 1527 645 1613; x_wconf 90' lang='lat' dir='ltr'>ejus</span> <span class='ocrx_word' id='word_1_85' title='bbox 664 1526 846 1592; x_wconf 87' lang='lat' dir='ltr'>affectiones</span> <span class='ocrx_word' id='word_1_86' title='bbox 864 1525 1135 1612; x_wconf 78' lang='lat' dir='ltr'>(divisibilitatem</span> <span class='ocrx_word' id='word_1_87' title='bbox 1154 1549 1290 1614; x_wconf 86' lang='lat' dir='ltr'>congru-</span> 
     </span>
     <span class='ocr_line' id='line_1_12' title="bbox 83 1627 1287 1717; baseline 0 -23"><span class='ocrx_word' id='word_1_88' title='bbox 83 1663 95 1674; x_wconf 89' lang='lat'><strong>·</strong></span> <span class='ocrx_word' id='word_1_89' title='bbox 127 1629 258 1708; x_wconf 87' lang='lat' dir='ltr'>entiam,</span> <span class='ocrx_word' id='word_1_90' title='bbox 268 1627 600 1717; x_wconf 73' lang='lat' dir='ltr'>proportionalitatem,</span> <span class='ocrx_word' id='word_1_91' title='bbox 612 1628 691 1693; x_wconf 90' lang='lat' dir='ltr'>situs</span> <span class='ocrx_word' id='word_1_92' title='bbox 706 1638 738 1693; x_wconf 93' lang='lat' dir='ltr'>et</span> <span class='ocrx_word' id='word_1_93' title='bbox 748 1627 914 1716; x_wconf 89' lang='lat' dir='ltr'>positionis</span> <span class='ocrx_word' id='word_1_94' title='bbox 924 1627 1057 1694; x_wconf 84' lang='lat' dir='ltr'>diversae</span> <span class='ocrx_word' id='word_1_95' title='bbox 1071 1629 1287 1716; x_wconf 85' lang='lat' dir='ltr'>capacitatem,</span> 
     </span>
     <span class='ocr_line' id='line_1_13' title="bbox 126 1729 1289 1818; baseline 0.001 -22"><span class='ocrx_word' id='word_1_96' title='bbox 126 1731 348 1812; x_wconf 84' lang='lat' dir='ltr'>mobilitatem,</span> <span class='ocrx_word' id='word_1_97' title='bbox 371 1731 449 1796; x_wconf 89' lang='lat' dir='ltr'>alias</span> <span class='ocrx_word' id='word_1_98' title='bbox 470 1729 684 1818; x_wconf 79' lang='lat' dir='ltr'>quascunque)</span> <span class='ocrx_word' id='word_1_99' title='bbox 707 1739 860 1810; x_wconf 82' lang='lat' dir='ltr'>venatur;</span> <span class='ocrx_word' id='word_1_100' title='bbox 883 1729 1013 1817; x_wconf 85' lang='lat' dir='ltr'>quodsi</span> <span class='ocrx_word' id='word_1_101' title='bbox 1034 1731 1141 1810; x_wconf 89' lang='lat' dir='ltr'>insint,</span> <span class='ocrx_word' id='word_1_102' title='bbox 1158 1741 1191 1796; x_wconf 90' lang='lat' dir='ltr'>et</span> <span class='ocrx_word' id='word_1_103' title='bbox 1209 1755 1289 1818; x_wconf 91' lang='lat' dir='ltr'>qno-</span> 
     </span>
     <span class='ocr_line' id='line_1_14' title="bbox 126 1831 1285 1922; baseline 0.001 -24"><span class='ocrx_word' id='word_1_104' title='bbox 126 1831 223 1899; x_wconf 90' lang='lat' dir='ltr'>modo</span> <span class='ocrx_word' id='word_1_105' title='bbox 250 1833 403 1900; x_wconf 81' lang='lat' dir='ltr'>declarat:</span> <span class='ocrx_word' id='word_1_106' title='bbox 435 1832 520 1898; x_wconf 86' lang='lat' dir='ltr'>Turn</span> <span class='ocrx_word' id='word_1_107' title='bbox 543 1834 646 1899; x_wconf 88' lang='lat' dir='ltr'>varias</span> <span class='ocrx_word' id='word_1_108' title='bbox 676 1833 745 1919; x_wconf 91' lang='lat' dir='ltr'>ejus</span> <span class='ocrx_word' id='word_1_109' title='bbox 771 1833 890 1921; x_wconf 88' lang='lat' dir='ltr'>species</span> <span class='ocrx_word' id='word_1_110' title='bbox 913 1833 1052 1918; x_wconf 90' lang='lat' dir='ltr'>(lineam,</span> <span class='ocrx_word' id='word_1_111' title='bbox 1079 1832 1285 1922; x_wconf 87' lang='lat' dir='ltr'>superficiem,</span> 
     </span>
     <span class='ocr_line' id='line_1_15' title="bbox 127 1935 1290 2024; baseline 0.001 -23"><span class='ocrx_word' id='word_1_112' title='bbox 127 1937 253 2024; x_wconf 89' lang='lat' dir='ltr'>corpus)</span> <span class='ocrx_word' id='word_1_113' title='bbox 265 1935 384 2016; x_wconf 89' lang='lat' dir='ltr'>definit,</span> <span class='ocrx_word' id='word_1_114' title='bbox 394 1959 564 2024; x_wconf 88' lang='lat' dir='ltr'>earumque</span> <span class='ocrx_word' id='word_1_115' title='bbox 573 1935 736 2001; x_wconf 89' lang='lat' dir='ltr'>distinctas</span> <span class='ocrx_word' id='word_1_116' title='bbox 745 1936 948 2024; x_wconf 84' lang='lat' dir='ltr'>proprietates</span> <span class='ocrx_word' id='word_1_117' title='bbox 956 1936 1043 2001; x_wconf 93' lang='lat' dir='ltr'>elicit</span> <span class='ocrx_word' id='word_1_118' title='bbox 1053 1936 1290 2003; x_wconf 90' lang='lat' dir='ltr'>acdemonstrat</span> 
     </span>
     <span class='ocr_line' id='line_1_16' title="bbox 127 2039 1287 2126; baseline 0.002 -22"><span class='ocrx_word' id='word_1_119' title='bbox 127 2039 333 2126; x_wconf 67' lang='lat' dir='ltr'>singillatim</span> <span class='ocrx_word' id='word_1_120' title='bbox 360 2063 419 2105; x_wconf 91' lang='lat' dir='ltr'>nec</span> <span class='ocrx_word' id='word_1_121' title='bbox 445 2063 510 2106; x_wconf 91' lang='lat' dir='ltr'>non</span> <span class='ocrx_word' id='word_1_122' title='bbox 532 2040 591 2105; x_wconf 90' lang='lat' dir='ltr'>has</span> <span class='ocrx_word' id='word_1_123' title='bbox 619 2039 740 2126; x_wconf 89' lang='lat' dir='ltr'>species</span> <span class='ocrx_word' id='word_1_124' title='bbox 760 2041 795 2103; x_wconf 88' lang='lat' dir='ltr'>in</span> <span class='ocrx_word' id='word_1_125' title='bbox 816 2039 896 2104; x_wconf 90' lang='lat' dir='ltr'>alias</span> <span class='ocrx_word' id='word_1_126' title='bbox 917 2039 1036 2104; x_wconf 89' lang='lat' dir='ltr'>dirimit</span> <span class='ocrx_word' id='word_1_127' title='bbox 1058 2041 1287 2120; x_wconf 88' lang='lat' dir='ltr'>contractiores,</span> 
     </span>
     <span class='ocr_line' id='line_1_17' title="bbox 125 2143 1287 2232; baseline 0.002 -24"><span class='ocrx_word' id='word_1_128' title='bbox 125 2144 323 2231; x_wconf 87' lang='lat' dir='ltr'>istarumque</span> <span class='ocrx_word' id='word_1_129' title='bbox 338 2145 482 2210; x_wconf 88' lang='lat' dir='ltr'>similiter</span> <span class='ocrx_word' id='word_1_130' title='bbox 501 2143 641 2230; x_wconf 86' lang='lat' dir='ltr'>indagat,</span> <span class='ocrx_word' id='word_1_131' title='bbox 657 2154 689 2209; x_wconf 91' lang='lat' dir='ltr'>et</span> <span class='ocrx_word' id='word_1_132' title='bbox 703 2144 817 2232; x_wconf 91' lang='lat' dir='ltr'>probat</span> <span class='ocrx_word' id='word_1_133' title='bbox 839 2144 999 2231; x_wconf 87' lang='lat' dir='ltr'>passiones</span> <span class='ocrx_word' id='word_1_134' title='bbox 1017 2143 1125 2230; x_wconf 91' lang='lat' dir='ltr'>(idque</span> <span class='ocrx_word' id='word_1_135' title='bbox 1139 2145 1287 2210; x_wconf 90' lang='lat' dir='ltr'>continuo</span> 
     </span>
     <span class='ocr_line' id='line_1_18' title="bbox 125 2243 1287 2334; baseline 0.003 -24"><span class='ocrx_word' id='word_1_136' title='bbox 125 2244 230 2311; x_wconf 88' lang='lat' dir='ltr'>donec</span> <span class='ocrx_word' id='word_1_137' title='bbox 247 2255 347 2311; x_wconf 86' lang='lat' dir='ltr'>totam</span> <span class='ocrx_word' id='word_1_138' title='bbox 371 2247 420 2311; x_wconf 90' lang='lat' dir='ltr'>sui</span> <span class='ocrx_word' id='word_1_139' title='bbox 446 2245 579 2333; x_wconf 87' lang='lat' dir='ltr'>subjecti</span> <span class='ocrx_word' id='word_1_140' title='bbox 602 2244 808 2334; x_wconf 87' lang='lat' dir='ltr'>propaginem</span> <span class='ocrx_word' id='word_1_141' title='bbox 830 2243 1021 2324; x_wconf 79' lang='lat' dir='ltr'>exhauserit,</span> <span class='ocrx_word' id='word_1_142' title='bbox 1046 2256 1078 2310; x_wconf 89' lang='lat' dir='ltr'>et</span> <span class='ocrx_word' id='word_1_143' title='bbox 1100 2243 1142 2310; x_wconf 92' lang='lat' dir='ltr'>ad</span> <span class='ocrx_word' id='word_1_144' title='bbox 1161 2245 1287 2314; x_wconf 84' lang='lat' dir='ltr'>infimas</span> 
     </span>
     <span class='ocr_line' id='line_1_19' title="bbox 126 2346 1287 2438; baseline -0.001 -24"><span class='ocrx_word' id='word_1_145' title='bbox 126 2372 230 2438; x_wconf 87' lang='lat' dir='ltr'>usque</span> <span class='ocrx_word' id='word_1_146' title='bbox 244 2349 363 2438; x_wconf 88' lang='lat' dir='ltr'>species</span> <span class='ocrx_word' id='word_1_147' title='bbox 385 2347 600 2415; x_wconf 87' lang='lat' dir='ltr'>descendendo</span> <span class='ocrx_word' id='word_1_148' title='bbox 614 2347 804 2435; x_wconf 85' lang='lat' dir='ltr'>pertigerit),</span> <span class='ocrx_word' id='word_1_149' title='bbox 819 2346 950 2421; x_wconf 89' lang='lat' dir='ltr'>invenit,</span> <span class='ocrx_word' id='word_1_150' title='bbox 962 2348 1101 2434; x_wconf 90' lang='lat' dir='ltr'>inquam,</span> <span class='ocrx_word' id='word_1_151' title='bbox 1118 2358 1151 2413; x_wconf 93' lang='lat' dir='ltr'>et</span> <span class='ocrx_word' id='word_1_152' title='bbox 1164 2349 1287 2436; x_wconf 88' lang='lat' dir='ltr'>probat,</span> 
     </span>
     <span class='ocr_line' id='line_1_20' title="bbox 125 2449 1286 2542; baseline -0.002 -24"><span class='ocrx_word' id='word_1_153' title='bbox 125 2475 186 2542; x_wconf 87' lang='lat' dir='ltr'>per</span> <span class='ocrx_word' id='word_1_154' title='bbox 212 2451 404 2518; x_wconf 88' lang='lat' dir='ltr'>universales</span> <span class='ocrx_word' id='word_1_155' title='bbox 433 2452 668 2540; x_wconf 88' lang='lat' dir='ltr'>propositiones,</span> <span class='ocrx_word' id='word_1_156' title='bbox 698 2450 825 2536; x_wconf 88' lang='lat' dir='ltr'>regulas</span> <span class='ocrx_word' id='word_1_157' title='bbox 857 2459 889 2515; x_wconf 90' lang='lat' dir='ltr'>ct</span> <span class='ocrx_word' id='word_1_158' title='bbox 917 2449 1111 2516; x_wconf 89' lang='lat' dir='ltr'>theoremata</span> <span class='ocrx_word' id='word_1_159' title='bbox 1144 2450 1286 2536; x_wconf 87' lang='lat' dir='ltr'>legitimo</span> 
     </span>
     <span class='ocr_line' id='line_1_21' title="bbox 125 2553 1287 2641; baseline -0.004 -18"><span class='ocrx_word' id='word_1_160' title='bbox 125 2557 273 2624; x_wconf 85' lang='lat' dir='ltr'>discursu</span> <span class='ocrx_word' id='word_1_161' title='bbox 293 2556 523 2622; x_wconf 88' lang='lat' dir='ltr'>demonstrata:</span> <span class='ocrx_word' id='word_1_162' title='bbox 541 2554 626 2634; x_wconf 77' lang='lat' dir='ltr'>Quae</span> <span class='ocrx_word' id='word_1_163' title='bbox 651 2553 847 2621; x_wconf 88' lang='lat' dir='ltr'>theoremata</span> <span class='ocrx_word' id='word_1_164' title='bbox 872 2564 1031 2640; x_wconf 87' lang='lat' dir='ltr'>uteunque</span> <span class='ocrx_word' id='word_1_165' title='bbox 1058 2554 1126 2641; x_wconf 89' lang='lat' dir='ltr'>(pro</span> <span class='ocrx_word' id='word_1_166' title='bbox 1149 2554 1287 2618; x_wconf 86' lang='lat' dir='ltr'>materiae</span> 
     </span>
     <span class='ocr_line' id='line_1_22' title="bbox 124 2652 1287 2745; baseline -0.002 -21"><span class='ocrx_word' id='word_1_167' title='bbox 124 2660 253 2743; x_wconf 78' lang='lat' dir='ltr'>natura)</span> <span class='ocrx_word' id='word_1_168' title='bbox 270 2658 374 2745; x_wconf 86' lang='lat' dir='ltr'>magis</span> <span class='ocrx_word' id='word_1_169' title='bbox 387 2657 440 2724; x_wconf 85' lang='lat' dir='ltr'>vel</span> <span class='ocrx_word' id='word_1_170' title='bbox 453 2657 558 2722; x_wconf 90' lang='lat' dir='ltr'>minus</span> <span class='ocrx_word' id='word_1_171' title='bbox 573 2656 731 2742; x_wconf 89' lang='lat' dir='ltr'>generalia</span> <span class='ocrx_word' id='word_1_172' title='bbox 746 2655 807 2720; x_wconf 87' lang='lat' dir='ltr'>sibi</span> <span class='ocrx_word' id='word_1_173' title='bbox 822 2654 971 2741; x_wconf 89' lang='lat' dir='ltr'>subjectis</span> <span class='ocrx_word' id='word_1_174' title='bbox 986 2652 1201 2741; x_wconf 84' lang='lat' dir='ltr'>singularibus</span> <span class='ocrx_word' id='word_1_175' title='bbox 1214 2677 1287 2722; x_wconf 82' lang='lat' dir='ltr'>vers</span> 
     </span>
     <span class='ocr_line' id='line_1_23' title="bbox 124 2762 713 2852; baseline -0.01 -20"><span class='ocrx_word' id='word_1_176' title='bbox 124 2777 160 2832; x_wconf 88' lang='lat' dir='ltr'>et</span> <span class='ocrx_word' id='word_1_177' title='bbox 175 2787 311 2850; x_wconf 83' lang='lat' dir='ltr'>congrue</span> <span class='ocrx_word' id='word_1_178' title='bbox 326 2774 457 2852; x_wconf 89' lang='lat' dir='ltr'>possunt</span> <span class='ocrx_word' id='word_1_179' title='bbox 476 2762 713 2828; x_wconf 88' lang='lat' dir='ltr'>accommodari.</span> 
     </span>
    </p>

    <p class='ocr_par' dir='ltr' id='par_1_3' title="bbox 125 2861 1287 3682">
     <span class='ocr_line' id='line_1_24' title="bbox 194 2861 1284 2953; baseline -0.002 -23"><span class='ocrx_word' id='word_1_180' title='bbox 194 2863 284 2930; x_wconf 85' lang='lat' dir='ltr'>Talis</span> <span class='ocrx_word' id='word_1_181' title='bbox 311 2867 380 2949; x_wconf 85' lang='lat' dir='ltr'>(nec</span> <span class='ocrx_word' id='word_1_182' title='bbox 402 2865 472 2939; x_wconf 86' lang='lat' dir='ltr'>aha,</span> <span class='ocrx_word' id='word_1_183' title='bbox 495 2863 646 2952; x_wconf 87' lang='lat' dir='ltr'>quicquid</span> <span class='ocrx_word' id='word_1_184' title='bbox 665 2863 705 2929; x_wconf 92' lang='lat' dir='ltr'>de</span> <span class='ocrx_word' id='word_1_185' title='bbox 724 2861 780 2928; x_wconf 84' lang='lat' dir='ltr'>illa</span> <span class='ocrx_word' id='word_1_186' title='bbox 794 2861 938 2929; x_wconf 88' lang='lat' dir='ltr'>nonnulli</span> <span class='ocrx_word' id='word_1_187' title='bbox 955 2862 1087 2929; x_wconf 87' lang='lat' dir='ltr'>mirifice</span> <span class='ocrx_word' id='word_1_188' title='bbox 1100 2862 1284 2953; x_wconf 69' lang='lat' dir='ltr'>praedicant)</span> 
     </span>
     <span class='ocr_line' id='line_1_25' title="bbox 125 2967 1286 3058; baseline 0 -22"><span class='ocrx_word' id='word_1_189' title='bbox 125 2969 254 3036; x_wconf 88' lang='lat' dir='ltr'>videtur</span> <span class='ocrx_word' id='word_1_190' title='bbox 282 2991 356 3036; x_wconf 82' lang='lat' dir='ltr'>vera</span> <span class='ocrx_word' id='word_1_191' title='bbox 385 2969 553 3034; x_wconf 89' lang='lat' dir='ltr'>abstractio</span> <span class='ocrx_word' id='word_1_192' title='bbox 583 2967 820 3046; x_wconf 84' lang='lat' dir='ltr'>Mathematica,</span> <span class='ocrx_word' id='word_1_193' title='bbox 844 2967 949 3055; x_wconf 85' lang='lat' dir='ltr'>qualis</span> <span class='ocrx_word' id='word_1_194' title='bbox 977 2968 1127 3035; x_wconf 87' lang='lat' dir='ltr'>nimirum</span> <span class='ocrx_word' id='word_1_195' title='bbox 1157 2967 1286 3058; x_wconf 89' lang='lat' dir='ltr'>reliquis</span> 
     </span>
     <span class='ocr_line' id='line_1_26' title="bbox 126 3069 1286 3159; baseline -0.002 -19"><span class='ocrx_word' id='word_1_196' title='bbox 126 3075 276 3140; x_wconf 88' lang='lat' dir='ltr'>omnibus</span> <span class='ocrx_word' id='word_1_197' title='bbox 305 3073 453 3140; x_wconf 87' lang='lat' dir='ltr'>convenit</span> <span class='ocrx_word' id='word_1_198' title='bbox 481 3071 620 3151; x_wconf 78' lang='lat' dir='ltr'>scientiis</span> <span class='ocrx_word' id='word_1_199' title='bbox 647 3080 678 3137; x_wconf 90' lang='lat' dir='ltr'>et</span> <span class='ocrx_word' id='word_1_200' title='bbox 703 3069 897 3159; x_wconf 90' lang='lat' dir='ltr'>disciplinis;</span> <span class='ocrx_word' id='word_1_201' title='bbox 929 3073 1097 3138; x_wconf 88' lang='lat' dir='ltr'>abstractio</span> <span class='ocrx_word' id='word_1_202' title='bbox 1124 3073 1286 3140; x_wconf 87' lang='lat' dir='ltr'>sciliceta</span> 
     </span>
     <span class='ocr_line' id='line_1_27' title="bbox 126 3172 1287 3267; baseline -0.001 -25"><span class='ocrx_word' id='word_1_203' title='bbox 126 3177 316 3267; x_wconf 82' lang='lat' dir='ltr'>specialibus</span> <span class='ocrx_word' id='word_1_204' title='bbox 341 3186 375 3241; x_wconf 90' lang='lat' dir='ltr'>et</span> <span class='ocrx_word' id='word_1_205' title='bbox 397 3174 610 3262; x_wconf 87' lang='lat' dir='ltr'>singularibus</span> <span class='ocrx_word' id='word_1_206' title='bbox 636 3172 805 3260; x_wconf 82' lang='lat' dir='ltr'>subjectis3</span> <span class='ocrx_word' id='word_1_207' title='bbox 829 3173 882 3237; x_wconf 90' lang='lat' dir='ltr'>vel</span> <span class='ocrx_word' id='word_1_208' title='bbox 906 3174 1111 3241; x_wconf 87' lang='lat' dir='ltr'>consideratio</span> <span class='ocrx_word' id='word_1_209' title='bbox 1137 3174 1287 3241; x_wconf 87' lang='lat' dir='ltr'>distincta</span> 
     </span>
     <span class='ocr_line' id='line_1_28' title="bbox 126 3275 1284 3371; baseline -0.003 -22"><span class='ocrx_word' id='word_1_210' title='bbox 126 3279 325 3371; x_wconf 81' lang='lat' dir='ltr'>quarundam</span> <span class='ocrx_word' id='word_1_211' title='bbox 342 3279 501 3345; x_wconf 89' lang='lat' dir='ltr'>rationum</span> <span class='ocrx_word' id='word_1_212' title='bbox 521 3277 625 3363; x_wconf 87' lang='lat' dir='ltr'>magis</span> <span class='ocrx_word' id='word_1_213' title='bbox 646 3275 882 3356; x_wconf 80' lang='lat' dir='ltr'>universalium,</span> <span class='ocrx_word' id='word_1_214' title='bbox 899 3275 969 3341; x_wconf 90' lang='lat' dir='ltr'>aliis</span> <span class='ocrx_word' id='word_1_215' title='bbox 991 3301 1055 3343; x_wconf 90' lang='lat' dir='ltr'>non</span> <span class='ocrx_word' id='word_1_216' title='bbox 1069 3278 1284 3360; x_wconf 87' lang='lat' dir='ltr'>consideratis,</span> 
     </span>
     <span class='ocr_line' id='line_1_29' title="bbox 125 3378 1284 3473; baseline -0.006 -20"><span class='ocrx_word' id='word_1_217' title='bbox 125 3397 160 3453; x_wconf 87' lang='lat' dir='ltr'>et</span> <span class='ocrx_word' id='word_1_218' title='bbox 184 3385 277 3473; x_wconf 87' lang='lat' dir='ltr'>quasi</span> <span class='ocrx_word' id='word_1_219' title='bbox 300 3382 461 3471; x_wconf 88' lang='lat' dir='ltr'>neglectis.</span> <span class='ocrx_word' id='word_1_220' title='bbox 498 3380 544 3445; x_wconf 87' lang='lat' dir='ltr'>At</span> <span class='ocrx_word' id='word_1_221' title='bbox 567 3379 605 3446; x_wconf 91' lang='lat' dir='ltr'>de</span> <span class='ocrx_word' id='word_1_222' title='bbox 624 3379 681 3444; x_wconf 82' lang='lat' dir='ltr'>illa</span> <span class='ocrx_word' id='word_1_223' title='bbox 707 3379 802 3444; x_wconf 85' lang='lat' dir='ltr'>satis:</span> <span class='ocrx_word' id='word_1_224' title='bbox 825 3379 865 3446; x_wconf 89' lang='lat' dir='ltr'>ad</span> <span class='ocrx_word' id='word_1_225' title='bbox 890 3378 1072 3448; x_wconf 87' lang='lat' dir='ltr'>Mathcseos</span> <span class='ocrx_word' id='word_1_226' title='bbox 1095 3381 1284 3447; x_wconf 88' lang='lat' dir='ltr'>divisionem</span> 
     </span>
     <span class='ocr_line' id='line_1_30' title="bbox 125 3481 1284 3570; baseline -0.007 -14"><span class='ocrx_word' id='word_1_227' title='bbox 125 3487 308 3556; x_wconf 76' lang='lat' dir='ltr'>distinctim</span> <span class='ocrx_word' id='word_1_228' title='bbox 322 3483 528 3553; x_wconf 83' lang='lat' dir='ltr'>evolvendam</span> <span class='ocrx_word' id='word_1_229' title='bbox 542 3481 724 3548; x_wconf 80' lang='lat' dir='ltr'>recedamus</span> <span class='ocrx_word' id='word_1_230' title='bbox 739 3491 878 3570; x_wconf 82' lang='lat' dir='ltr'>oportet3</span> <span class='ocrx_word' id='word_1_231' title='bbox 895 3506 992 3570; x_wconf 87' lang='lat' dir='ltr'>quam</span> <span class='ocrx_word' id='word_1_232' title='bbox 1006 3493 1123 3563; x_wconf 89' lang='lat' dir='ltr'>tamen,</span> <span class='ocrx_word' id='word_1_233' title='bbox 1134 3485 1169 3548; x_wconf 91' lang='lat' dir='ltr'>ni</span> <span class='ocrx_word' id='word_1_234' title='bbox 1183 3483 1284 3564; x_wconf 83' lang='lat' dir='ltr'>fallor,</span> 
     </span>
     <span class='ocr_line' id='line_1_31' title="bbox 125 3585 1115 3682; baseline -0.007 -23"><span class='ocrx_word' id='word_1_235' title='bbox 125 3605 253 3682; x_wconf 80' lang='lat' dir='ltr'>tempus</span> <span class='ocrx_word' id='word_1_236' title='bbox 268 3591 416 3658; x_wconf 67' lang='lat' dir='ltr'>admorm</span> <span class='ocrx_word' id='word_1_237' title='bbox 430 3588 514 3655; x_wconf 88' lang='lat' dir='ltr'>utin</span> <span class='ocrx_word' id='word_1_238' title='bbox 533 3595 716 3675; x_wconf 87' lang='lat' dir='ltr'>sequentem</span> <span class='ocrx_word' id='word_1_239' title='bbox 731 3585 897 3652; x_wconf 86' lang='lat' dir='ltr'>lectionem</span> <span class='ocrx_word' id='word_1_240' title='bbox 911 3607 1115 3652; x_wconf 85' lang='lat' dir='ltr'>reservemus.</span> 
     </span>
    </p>
   </div>
   <div class='ocr_carea' id='block_1_3' title="bbox 179 3881 1198 3956">
    <p class='ocr_par' dir='ltr' id='par_1_4' title="bbox 179 3881 1198 3956">
     <span class='ocr_line' id='line_1_32' title="bbox 179 3881 1198 3956; baseline -0.008 -11"><span class='ocrx_word' id='word_1_241' title='bbox 179 3889 217 3944; x_wconf 76' lang='lat' dir='ltr'>tto</span> <span class='ocrx_word' id='word_1_242' title='bbox 229 3885 278 3944; x_wconf 89' lang='lat' dir='ltr'>tbc</span> <span class='ocrx_word' id='word_1_243' title='bbox 290 3885 440 3944; x_wconf 86' lang='lat' dir='ltr'>Geometer</span> <span class='ocrx_word' id='word_1_244' title='bbox 451 3886 588 3942; x_wconf 83' lang='lat' dir='ltr'>abstracta</span> <span class='ocrx_word' id='word_1_245' title='bbox 600 3885 761 3956; x_wconf 72' lang='lat' dir='ltr'>magnitude</span> <span class='ocrx_word' id='word_1_246' title='bbox 772 3885 801 3940; x_wconf 89' lang='lat' dir='ltr'>in</span> <span class='ocrx_word' id='word_1_247' title='bbox 812 3883 923 3954; x_wconf 76' lang='lat' dir='ltr'>general</span> <span class='ocrx_word' id='word_1_248' title='bbox 935 3881 990 3938; x_wconf 86' lang='lat' dir='ltr'>aud</span> <span class='ocrx_word' id='word_1_249' title='bbox 1002 3882 1040 3938; x_wconf 87' lang='lat' dir='ltr'>its</span> <span class='ocrx_word' id='word_1_250' title='bbox 1050 3881 1198 3938; x_wconf 76' lang='lat' dir='ltr'>affectione.</span> 
     </span>
    </p>
   </div>
   <div class='ocr_carea' id='block_1_4' title="bbox 0 0 1588 5192">
    <p class='ocr_par' dir='ltr' id='par_1_5' title="bbox 0 0 1588 5192">
     <span class='ocr_line' id='line_1_33' title="bbox 0 0 1588 5192; baseline 0 1"><span class='ocrx_word' id='word_1_251' title='bbox 0 0 1588 5192; x_wconf 95' lang='lat' dir='ltr'> </span> 
     </span>
    </p>
   </div>
  </div>
 </body>
</html>
