3167 5192
116 377 221 427 naor.
239 362 305 446 rm]
462 377 649 429 aacrrouas
671 377 947 428 marasmon.
1223 362 1284 429 147

115 546 266 614 numeris
288 544 416 613 vicibus
437 546 472 613 in
494 546 620 613 infinito
644 544 746 613 solido
769 569 905 635 corpore.
950 546 1020 615 Nec
1043 547 1229 616 absimiliter
1252 550 1287 614 in

114 654 243 715 aterna
256 648 421 716 duratione
434 648 528 719 facile
542 648 760 738 concipiamus
774 648 893 715 infiniti
907 649 993 731 anni,
1005 648 1192 717 infinitioras
1207 651 1285 732 dies,

114 750 238 838 bisque
252 751 372 839 pluries
387 751 519 819 infinitae
533 750 630 833 horae,
644 761 677 819 et
692 750 909 819 infinitissima
922 762 1091 835 momenta.

186 855 287 921 Dices
297 855 472 945 positiones
483 856 561 923 istas
571 855 785 944 impossibiles
796 879 875 937 esse,
887 865 919 922 et
930 855 997 927 ἑνὸς
1007 855 1131 924 ἀτόπου
1142 857 1287 929 δοθέντος

113 958 237 1025 τᾶλλα
250 959 452 1043 συμβαίνειν.
482 959 682 1049 Respondeo‚
693 982 767 1026 cnm
779 960 976 1031 adversarius
987 984 1029 1028 ex
1041 960 1158 1027 infiniti
1173 968 1286 1029 natura

115 1072 227 1129 struat
245 1075 479 1151 argumentum,
499 1064 574 1129 lieet
594 1064 699 1152 ipsum
721 1087 915 1153 supponere;
941 1075 973 1131 et
987 1086 1169 1152 quanquam
1185 1065 1286 1154 ipsius

114 1168 169 1232 rei
182 1169 301 1256 positio
314 1168 395 1236 forte
409 1170 452 1235 sit
465 1168 683 1257 impossibilis,
695 1169 874 1235 consecutio
885 1180 992 1235 tamen
1007 1168 1221 1257 perceptibilis
1236 1180 1285 1236 est

114 1280 152 1335 at
168 1272 347 1353 manifesta,
355 1296 469 1361 nempe
480 1272 567 1360 quod
577 1271 761 1359 neutiquam
775 1272 824 1357 (ut
834 1270 947 1337 volunt
958 1271 1019 1355 illi)
1032 1272 1150 1339 infiniti
1165 1282 1285 1339 naturae

115 1386 283 1463 repugnat
307 1376 343 1441 in
367 1375 465 1441 altero
490 1374 617 1441 infinito
641 1374 816 1440 contineri:
847 1374 896 1440 uti
921 1373 996 1441 licet
1021 1373 1218 1463 impossibile
1243 1376 1287 1443 sit
1350 1388 1353 1395 '

116 1478 342 1545 hircocervum
367 1478 513 1558 existere,
540 1478 620 1543 satis
645 1475 775 1543 evidens
801 1488 850 1543 est
874 1476 1047 1543 hircocervi
1072 1478 1195 1544 notioni
1220 1502 1285 1545 non

117 1580 285 1647 adversari
298 1580 384 1667 quod
398 1580 495 1669 pedes
509 1580 626 1646 habeat
639 1589 696 1644 aut
709 1602 836 1646 cornua.
883 1578 1004 1676 Saltem
1020 1580 1156 1647 valuerit
1170 1580 1231 1653 hoo
1245 1582 1286 1648 ad

118 1683 281 1765 homines,
296 1683 472 1772 Epicureos
486 1683 632 1771 intelligo
646 1692 896 1771 propugnatores
913 1693 1099 1765 atomorum,
1116 1684 1171 1771 qui
1191 1707 1285 1751 suum

118 1786 215 1853 nenda
234 1785 455 1872 magnitudine
476 1786 659 1853 statuebant
679 1785 881 1867 immensum,
902 1808 976 1852 suas
998 1798 1120 1852 atomos
1142 1786 1284 1853 infinitas

119 1888 340 1955 multitudine.
393 1886 489 1953 Εἶναι
516 1886 597 1955 αὐτὸ
630 1886 668 1955 τὸ
700 1886 791 1953 κενὸν
819 1888 961 1976 ἄπειρον,
992 1887 1047 1955 καὶ
1075 1886 1119 1954 τὰ
1147 1888 1285 1974 σώματα

120 1991 255 2079 ἄπειρα,
279 2001 435 2057 statutum
462 1993 504 2058 ab
530 1990 672 2078 Epicuro
697 1990 793 2057 refert
816 1989 1007 2060 Plutarchus
1033 1990 1225 2081 inplicitis,
1252 2004 1284 2061 ct

120 2106 292 2165 attestatur
307 2094 492 2161 Lueretius:

638 2232 724 2303 patet
736 2226 842 2304 ingens
856 2227 940 2304 copia
953 2229 1042 2287 rebus

329 2324 455 2383 Finibus
468 2323 616 2401 exemptis
630 2323 664 2382 in
677 2330 799 2383 metas
812 2324 945 2403 undique
957 2330 1064 2402 partes

122 2476 196 2558 Quo
211 2474 315 2565 posito
331 2475 502 2541 clarissime
516 2474 618 2561 liquet
632 2472 794 2539 infinitum
809 2494 976 2539 nmncrum
995 2472 1121 2539 infinito
1140 2494 1281 2555 numero,

122 2580 263 2669 spatium
278 2580 437 2647 infinitum
453 2577 579 2644 infinito
595 2577 707 2666 spatio,
721 2576 773 2643 vel
788 2574 828 2642 de
843 2575 925 2641 facto
942 2575 1174 2663 comprehendi.
1197 2576 1283 2647 Nam

122 2684 158 2749 in
172 2683 300 2749 infinito
315 2706 445 2749 numero
460 2692 636 2747 atomorum
647 2679 849 2746 continentur
859 2677 977 2743 infiniti
988 2678 1112 2743 numeri
1122 2684 1283 2765 octonarii,

123 2787 229 2875 magis
243 2786 362 2852 infiniti
377 2784 578 2873 quaternarii,
591 2782 779 2849 infinitiores
795 2778 920 2863 binarii,
933 2788 966 2847 et
979 2780 1117 2847 unitates
1132 2781 1284 2853 infinities

123 2890 269 2957 infinitae.
313 2888 498 2977 Paritcrque
512 2887 551 2954 de
565 2886 686 2975 spatiis.

189 2992 318 3082 Objecit
342 2991 480 3078 denique
504 2988 592 3055 Zeno
618 2999 727 3055 contra
751 2998 892 3055 nostram
921 2988 1119 3071 sententiam,
1150 2989 1284 3059 infinitis

123 3096 269 3184 partibus
283 3103 431 3161 constans
446 3092 584 3181 spatium
599 3114 664 3156 non
678 3112 770 3179 posse
790 3090 965 3157 successive
982 3094 1172 3179 pertransiri,
1189 3094 1284 3163 adeo·

123 3222 185 3287 que
200 3220 342 3287 peream
357 3206 479 3261 motum
494 3218 630 3261 ererum
646 3204 760 3260 natura
773 3192 854 3259 tolli.
899 3192 1017 3261 Tribus
1032 3197 1138 3263 verbis
1156 3222 1283 3287 repon0,

123 3312 208 3368 recte
223 3310 431 3387 aequaturum
451 3297 522 3377 hoc,
538 3296 567 3362 si
586 3296 705 3363 mobile
724 3305 919 3384 supponatur
940 3296 1064 3364 infinite
1084 3300 1227 3382 tardum;
1251 3310 1285 3367 at

123 3403 151 3469 si
165 3403 369 3470 velocitatem
383 3402 501 3467 habeat
516 3399 723 3488 aliquantam,
738 3399 796 3464 illa
810 3399 935 3467 cuidam
954 3402 1048 3490 spatii
1069 3402 1284 3470 determinatae

124 3507 206 3595 parti
228 3505 440 3595 respondebit,
461 3526 559 3591 quam
581 3503 659 3570 adeo
682 3502 847 3591 designato
869 3514 1008 3591 tempore
1030 3504 1148 3571 mobile
1169 3507 1284 3595 poterit

124 3610 259 3677 emetiri.
304 3608 419 3675 Moneo
445 3630 517 3695 quae
543 3617 653 3673 contra
680 3607 940 3695 compositionem
967 3630 1008 3673 ex
1033 3606 1285 3677 indivisibilibus

126 3713 211 3780 dicta
235 3722 319 3792 sunt,
340 3711 413 3777 illos
436 3710 586 3799 pleraque
609 3718 759 3798 spectare,
782 3709 838 3797 qui
860 3708 1112 3795 magnitudinem
1135 3712 1283 3779 constitui

125 3817 238 3882 volunt
256 3839 298 3882 ex
317 3812 569 3880 indivisibilibus
588 3836 719 3879 numero
739 3812 858 3893 finitis;
882 3834 953 3900 quae
974 3813 1130 3881 sententia
1148 3812 1284 3882 Geome-

127 3919 213 3984 tricis
228 3917 361 3984 decretis
376 3916 478 4003 magis
493 3916 685 4011 adversatur

192 4020 277 4090 cum
300 4019 418 4109 quibus
443 4019 574 4086 fortasse
600 4018 760 4085 conciliari
786 4030 901 4108 potest,
928 4044 987 4087 nec
1013 4020 1091 4086 alias
1117 4042 1213 4109 quam
1235 4018 1282 4087 lo-

129 4126 245 4213 quendi
274 4124 369 4191 modo
395 4124 501 4190 differt
526 4122 633 4212 opinio
657 4122 798 4204 Galilaei,
821 4133 853 4190 et
875 4123 1009 4191 aliorum
1031 4125 1060 4191 ei
1082 4122 1281 4212 συμψήφων,

129 4252 170 4295 ex
194 4228 329 4295 infinitis
353 4227 456 4315 ipsam
482 4223 596 4293 atomis
622 4225 828 4314 compositam
851 4228 1056 4295 censentium.
1102 4226 1167 4296 Sed
1188 4227 1282 4295 istam

178 4481 274 4539 Zano's
294 4475 442 4550 objection,
461 4477 522 4536 that
542 4480 646 4537 motion
664 4480 755 4536 would
774 4480 810 4537 be
829 4478 993 4550 impossible.
1032 4520 1036 4527 .
