3167 5192
92 399 178 447 nucu.
194 382 269 467 xa]
419 396 605 447 moncons
628 392 902 446 nasusnamcm
1178 380 1241 445 245

89 573 167 635 enim
186 567 324 656 quilibet
342 566 453 655 quanti
475 566 616 655 cujusvis
637 564 786 632 idoneum
808 563 992 651 symbolum
1014 576 1072 646 cst,
1092 567 1124 632 ei
1141 566 1242 653 signi-

89 669 205 738 ficando
226 678 464 758 comparatum:
494 679 527 735 et
548 668 803 735 sicutnumerus
824 666 958 755 quilibet
983 666 1240 750 Mathematicus,

89 783 229 840 constans
243 772 397 839 nimirum
412 771 485 837 unis
499 770 674 858 aequalibus
691 770 774 837 inter
794 793 839 852 se,
855 770 898 837 ab
917 793 982 839 uno
1000 772 1095 838 toties
1113 784 1242 861 accepto

89 876 289 964 componitur,
306 897 406 962 eoque
420 873 514 940 toties
528 873 687 941 abstracto
700 872 905 954 exhausitm3
926 874 989 941 hoc
1002 885 1060 956 est,
1076 876 1119 941 ab
1132 899 1171 943 eo
1184 900 1242 943 ex·

88 979 193 1065 quisite
207 978 366 1045 dividitus
379 986 412 1043 et
427 988 633 1052 mensuratus,
649 976 694 1042 ita
709 977 987 1064 correspondentes
1008 1002 1140 1047 numero
1161 1002 1241 1068 quo·

90 1081 133 1145 vis
146 1102 332 1168 expressum
347 1090 500 1166 quantum
517 1077 590 1161 (hoc
604 1088 662 1158 est,
678 1078 776 1165 juxta
794 1078 918 1146 numeri
937 1080 1030 1147 iatius
1043 1083 1240 1168 exigentiam

90 1184 119 1247 in
131 1194 176 1249 tot
188 1182 329 1270 aequales
344 1182 516 1271 particulas
531 1180 736 1247 distributum
758 1182 903 1269 singulas
924 1184 981 1249 uni
1002 1185 1241 1272 respondentes)

90 1286 225 1373 aquatis
239 1310 297 1374 per
312 1308 413 1352 unum
428 1285 596 1371 designate
609 1284 765 1371 particuli
779 1295 987 1353 mensuratus.

145 1390 237 1457 Nihil
262 1390 319 1456 hic
349 1392 478 1456 subesse
507 1388 702 1455 difficultatis
728 1387 853 1454 videtur
878 1401 934 1455 aut
957 1392 1177 1461 obscuritatis:
1209 1406 1241 1461 et

91 1495 260 1581 hujusmodi
287 1516 447 1560 mensura
475 1502 618 1581 respectu
644 1503 825 1581 comparata
853 1504 972 1580 quanta
999 1482 1064 1563 diii
1092 1498 1196 1565 solent
1221 1522 1241 1565 a

92 1598 259 1665 Geometris
297 1606 475 1683 symmetra
504 1594 558 1661 vel
587 1604 789 1683 asymmetra
820 1618 955 1682 quorum
993 1610 1242 1686 symptomatum

92 1699 350 1788 contemplatione
378 1698 461 1765 nihil
485 1698 521 1765 iu
550 1697 787 1765 Mathematicis
816 1698 994 1767 mirabilius
1023 1709 1072 1767 est
1096 1702 1161 1769 iere
1190 1704 1242 1783 yel

93 1800 201 1885 utilius,
217 1804 370 1893 quamvis
384 1802 467 1869 nihil
481 1826 501 1867 a
513 1801 639 1889 vulgari
654 1812 750 1889 captu
764 1812 980 1891 conceptaque
995 1805 1154 1872 remotius.

148 1904 243 1972 Notat
266 1903 460 1972 Aristoteles
484 1905 561 1970 hinc
584 1903 753 1992 desumpta
775 1904 937 1985 instantii,
962 1917 1117 1993 quantum
1140 1908 1242 1975 admi.

94 2006 162 2072 ratio
174 2008 275 2097 plebis
290 2008 449 2097 imperite
465 2008 619 2095 discrepet
634 2016 667 2073 ct
681 2008 864 2074 adversetur
884 2010 1048 2076 sententiae
1069 2012 1242 2099 peritorum

94 2121 176 2197 atque
193 2112 365 2179 scientium
375 2137 384 2193 ;
407 2111 565 2199 siquidem
585 2110 668 2177 inter
686 2135 733 2192 ea,
753 2111 884 2199 adquae
903 2112 1021 2201 vulgus
1040 2116 1242 2203 potissimum

96 2222 196 2301 stupet,
211 2223 359 2281 censetur
375 2211 581 2299 ἀσυμμετρία
599 2210 770 2300 διαμέτρου
785 2213 1159 2298 (incommensurabilitas
1174 2219 1243 2285 dia·

95 2319 173 2383 metri
187 2342 258 2385 cum
272 2319 375 2385 latere
389 2317 548 2406 quadrati)
573 2316 761 2399 θαυμαστὸν
781 2316 847 2405 γὰρ
857 2316 950 2401 ,εἶναι
970 2319 1058 2388 δοκεῖ
1076 2325 1191 2405 πᾶσιν,
1214 2326 1245 2391 si

97 2444 123 2485 τι
147 2422 201 2489 osia
229 2422 414 2512 ἐλάχιστον
441 2424 613 2510 μετρεῖται·
649 2420 813 2502 Ουιιιῶυυ,
839 2421 900 2489 hoc
924 2432 974 2489 est
1003 2429 1069 2495 sois
1094 2433 1242 2509 πολλοῖς,

96 2525 223 2593 memte
247 2528 386 2606 videtur,
413 2526 446 2591 ai
468 2526 548 2613 qaid
570 2524 773 2613 altipuousqae
798 2548 949 2613 mapsam
973 2550 1035 2593 oon
1051 2532 1157 2616 possit
1184 2532 1244 2597 od·

96 2626 204 2694 υυᾶυυι
230 2632 350 2717 amiqua
371 2628 522 2717 quapiam
543 2626 674 2695 citatim
696 2628 877 2713 totnoqeaea'
894 2631 1009 2716 poet
1026 2637 1174 2697 υιιιυυνα
1188 2656 1243 2699 eoo·

99 2727 231 2815 tom&
251 2745 363 2799 contra
384 2754 455 2797 cero
476 2730 561 2797 υιῚιιῖ
579 2732 683 2817 mapsa
710 2730 874 2797 Gemma
894 2733 1074 2813 miraretur,
1097 2758 1192 2821 quom
1212 2740 1247 2805 αι’

100 2854 151 2897 noa
162 2836 345 2922 continparet
358 2834 424 2914 hoc,
441 2831 531 2899 οὐδὲν
544 2831 609 2920 ’γὰρ
628 2830 669 2897 ἂν
688 2830 883 2917 θαυμάσειεν
902 2830 1004 2906 οὕτως
1022 2833 1104 2921 ἀνὴρ
1122 2864 1243 2922 Ιγειυμι·

100 2934 200 3019 spate,
215 2935 255 3010 ὥς
269 2936 300 3003 εἶ
312 2936 440 3021 γένοιτο
453 2934 475 3018 ἦ
490 2934 659 3025 διάμετρος
672 2935 843 3023 μετρητήῑ.

155 3036 240 3106 Plato
254 3063 331 3107 vero
347 3061 545 3106 communem
561 3038 656 3125 hujus
674 3038 832 3125 passionis
851 3038 1064 3126 ignorantiam
1083 3046 1241 3132 pathetice

101 3137 233 3228 deplorat,
248 3166 347 3232 quam
362 3153 395 3209 et
408 3152 502 3209 vocat
522 3142 654 3224 Ιγελοίαν
671 3141 726 3207 καὶ
748 3141 893 3231 αἰσχρὰν
913 3143 1024 3212 ἄνοιαν
1045 3147 1079 3213 ἐν
1099 3153 1166 3221 τοῖς
1187 3149 1242 3217 ἆν-

103 3240 224 3327 θρώτοις
244 3248 360 3328 esee,
379 3244 550 3312 ridiculam
572 3258 602 3311 et
621 3258 741 3333 tmpem
761 3246 922 3313 inscitiam
938 3249 1157 3339 pictorumque
1177 3278 1243 3319 om-

102 3346 177 3413 nium
196 3349 356 3417 hominum
375 3349 494 3415 animas
515 3346 718 3415 insidentem:
742 3369 845 3435 neque
868 3371 933 3415 uon
956 3350 1019 3418 sibi
1042 3352 1144 3419 videri
1161 3377 1243 3443 prae-

103 3444 175 3514 dicat
185 3473 246 3517 uon
268 3462 337 3519 tam
361 3450 547 3531 humanum,
568 3472 665 3539 quam
694 3450 864 3539 pecuinum
893 3453 1042 3519 affectum
1070 3455 1149 3521 talia
1178 3480 1243 3525 non

104 3550 261 3640 percipere:
285 3554 333 3619 Τὸ
351 3553 427 3641 περὶ
442 3556 545 3619 ταῦτα
566 3552 657 3637 ἡμῶν
678 3552 783 3626 πόθος
805 3554 986 3637 ἐθαύμασα,
1002 3555 1058 3621 καὶ
1078 3556 1167 3641 ἔδοξέ
1186 3586 1242 3643 μοι

104 3656 184 3721 τοῦτο
207 3655 262 3723 οὐκ
285 3656 497 3745 ἀνθρώπινον,
522 3655 600 3723 ἀλλ’
624 3655 734 3724 teoto
758 3682 856 3723 τινων
880 3655 960 3725 εἶναι
987 3662 1119 3742 μᾶλλον
1148 3661 1243 3751 θρεμ·

104 3756 208 3833 μάτων.
253 3760 295 3829 Se
310 3761 449 3849 denique
464 3760 647 3830 Grecorum
666 3761 809 3828 omnium
831 3768 926 3829 must
947 3762 1067 3851 pudore
1087 3788 1151 3831 non
1174 3790 1242 3834 mo-

104 3854 163 3924 dico
180 3864 340 3949 profitetur
361 3864 519 3946 affectum,
538 3864 687 3952 quoniam
710 3863 794 3930 hanc
815 3876 880 3929 tam
902 3865 1030 3932 obviam
1052 3880 1242 3957 quantorum

249 4015 259 4049 ¹
276 4016 333 4067 ilat.
348 4029 366 4067 1.
380 4032 404 4066 a.
612 4015 624 4047 ²
641 4016 722 4077 Plato,
736 4028 784 4067 vn.
798 4016 829 4067 de
838 4016 894 4081 lap.
908 4034 994 4069 vassus
1004 4018 1087 4071 tinem

150 4319 275 4381 matous
286 4330 365 4385 notes
376 4328 425 4384 tha
436 4328 735 4400 iucommeusnmbility
745 4331 777 4386 of
790 4329 842 4387 the
856 4329 983 4401 diagonal
999 4346 1031 4389 aa
1042 4336 1241 4406 apropoaition

110 4400 183 4461 'him
191 4410 339 4469 uonuha
350 4414 400 4470 the
411 4414 509 4485 vulgar
519 4415 604 4472 mind.

154 4490 213 4547 And
222 4490 300 4551 Plato
310 4498 387 4555 looks
399 4516 471 4570 upon
484 4500 551 4556 such
563 4499 708 4570 ignoranoe
719 4516 750 4557 as
761 4500 900 4573 shookiug.
