3167 5192
94 428 185 480 cuer.
204 413 246 500 1.]
449 435 636 488 merrom
657 436 799 488 orrrca„
1114 421 1156 493 17

92 601 352 687 corpusculorum
366 605 463 672 series
476 617 708 694 promoveatur,
720 619 754 675 et
767 619 945 677 antrorsum
956 601 1154 695 connitatur3

91 704 193 790 qualis
212 708 370 776 utrolibet
389 709 485 776 modo
508 711 661 799 producta
682 713 763 782 lucis
784 737 925 803 propago
944 715 1058 782 radice
1079 737 1155 782 con·

90 809 194 874 suevit
208 811 379 899 appellari.
423 813 477 879 Ita
495 814 624 902 quidem
638 838 707 882 rem
726 818 877 884 existimo
897 818 1082 907 simpliciter
1096 821 1153 886 ob-

89 910 222 997 tingere,
255 915 359 982 donec
387 916 529 984 medium
558 931 724 1006 permanet
752 920 994 1007 homogeneum‚
1021 921 1082 989 hoc
1104 932 1154 990 est

89 1012 233 1099 ejusdem
247 1017 350 1085 ferme
367 1021 607 1106 magnitudinis,
628 1022 809 1104 soliditatis,
831 1047 868 1088 ao
882 1024 993 1112 figurae
1008 1025 1151 1113 partibus

87 1126 249 1199 constans,
279 1129 311 1185 et
337 1121 497 1188 similibus
521 1123 702 1190 interstitiis
724 1127 887 1214 pervium
911 1137 945 1193 at
965 1128 992 1194 si
1011 1129 1151 1196 medium

88 1231 232 1287 occurrat
253 1223 347 1290 aliter
367 1225 523 1306 affectum,
540 1227 705 1294 ediversis
724 1229 843 1318 quippe
863 1229 1035 1298 secundum
1050 1256 1152 1320 quan·

86 1319 212 1390 titatern
228 1337 288 1392 aut
302 1327 439 1414 figuram
453 1330 617 1418 particulis
632 1342 842 1420 compactum,
858 1334 1006 1423 porisque
1021 1335 1152 1402 laxiori-

87 1422 157 1505 bus,
181 1438 241 1494 ant
263 1420 475 1498 strictioribus
496 1434 848 1522 pertusum,'cujusque
866 1437 998 1523 proinde
1018 1439 1152 1506 materia

85 1526 137 1591 vel
151 1533 338 1621 promptius
358 1534 458 1616 cedat,
478 1545 535 1601 aut
552 1537 770 1603 contumacius
784 1538 972 1619 obluctetur,
992 1541 1151 1628 oportebit

84 1627 172 1696 illius
192 1655 256 1701 seu
276 1658 396 1718 cursus,
411 1660 467 1704 seu
482 1637 639 1726 impulsus
653 1639 729 1721 vim,
749 1641 959 1728 effectumque
974 1641 1149 1724 demutari3

85 1733 163 1817 quin
178 1747 214 1802 et
235 1737 269 1804 si
287 1740 364 1805 noui
384 1739 483 1807 medii
501 1741 684 1830 superficies
701 1743 749 1808 ita
766 1743 943 1812 transeunti
964 1743 1045 1811 lucis
1064 1743 1150 1813 amni

85 1856 118 1900 se
132 1838 307 1928 obliquam
320 1842 460 1930 objiciat,
475 1844 544 1931 ejus
558 1867 685 1933 quoque
709 1845 914 1913 directionem
931 1846 1073 1935 infringi,
1096 1847 1149 1916 vel

86 1937 277 2011 ἀνάκλασιν
296 1948 487 2035 contingere,
510 1972 607 2037 quam
623 1949 814 2017 Aristoteles
835 1960 938 2033 vocat,
963 1974 1000 2018 eo
1022 1953 1151 2019 nomine

89 2043 180 2132 (quas
197 2073 290 2116 nunc
311 2049 505 2140 distinguere
525 2053 678 2140 solemus)
700 2055 901 2143 rqlectiooem
923 2056 1019 2124 simul
1041 2079 1079 2124 ac
1101 2083 1151 2125 re-

77 2146 274 2231 fractionem
292 2156 515 2245 complectens.
560 2157 735 2225 Enimvero
749 2159 890 2226 materia
905 2159 1086 2250 impingens
1104 2161 1151 2227 ita

86 2269 273 2344 compactoe,
297 2269 335 2325 ut
359 2259 501 2327 venienti
525 2261 695 2327 transitum
718 2272 879 2348 perneget,
899 2273 954 2328 aut
977 2263 1151 2351 prementia

85 2353 246 2446 impetum
257 2361 444 2430 inconcussa
455 2364 624 2444 sustineat3
640 2364 704 2429 alio
718 2375 785 2429 tota
796 2387 861 2452 quo
876 2363 1025 2431 facillime
1035 2366 1150 2456 poterit

86 2469 117 2524 et
130 2462 356 2547 directissime,
368 2462 564 2553 regredietur
578 2476 610 2532 et
624 2466 762 2545 resiliet;
786 2466 850 2531 alio
865 2467 932 2531 vim
948 2489 1038 2532 suam
1053 2489 1150 2554 quam

85 2566 205 2634 retinet
229 2592 354 2636 omnem
381 2569 557 2649 derivabit;
580 2569 615 2634 id
638 2569 724 2655 quod
749 2569 832 2649 lucis
856 2569 994 2636 reflectio
1023 2568 1149 2636 dicitur.

88 2666 169 2759 (Huj
174 2671 304 2737 asmodi
317 2693 393 2737 vero
407 2693 521 2758 corpus
535 2671 639 2737 lucem
654 2693 719 2736 non
734 2671 910 2758 suscipiens
925 2681 1054 2738 eatenus
1074 2696 1150 2762 opo·

86 2793 166 2854 crem,
196 2772 270 2858 (boc
299 2783 348 2839 est
372 2783 541 2856 terrenum,
564 2785 602 2841 ut
624 2773 836 2840 Grammatici
861 2773 984 2856 volunt,
1012 2776 1053 2842 ab
1084 2775 1149 2865 Ope

86 2874 248 2941 vocabulo
267 2877 369 2964 prisco
388 2877 536 2943 tellurem
555 2878 754 2965 designante)
772 2878 968 2967 appellatur;
992 2890 1147 2966 quatenus

87 2991 196 3047 autern
224 2981 352 3048 sibimet
373 2982 586 3050 incurrentem
609 2982 672 3049 alio
693 2982 829 3071 projicit,
852 2981 1044 3049 illustratum
1064 2983 1145 3065 dici3

87 3094 246 3168 quatenus
275 3085 391 3172 objecti
420 3085 556 3174 speciem
586 3086 732 3153 redhibet
761 3085 938 3175 aspicienti,
964 3086 1144 3178 greculum.)

88 3185 183 3265 Quod
210 3181 337 3254 sivero
361 3188 493 3254 materia
514 3188 579 3255 luci
597 3189 813 3277 progredienti
839 3189 885 3255 sio
911 3189 1040 3256 obviam
1063 3189 1147 3256 sacta

87 3291 258 3356 transitum
277 3301 438 3378 uteunque
456 3292 605 3379 praebeat,
627 3291 737 3379 ejusve
751 3303 899 3358 conatum
914 3291 1063 3380 excipiat,
1079 3291 1148 3358 len·

88 3391 152 3459 tius
162 3405 270 3462 tamen
286 3405 342 3462 eut
355 3396 496 3484 paratius
511 3419 576 3484 pree
591 3395 658 3476 illa,
673 3417 730 3483 per
742 3417 839 3486 quam
853 3395 941 3483 prius
952 3393 1146 3476 decurrebat,

89 3502 158 3562 tum
176 3498 308 3566 virtutis
325 3521 390 3565 suae
405 3499 585 3587 quantitate
603 3499 801 3585 aliquantum
820 3497 896 3562 hinc
910 3497 1034 3562 variati
1050 3496 1149 3562 simul

89 3611 208 3668 orecte
221 3603 307 3690 quod
329 3603 497 3670 affectabat
517 3602 630 3668 itinere
653 3600 853 3681 deflectetur3
875 3621 913 3664 eo
932 3597 1083 3664 nimirum
1098 3621 1148 3664 or·

89 3699 163 3772 dine
188 3705 346 3794 modoque
371 3727 466 3793 quem
492 3705 626 3794 posthac
653 3702 840 3770 conabimur
868 3701 990 3768 elicere.
1035 3700 1147 3781 Qualis

90 3807 219 3874 effectus
228 3809 427 3896 reflectebat&
440 3807 569 3876 nomine
577 3806 687 3874 venire
701 3806 795 3874 solet:
816 3805 1015 3891 (subnotetur
1029 3814 1145 3886 autem,

91 3905 150 3977 hoc
169 3913 265 3980 modo
282 3913 386 3980 lucem
405 3913 619 3980 intromittens
634 3912 775 3979 medium
790 3919 920 3978 eatenus
932 3910 1145 3999 perspicuum,

90 4011 294 4105 dahphomam,
319 4030 530 4106 bermerenc,
545 4015 741 4106 pellucidam
764 4013 942 4104 appellari.)
989 4011 1042 4078 Ita
1065 4011 1146 4078 lucis

89 4129 243 4200 naturam,
252 4121 418 4208 originem,
428 4118 953 4209 propagationem,acprogressum
962 4115 1147 4204 ὁλοσχερῶς

93 4220 229 4304 (omissis
242 4247 314 4312 quae
331 4224 464 4313 adjungi
487 4234 617 4313 possent
639 4223 800 4312 plerisque
816 4223 922 4290 miuus
941 4219 982 4286 ad
1001 4230 1145 4286 nostrum

89 4328 283 4414 propositum
307 4329 534 4418 spectantibus)
566 4349 693 4415 expono
700 4351 710 4407 3
736 4349 795 4392 nec
823 4325 911 4391 aliud
940 4324 1004 4391 scre
1032 4333 1146 4412 praeter

89 4423 155 4495 haec
168 4433 294 4519 requiro
309 4431 506 4498 declarandis
519 4430 761 4519 hypothesibus,
776 4451 856 4517 quos
868 4429 1081 4494 communiter
1089 4429 1145 4494 ad·

90 4525 219 4598 sumunt
232 4533 340 4621 Optici
350 4559 359 4617 ;
381 4557 516 4624 quaque
534 4531 710 4602 necessario
727 4531 846 4601 debent
866 4531 941 4599 huic
960 4531 1145 4599 extruendae

162 4653 195 4704 a.
211 4653 250 4704 u.
281 4655 321 4704 11.
1036 4634 1057 4699 3
