3167 5192
343 397 408 480 362
689 414 876 467 ancnoris
897 413 1170 466 murmurarem.
1268 397 1376 485 [uror.
1392 413 1489 464 mu.

342 605 380 651 ac
393 581 588 669 rationabili)
609 583 657 650 nil
677 583 767 652 aliud
785 583 946 672 significet
964 583 1147 672 analogum,
1168 607 1266 673 quarn
1285 583 1324 652 τὸ
1342 583 1424 650 hanc
1441 583 1491 649 ha·

341 687 417 754 bere
430 687 665 776 proprietatem.

406 791 563 880 Denique,
578 816 645 860 rem
665 793 707 860 ab
721 796 761 860 et
780 791 992 860 obscuriorem
1012 791 1102 860 reddi
1122 813 1280 880 pamego:
1301 793 1391 859 Nora
1404 805 1434 858 et
1453 789 1491 875 (id

340 897 428 985 quod
441 897 510 986 ipse
523 897 632 966 verbis
646 895 772 964 disertis
788 895 916 980 fatetur)
937 896 1030 962 verba
1050 895 1240 982 defias'tr‘ornb
1258 895 1491 998 apem-aa

341 1023 399 1088 que
413 999 615 1089 madapuitete
628 1001 710 1088 qaid
720 1001 763 1067 ait
778 1000 851 1066 ala
859 999 1040 1088 proprietas
1048 1024 1061 1064 .·
1076 996 1122 1063 Et
1136 999 1208 1084 (ego
1219 996 1315 1082 addo)
1328 997 1490 1064 clarissima

341 1114 430 1192 patet
446 1127 518 1174 eam
538 1103 634 1172 rebus
652 1102 897 1191 quamplurimis
915 1101 1039 1182 inesse3
1064 1123 1124 1168 nee
1138 1124 1203 1167 non
1226 1102 1295 1189 ejus
1316 1101 1488 1190 applicatio,

342 1205 428 1292 quod
444 1205 641 1294 experientia
660 1205 756 1292 plane
769 1213 935 1284 monstrat,
953 1202 1041 1268 haud
1055 1202 1194 1270 difficilis
1208 1214 1274 1285 est;
1297 1214 1333 1269 et
1346 1203 1430 1270 nihil
1442 1203 1493 1268 ob·

341 1316 406 1373 stat
424 1308 503 1395 quin
524 1305 806 1396 proportionalium
826 1328 952 1386 nomen,
973 1314 1029 1370 aut
1047 1304 1135 1370 aliud
1154 1304 1300 1392 quodvis,
1325 1304 1409 1370 hanc
1428 1325 1492 1392 pro-

341 1407 507 1496 prietatem
521 1408 714 1476 habentibus
729 1407 857 1496 quantis
872 1406 1077 1488 attribuatur3
1093 1405 1206 1472 saltem
1220 1428 1239 1471 e
1252 1406 1394 1472 nominis
1407 1406 1492 1472 istius

341 1511 555 1600 assignatione
568 1513 658 1579 nulla
667 1521 772 1600 potest
783 1510 959 1578 obscuritas
974 1510 1060 1578 oriri.
1097 1510 1138 1576 Iu
1149 1534 1214 1598 quo
1229 1511 1331 1597 igitur
1345 1513 1488 1596 (obsecro)

341 1617 486 1684 consistit
504 1615 563 1682 ubi
580 1624 733 1695 versatim,
753 1613 840 1680 unde
853 1613 987 1679 resultat
1000 1613 1071 1679 haec
1085 1613 1286 1680 obscuritas?
1331 1613 1490 1702 Nusquam

342 1729 435 1785 certe.
479 1716 554 1783 Nisi
575 1717 647 1804 quis
669 1713 971 1804 proportionalitatis
993 1737 1140 1780 arcanam
1160 1714 1385 1803 nescioquam
1404 1725 1491 1781 natu·

342 1843 421 1899 ram,
433 1819 524 1885 omni
539 1818 755 1886 definitionem
769 1815 966 1902 ingrediente
979 1816 1172 1904 proprietate
1184 1816 1323 1904 priorem
1338 1816 1476 1883 somniet

404 1920 525 1988 Verum
547 1919 662 2010 judicii
684 1919 734 1986 sui
755 1919 894 1985 rationes
916 1941 953 1984 ac
973 1919 1173 1984 firmamenta
1194 1917 1343 2005 'subjicit3
1372 1919 1442 1986 illas
1461 1929 1489 1986 et

339 2021 409 2090 haec
422 2021 561 2090 breviter
575 2021 812 2110 expendamus:
836 2021 1008 2109 Ipaorotar
1031 2021 1100 2106 (ait)
1122 2045 1168 2088 oa
1181 2022 1218 2088 in
1231 2027 1350 2088 nature
1362 2023 1491 2112 reperii

332 2137 466 2214 poseant
484 2137 617 2213 quotuor
636 2125 824 2211 massaeo
843 2123 985 2190 habentes
1000 2121 1091 2190 telem
1103 2125 1293 2212 posabnera,
1309 2126 1392 2214 quod
1402 2126 1489 2194 niati-

337 2252 409 2295 rrsm
427 2226 560 2314 infinitae
579 2225 850 2316 aquemultaplices
868 2225 1121 2306 antecedentiam,
1144 2227 1177 2294 si
1193 2241 1407 2316 comparentur
1425 2253 1487 2296 crau

337 2329 472 2419 infinitis
486 2327 795 2418 oeqwmattptiatus
809 2330 1053 2416 consequendum
1066 2329 1193 2396 dabam
1206 2355 1271 2398 aaa
1285 2332 1430 2412 medea
1445 2329 1489 2398 ael
1553 2373 1554 2376 =

338 2459 404 2502 ano
425 2431 560 2520 deficere,
583 2431 633 2499 vel
652 2455 717 2500 aaa
739 2432 871 2518 equari.
915 2430 1117 2520 Respondeo,
1142 2454 1207 2499 non
1232 2433 1394 2521 ignoratur
1420 2433 1485 2514 hoc,

339 2537 490 2626 quoniam
505 2533 662 2622 exemplis
675 2533 851 2622 perspicuis
865 2533 1104 2602 commonstrari
1123 2544 1237 2623 potest,
1258 2537 1392 2604 existere
1409 2558 1485 2604 eom·

337 2642 466 2730 plurat
485 2647 605 2728 quanta
618 2636 705 2703 dieta
724 2635 903 2702 conditione
922 2635 1040 2704 dotata.
1078 2636 1173 2716 Quod
1193 2638 1222 2704 si
1241 2661 1307 2705 non
1329 2647 1482 2724 constaret,

338 2743 587 2829 haudquaquam
608 2740 678 2806 haec
699 2737 843 2806 definitio
870 2748 976 2825 posset
1003 2737 1045 2804 ad
1070 2761 1164 2806 usum
1190 2741 1354 2831 applicari.
1406 2741 1482 2808 Nan
1552 2815 1553 2820 .

338 2843 462 2930 quoties
487 2841 673 2930 applicatur,
700 2848 748 2905 tot
774 2837 1019 2928 suppeditantur
1044 2841 1193 2928 exempla
1217 2853 1407 2930 quantorum
1427 2844 1482 2910 hac

337 2943 528 3032 proprietate
557 2938 775 3032 gaudentium.
828 2939 904 3008 Nou
942 2940 1034 3008 aliter
1063 2943 1226 3030 ignoratur
1254 2945 1324 3012 dari
1358 2947 1481 3036 liguram

338 3044 474 3133 requalea
491 3045 596 3110 radios
613 3042 795 3124 habentem,
818 3040 918 3110 donec
940 3042 975 3109 id
996 3067 1038 3110 ex
1059 3046 1263 3130 generatione
1282 3050 1427 3138 quapiam
1446 3047 1483 3114 ad

338 3169 476 3227 sensum,
495 3145 549 3213 vel
562 3146 605 3212 ad
619 3158 768 3228 mentem,
788 3169 831 3212 ex
846 3146 953 3234 aliquo
968 3148 1045 3214 satis
1060 3147 1207 3216 evidente
1221 3149 1367 3220 discursu
1380 3151 1482 3218 certius

339 3250 405 3318 fiat.
450 3247 566 3337 Itaque
579 3249 664 3314 nihil
677 3250 766 3318 valet
778 3248 840 3315 hoc
854 3249 992 3340 primunr
1008 3249 1213 3342 ἐπιχείρημα.
1551 3295 1552 3337 ,

402 3349 537 3433 Rursus,
557 3351 694 3440 Infinita
715 3351 844 3440 (inquit)
862 3352 994 3440 tafiairo
1013 3352 1080 3420 ritca
1098 3355 1342 3444 corporatsbaea
1360 3377 1483 3445 eompre-

336 3455 434 3524 hendi
455 3469 694 3544 torpescam
719 3467 747 3522 et
772 3456 842 3523 ideo
867 3455 1061 3544 torporata
1084 3481 1146 3524 aon
1170 3459 1231 3526 crit
1254 3457 1481 3540 avidmhbssfsta

335 3559 442 3649 qualis
456 3559 541 3627 (lebet
554 3582 616 3626 esse
630 3557 701 3639 illo,
716 3559 992 3648 praeprincipium
1005 3560 1143 3628 solemnia
1157 3563 1324 3630 eomtr'tait.
1550 3579 1551 3596 ³

401 3661 556 3742 Primum,
575 3658 711 3726 demiror
727 3659 768 3726 ab
789 3659 972 3728 acutissimo
994 3661 1063 3730 viro
1084 3661 1240 3750 ejusmodi
1261 3664 1420 3732 discursus
1438 3661 1483 3728 in·

336 3762 437 3847 stitui,
452 3773 522 3831 tum
546 3765 598 3850 (ne
617 3770 758 3850 repetam
778 3783 850 3850 quae
872 3761 913 3828 ad
927 3762 1048 3830 similes
1063 3762 1224 3834 discursus
1238 3775 1333 3834 antea
1351 3763 1481 3856 reposui)

390 4067 639 4125 milandars
657 4068 706 4125 the
723 4073 827 4126 matter
844 4087 921 4128 moro
937 4072 1060 4128 obscura

387 4157 456 4208 Ans
491 4153 521 4208 It
537 4154 562 4210 is
578 4158 628 4210 not
644 4154 731 4210 found
745 4172 776 4211 so
792 4155 822 4210 in
839 4156 876 4212 its
893 4157 1079 4229 applicatione.

387 4237 428 4292 IL
466 4235 540 4292 saar
554 4238 579 4293 it
595 4239 720 4310 requires
736 4255 770 4294 ua
785 4243 818 4296 tc
834 4241 893 4296 find
910 4243 1018 4299 infinita
1035 4241 1247 4314 equimultiplea

386 4323 454 4377 Ana
490 4321 538 4377 All
556 4323 714 4380 definitione
730 4325 839 4382 involve
856 4327 1013 4398 something
1028 4327 1174 4386 smiramt
1548 4287 1549 4346 l

390 4407 465 4463 stas
480 4404 559 4463 these
573 4408 681 4464 infinite
696 4410 881 4481 comparisons
895 4415 996 4469 cannot
1006 4412 1043 4468 be
1053 4413 1280 4485 comprehended.

387 4494 454 4547 Ans
468 4497 493 4551 1.
527 4491 557 4547 It
573 4492 623 4548 has
639 4492 712 4549 been
729 4495 951 4566 eomprehended
969 4497 1025 4553 and
1041 4497 1120 4554 used.
1329 4513 1335 4522 ·
