3167 5192
452 341 518 410 392
714 362 902 414 unmrorus
924 362 1200 416 rerumrerum.
1296 347 1512 432 [nucumve

517 530 564 598 Et
580 531 703 599 similes
720 555 816 600 conos
835 556 874 600 aa
892 531 1056 621 cylindros
1072 533 1108 599 in
1127 533 1292 622 triplicem
1310 555 1386 602 esse
1404 533 1517 600 ratione

451 634 595 718 laterum,
610 637 664 703 vel
678 636 850 718 radiorum,
865 637 918 704 vel
933 637 1159 703 diametrorum
1172 638 1271 705 basis.

516 737 563 804 Et
583 739 747 826 cylindros
771 763 922 808 oonorum
946 763 1036 828 oeque
1060 739 1198 806 ultorum
1219 749 1251 807 et
1279 763 1390 829 super
1412 739 1521 828 aequsli

450 840 527 910 base
548 843 793 910 comtitntorum
810 843 923 932 triplos
937 866 1017 910 esse.
1062 842 1295 912 Proemittimue
1311 855 1351 912 et
1365 843 1523 911 definitio-

450 967 525 1011 nem
546 968 644 1012 unam
666 969 704 1012 sc
725 946 870 1014 alteram.

518 1051 548 1116 1.
593 1048 724 1118 Solidue
751 1059 855 1118 sector
886 1050 951 1138 (vel
978 1059 1080 1118 sector
1113 1051 1302 1139 sphericus)
1340 1060 1397 1120 est
1426 1050 1523 1137 figura

451 1151 679 1239 comprehense
700 1153 866 1240 superficie
888 1154 972 1234 coni,
997 1155 1148 1222 verticem
1173 1155 1330 1224 habentis
1356 1155 1397 1222 in
1420 1163 1524 1222 centro

451 1256 593 1344 sphnre,
616 1267 650 1324 et
669 1257 825 1345 sphaerict
846 1257 1012 1346 superficie
1033 1257 1119 1342 iutro
1140 1281 1265 1328 conum.

515 1357 565 1427 Ut
587 1359 690 1447 figura
718 1359 853 1427 BOAV
872 1361 1099 1448 comprehensa

450 1461 512 1528 sub
537 1461 704 1549 superficie
729 1463 841 1528 coniot
871 1461 977 1544 BOA,
1008 1473 1098 1550 parte
1144 1429 1172 1479 X
1218 1497 1242 1546 B

450 1566 628 1656 superficiei
650 1567 722 1632 coni
744 1568 783 1631 X
784 1566 813 1632 Ο
818 1567 854 1648 Υ,
879 1576 911 1632 et
932 1565 1098 1654 superficie

451 1669 609 1758 sphaerica
631 1670 737 1736 BVA.
1398 1679 1422 1728 0

514 1773 578 1842 Vel
599 1783 649 1841 est
670 1773 775 1861 figura
796 1773 1002 1863 compositae
1017 1795 1096 1840 cono
1128 1512 1366 1953 .1>
1502 1752 1513 1823 ¹¹

454 1875 542 1942 CBA
579 1877 740 1964 (verticem
769 1876 907 1944 habente
930 1877 965 1942 in
990 1886 1097 1943 centro
1220 1907 1241 1956 A

448 1977 581 2066 sphaerae
619 1979 658 2063 0)
692 1989 724 2046 et
759 1979 904 2068 portione
943 1979 1098 2066 sphaerict
1153 1989 1177 2038 Υ

446 2082 553 2164 EVA,
583 2104 677 2172 super
690 2083 801 2150 etdem
822 2084 898 2150 base
912 2084 986 2150 BA.

511 2183 574 2252 Vel
610 2186 638 2252 si
674 2197 777 2254 sector
815 2186 976 2253 circularis
1012 2187 1103 2254 VOB

446 2289 530 2356 circe
544 2287 668 2356 rodium
685 2290 1097 2379 OVrevolvatur‚procree-
1170 2360 1193 2407 V
1202 2199 1466 2568 Q
1476 2349 1497 2398 C

445 2394 533 2462 bitur
554 2405 656 2462 sector
678 2394 852 2483 ephaericns
866 2394 972 2486 BOA.
1536 2425 1537 2486 p

509 2517 541 2581 2.
586 2512 717 2582 Solidus
742 2512 895 2579 rhombus
924 2522 974 2579 est
995 2513 1097 2600 figura
1299 2495 1337 2629 A!
1536 2509 1537 2516 '

444 2627 592 2685 constans
606 2617 730 2685 dnobus
739 2615 829 2682 conis
843 2615 936 2682 rectis
951 2615 1096 2696 inversis,

443 2744 539 2809 snper
572 2719 683 2787 etdem
712 2718 790 2786 base
819 2718 1013 2800 constitutis,
1039 2730 1072 2784 et
1093 2717 1227 2784 vertices
1250 2713 1495 2786 habentibusir

444 2823 555 2889 eodem
576 2821 737 2888 communi
759 2842 832 2902 axe,

508 2924 599 2990 Telis
616 2936 666 2991 est
695 2922 825 3004 GBVA,
841 2921 893 2989 cui
917 2923 1094 2989 communis
1110 2921 1197 2991 basis
1212 2924 1274 2989 BA
1290 2930 1323 2989 et
1341 2924 1415 2990 exis
1438 2917 1493 2984 ΓΟ.
1534 2976 1535 2992 r

281 3027 432 3106 winone
510 3024 562 3093 sit
583 3025 652 3112 jam
672 3035 773 3091 sector
794 3024 974 3092 circularis*
989 3024 1104 3106 nov:
1119 3024 1171 3090 cn
1192 3025 1385 3091 inscribatur
1399 3025 1493 3109 figura

277 3108 422 3221 m,
443 3127 626 3216 aequilatero
639 3129 747 3195 BOM
748 3129 781 3209 V,
805 3137 838 3194 et
861 3137 962 3194 sector
981 3149 1053 3194 curn
1071 3127 1176 3215 figurt
1194 3127 1278 3194 circo
1298 3126 1424 3194 redium
1444 3121 1499 3190 ΟΥ
1534 3150 1535 3157 “

443 3228 633 3311 revolvatur,
655 3240 687 3296 et
710 3253 730 3296 e
753 3239 872 3296 sectore
894 3229 1037 3296 circulari
1058 3230 1249 3317 producetur
1269 3239 1372 3297 sector
1396 3229 1492 3320 sphae·

279 3337 370 3402 θοίναν
383 3334 547 3416 Μετώπη
582 3333 730 3420 afigurt
751 3343 858 3400 autem
883 3355 998 3422 corpus
1020 3333 1159 3399 solidum
1184 3341 1332 3400 comtum
1361 3334 1490 3423 primum

275 3419 405 3520 zm?
442 3438 577 3505 rhombo
598 3437 642 3502 M
641 3437 706 3504 ΟΝ
707 3436 748 3516 V;
769 3446 840 3502 tum
862 3457 900 3503 eo
923 3435 1008 3523 quod
1032 3435 1215 3523 producitur
1240 3457 1282 3502 ex
1303 3436 1490 3504 revolutione

275 3533 387 3611 him
441 3539 594 3626 trianguli
615 3538 724 3620 00M3
751 3537 813 3604 hoo
826 3547 883 3619 est,
898 3537 1070 3627 (productis
1095 3538 1169 3621 OM,
1193 3539 1261 3604 ΡΝ
1273 3537 1316 3605 ed
1335 3557 1488 3607 occursum

270 3602 366 3662 punt.
439 3646 484 3729 R)
509 3645 540 3712 ei
574 3641 660 3731 qnod
688 3643 852 3730 supererit,
878 3642 907 3708 si
930 3642 1115 3709 detrahetur
1139 3643 1294 3711 rhombus
1321 3643 1488 3712 Mente

436 3747 572 3814 rhombo
587 3745 724 3826 OOPR3
747 3765 785 3811 eo
801 3744 937 3832 denique
952 3745 1039 3833 quod
1053 3745 1119 3813 fite
1132 3745 1330 3814 revolutione
1345 3741 1486 3833 trianguli

437 3849 543 3930 1300,
559 3848 620 3915 hoc
634 3857 692 3928 eet,
712 3847 886 3934 (productis
901 3848 975 3928 ΒΟ,
987 3848 1054 3912 AP
1063 3847 1105 3913 ud
1119 3849 1158 3934 S)
1171 3847 1359 3917 differentius
1373 3843 1486 3916 rhombi

436 3952 608 4020 BOASet
621 3949 745 4018 00128.
778 3949 893 4036 Itaque
907 3951 935 4016 si
951 3949 1025 4016 sciri
1038 3951 1142 4040 possit
1154 3951 1340 4039 hujusmodi
1355 3949 1483 4042 cujusvis

436 4055 548 4141 figure
576 4053 689 4120 relatio
711 4051 753 4118 ed
782 4073 898 4119 conum
924 4052 1076 4141 aliquem,
1103 4075 1141 4120 eo
1164 4053 1245 4120 forte
1269 4055 1354 4122 ratio
1381 4055 1482 4142 digno·

436 4166 542 4222 scetur
566 4155 696 4222 sectoris
726 4153 875 4243 ephaerici
900 4154 942 4221 ud
970 4179 1095 4223 conum.
1151 4156 1227 4224 Huc
1255 4157 1417 4225 collimant
1440 4176 1480 4220 se·
1530 4175 1531 4234 ζ

436 4256 568 4344 quentia
587 4256 793 4345 problemata

782 4424 1144 4494 'SeeDisgrnmnextpsge
