3167 5192
120 430 221 480 uum.
239 412 334 498 mu]
465 428 651 481 emortus
673 426 948 479 urrunusrrcn.
1224 408 1289 479 305

118 597 289 673 draelrm
310 596 413 679 uueia,
436 596 537 679 libra3
560 619 618 686 pro
640 596 863 686 eomputaudis
881 593 1024 685 peeuuiis
1045 614 1091 676 as,
1114 595 1285 679 sestertius,

119 699 286 782 deuarim,
316 699 446 781 solidus,
475 722 591 782 marea,
621 699 722 780 libra;
754 720 812 786 pro
829 697 1037 787 temporibus
1065 697 1287 786 computandis

123 826 240 886 annus,
266 804 397 885 mensis,
420 803 499 886 dies,
526 803 647 890 (civiles
672 803 731 870 hos
752 801 910 891 intelligo,
935 826 1011 870 uam
1037 825 1078 869 au
1107 803 1158 869 he
1182 811 1288 890 partes

123 908 280 997 temporis
293 908 453 975 naturales
473 907 539 973 aiut
561 905 860 975 eommensurabiles
882 906 966 974 inter
990 928 1025 973 se
1041 904 1132 973 nullo
1153 914 1287 985 constat,

122 1022 181 1079 aut
195 1021 344 1078 constare
356 1020 462 1099 potest
474 1010 617 1097 indicio,)
634 1009 721 1093 bora,
736 1010 906 1078 minutum.
951 1010 1033 1077 Haec
1054 1010 1139 1076 eninr
1161 1018 1193 1077 et
1211 1030 1288 1075 eon·

122 1114 247 1183 similia
260 1124 382 1204 quanta
393 1114 532 1181 rationes
552 1113 637 1182 iuter
657 1136 692 1182 se
712 1113 855 1182 effabiles
873 1114 1004 1196 habent,
1020 1134 1120 1201 eoque
1137 1110 1287 1200 vulgares

121 1219 165 1285 ad
177 1240 266 1286 usus.
276 1218 561 1285 aeoommodautur.

190 1320 303 1401 Ratio,
323 1321 483 1388 metantioe
505 1325 611 1401 ause
634 1342 749 1388 moeeae
772 1322 814 1389 ad
839 1322 954 1388 libram
974 1320 1110 1389 effabilis
1133 1319 1289 1407 estquis

121 1447 281 1492 numerus
293 1426 316 1511 ᾗ
329 1435 361 1491 et
377 1432 405 1507 1,
432 1424 486 1491 vel
502 1423 643 1491 numeris
669 1433 736 1493 tet
754 1434 784 1507 3,
805 1424 858 1491 vel
877 1422 950 1491 eliis
971 1423 1138 1512 quibusvis
1159 1422 1286 1491 subses·

121 1528 319 1617 quinlteram
332 1524 550 1595 obtinentibus
571 1526 708 1594 interae
728 1528 883 1595 rationem
904 1528 1134 1615 exprimuntur.
1179 1526 1235 1595 Sic
1257 1535 1290 1593 et

122 1629 212 1697 assis
229 1629 272 1696 ad
292 1630 471 1697 sestertium
493 1630 574 1697 ratio
598 1631 728 1697 effertur
748 1632 889 1699 numeris
907 1633 975 1719 {et
990 1638 1018 1713 1,
1034 1630 1087 1697 vel
1107 1628 1247 1696 numeris
1270 1634 1287 1693 1

122 1740 158 1799 et
173 1733 230 1819 ἦ,
243 1732 298 1799 vel
312 1730 452 1798 numeris
466 1740 486 1798 2
500 1740 533 1798 et
547 1739 585 1813 5;
608 1754 680 1819 quae
693 1732 774 1798 ratio
794 1730 911 1799 dieitur
930 1730 1289 1820 submultiplex-dupla

122 1834 345 1923 sesquialtera,
359 1834 520 1902 utstatim
534 1835 745 1903 ostendemus.

193 1936 303 2021 Λόγος
329 1946 437 2004 autem
456 1937 593 2025 ἄῤῥητος
621 1938 805 2023 (ineffabilis
829 1941 919 2023 ratio,
949 1939 1140 2029 quibusdam
1171 1938 1290 2023 ἄλογος

123 2038 238 2123 λόγος,
252 2038 334 2105 ratio
347 2039 548 2121 irrationalis,
567 2040 621 2107 vel
641 2042 749 2129 potius
769 2042 953 2124 indicibilis,
974 2043 1051 2131 quia
1072 2042 1136 2111 diei
1156 2042 1211 2111 vel
1232 2066 1290 2111 ex·

122 2141 226 2230 prirui
251 2139 386 2227 nequit)
413 2150 463 2208 est
487 2140 544 2207 illa
566 2162 639 2229 quae
661 2151 806 2209 versetur
828 2143 912 2210 inter
939 2154 1134 2232 asymmetre
1159 2156 1287 2233 quanta,

125 2265 267 2332 quorum
280 2242 362 2309 ratio
382 2242 481 2311 nullis
499 2244 649 2325 numeris,
663 2245 750 2311 veris
764 2254 797 2311 et
817 2245 1013 2333 vulgaribus,
1028 2246 1166 2337 exprimi
1187 2258 1291 2337 potest

124 2357 245 2414 nacte
272 2344 479 2434 perfecteque.
524 2344 615 2412 Talis
643 2356 693 2414 est
719 2347 755 2413 in
783 2349 931 2436 exemplo
959 2349 1182 2436 vulgatissimo
1210 2351 1291 2418 ratio

125 2449 279 2517 diametri
293 2449 335 2516 ud
349 2448 433 2518 latus
447 2448 593 2539 qualitati
602 2474 612 2533 ς
634 2473 710 2518 uam
727 2452 764 2517 in
779 2456 848 2518 tott
868 2452 948 2520 serie
968 2475 1171 2522 numerorum
1189 2454 1298 2541 poesi,

126 2552 260 2634 bilium,
276 2553 493 2641 (integrorum,
503 2552 683 2637 fraetorum,
699 2555 889 2640 mistorum,)
906 2554 989 2621 nulli
1003 2555 1067 2624 duo
1080 2556 1205 2623 numeri
1218 2578 1292 2646 pos·

128 2667 210 2725 sunt
231 2657 377 2739 inveniri,
406 2657 489 2725 nulli
513 2658 629 2725 dautur
658 2657 798 2740 omnino,
828 2678 962 2747 quorum
985 2660 1067 2726 ratio
1089 2668 1292 2750 representat

129 2760 294 2851 exquisite
307 2761 460 2829 rationem
472 2760 604 2849 quantia
617 2760 689 2829 istis
703 2760 827 2829 duobus
842 2761 1096 2831 intersedentem.
1133 2763 1292 2845 Quoniam

130 2865 220 2933 enim
237 2865 336 2954 (quod
359 2865 395 2931 iu
415 2864 581 2933 elementis
599 2864 844 2951 demontrann)
868 2866 1057 2953 quadratum
1077 2889 1118 2935 ex
1137 2866 1291 2935 diametro

132 2967 268 3056 duplum
283 2976 333 3035 est
345 2966 493 3056 quadrati
507 2990 550 3034 ex
563 2966 671 3049 latere,
686 2966 831 3055 nullique
846 2966 961 3035 dautur
978 2968 1012 3035 in
1026 2978 1094 3037 tota
1110 2969 1291 3058 vulgarium

132 3092 338 3139 numerorum
351 3069 497 3158 eougerie
514 3070 638 3137 numeri
657 3070 721 3137 duo
742 3070 897 3157 quadrati,
916 3069 1035 3161 duplex
1052 3073 1132 3141 ulter
1152 3074 1292 3155 alteriue,

131 3196 211 3262 ergo
224 3173 308 3241 nulli
330 3173 448 3241 deutur
471 3171 605 3255 numeri,
629 3173 685 3260 qui
711 3172 864 3240 rationem
888 3174 1061 3243 exhibeant
1084 3176 1229 3244 diametri
1249 3176 1294 3244 ad

200 3380 362 3468 Tulesque
382 3379 581 3469 reperiuntur
600 3380 635 3445 iu
662 3380 749 3447 omui
771 3404 886 3468 genere
911 3392 1100 3469 quantorum
1121 3382 1296 3449 innumerae

132 3484 284 3559 rationes,
299 3483 380 3550 adso
394 3480 520 3571 quidem
541 3489 580 3548 ut
600 3481 683 3549 iuter
705 3503 739 3548 se
760 3481 971 3570 eomparando
992 3483 1111 3568 ligures
1125 3482 1294 3569 regulares,

134 3610 210 3655 eum
224 3582 338 3675 planas
351 3594 422 3676 turp
444 3583 571 3666 solidus,
586 3582 690 3651 eidem
702 3582 821 3651 oireulo
835 3582 889 3650 vel
903 3583 1035 3671 sphaerae
1053 3584 1221 3672 inscriptas
1241 3594 1297 3651 aut

133 3689 398 3776 dreumsefiptas,
413 3688 472 3756 vix
486 3688 571 3755 ullas
591 3686 735 3754 invenire
755 3687 808 3769 sit,
824 3708 896 3774 quae
919 3686 972 3753 vel
993 3685 1100 3775 quoad
1121 3686 1221 3754 latere
1240 3704 1297 3755 seu

133 3792 331 3883 perimetros,
347 3792 401 3860 vel
419 3792 524 3880 quoad
536 3811 636 3873 areas,
651 3791 704 3858 vel
725 3790 830 3880 quoad
851 3790 1026 3856 soliditates
1045 3810 1118 3857 suas
1140 3790 1294 3858 rationem

133 3896 279 3965 habeant
291 3894 374 3961 inter
387 3917 422 3961 se
435 3894 574 3961 numeris
588 3892 822 3981 explicabilem.

204 3996 304 4063 Unde
317 4019 381 4084 quo
394 3997 532 4063 rationes
546 3996 658 4061 horum
678 4007 709 4061 et
724 3995 857 4061 aliorum
872 3995 1092 4083 plerorumque
1105 4004 1296 4083 quantorum

193 4364 342 4436 &amplos
358 4364 389 4421 of
403 4364 638 4420 commensurable
656 4364 748 4419 ration

192 4448 463 4506 Iuoommeuaurablo
480 4448 583 4516 ratios;

190 4538 253 4591 Are
269 4550 335 4605 very
350 4549 499 4589 numerous
512 4534 541 4590 iu
558 4533 714 4601 Geometry.

184 4638 217 4687 B.
232 4637 270 4686 lt.
