3167 5192
353 368 417 435 170
687 378 873 431 1111111111
893 380 1167 433 nsruurrsrrcn.
1328 368 1420 453 [11111.
1431 388 1468 435 rr.
1532 346 1533 349 ¹

353 564 469 644 petere.
512 552 561 619 At
577 550 689 619 saltam
709 550 751 617 ad
768 573 878 617 omnes
900 550 1076 618 universim
1096 552 1416 640 magnitudinesque
1431 575 1470 640 pu

354 656 584 724 successionem
600 655 638 720 fit
658 652 829 741 (mediante
849 653 969 720 seilicet
989 654 1149 722 communi
1168 654 1283 743 spatio)
1304 655 1471 741 congruentia

351 760 491 848 pertinet
509 769 542 825 et
562 757 754 825 extenditur.
800 756 964 837 Quatenus
983 758 1074 825 nulla
1092 758 1280 847 magnitudo
1301 758 1417 825 cuilibet
1432 758 1471 823 uni

353 864 466 953 spatio,
486 885 590 951 neque
608 862 752 929 vicissim
770 861 874 929 ullum
894 862 1032 951 spatium
1054 864 1111 931 uni
1132 862 1345 951 magnitudini
1364 861 1471 949 peculia·

354 969 430 1036 riter
444 966 647 1054 astringatur,
662 966 830 1033 stabunt
847 965 1014 1033 derelictus
1032 966 1120 1035 loeus
1140 968 1181 1037 ab
1200 967 1266 1033 alit
1284 970 1369 1031 tantt
1383 964 1472 1051 talique

354 1069 575 1157 magnitudine
589 1068 691 1155 possit
704 1068 860 1155 occupari.

420 1171 572 1238 Mentalis
582 1170 720 1257 deniqne
730 1171 937 1256 congruentia
948 1171 1215 1259 magnitudinum,
1227 1172 1322 1239 etiam
1336 1168 1472 1237 solidarum

358 1274 524 1364 (quioquid
542 1272 711 1362 praedictus
729 1273 900 1339 arbitretur
919 1273 1159 1364 Philosophus),
1175 1276 1263 1343 hand
1281 1273 1406 1341 absurde
1421 1294 1474 1357 sup

355 1380 485 1469 ponitur
508 1402 529 1444 a
553 1377 743 1445 Geometris.
787 1376 937 1466 Namque
966 1379 1068 1467 primo
1094 1402 1150 1467 per
1175 1402 1246 1447 eam
1272 1400 1335 1445 non
1358 1376 1474 1443 11111111

355 1484 488 1551 actualis
503 1506 560 1551 seu
576 1483 671 1550 realis
690 1483 876 1571 penetratio,
893 1483 950 1550 sed
969 1493 1095 1550 tantum
1115 1484 1309 1551 abstrahitur
1327 1475 1475 1558 1111111111

355 1589 391 1653 in
414 1586 696 1655 considerationem
718 1607 783 1650 non
808 1586 898 1651 venit
921 1608 1085 1675 corporum
1108 1586 1159 1653 111
1182 1585 1345 1651 exclusiva
1364 1592 1475 1671 peneba-

352 1692 476 1761 tionem
496 1691 614 1759 realem
635 1688 828 1777 impediens:
859 1712 916 1757 seu
937 1690 1094 1777 generalis
1115 1700 1148 1756 et
1168 1690 1333 1757 indefinita
1352 1684 1475 1775 capacitas

355 1794 546 1862 admittendi
561 1792 642 1857 tanti
656 1792 805 1880 corporis,
821 1814 893 1881 quae
906 1794 1067 1881 praeoipua
1080 1792 1175 1881 spatii
1192 1792 1363 1881 proprietas
1377 1799 1424 1868 est,
1437 1808 1476 1873 per

356 1920 390 1963 se
405 1896 473 1962 sola
487 1895 656 1982 separatim
670 1894 895 1961 considerator.
940 1895 1043 1975 Quem
1061 1896 1261 1985 concipiendi
1280 1894 1398 1961 modum
1415 1909 1476 1975 sepo

355 1998 504 2065 falsitatis
533 1996 671 2066 absolvit
699 1998 953 2088 Philosophus¹;
984 1998 1057 2067 οὐδὲ
1084 2000 1206 2084 γίνεται
1236 1998 1361 2087 ψεῦδος,
1386 1992 1474 2081 inquil

353 2100 565 2190 χωριζόντων.

422 2204 579 2286 Secundo,
595 2205 743 2271 mentalis
757 2205 820 2272 ista
833 2206 1007 2294 penetratio
1021 2226 1086 2272 non
1101 2205 1192 2273 aliter
1206 2204 1386 2295 supponitur
1397 2225 1414 2267 a
1424 2198 1475 2264 lla·

355 2307 545 2389 thematicis,
566 2331 665 2396 quam
683 2317 720 2374 ut
739 2331 796 2397 per
815 2332 886 2375 eam
903 2308 1082 2375 destruatur
1100 2309 1193 2375 realis
1211 2304 1437 2397 penetrabilius,
1452 2308 1475 2365 ot

356 2412 494 2481 absmda
518 2411 759 2479 demonstretur.
804 2410 954 2477 Names
976 2433 1014 2478 eo
1036 2410 1121 2499 quod
1143 2422 1337 2501 supponatur
1356 2410 1409 2475 dno
1425 2426 1474 2470 oor·

355 2540 434 2606 pora
452 2517 558 2584 locum
575 2517 711 2583 eundem
732 2538 895 2603 occupare,
918 2516 1090 2583 ostendunt
1102 2516 1238 2583 eandem
1260 2540 1327 2585 esse
1347 2512 1473 2595 nmisque

356 2622 620 2709 magnitudinem,
635 2630 668 2688 et
682 2618 815 2707 proinde
829 2618 915 2706 quod
929 2641 964 2685 se
977 2620 1170 2707 penetrando
1186 2620 1333 2687 desinant
1345 2612 1473 2687 11111111

356 2724 499 2812 adeoque
522 2724 608 2814 quod
637 2723 701 2789 duo
733 2721 919 2809 (formaliter
947 2720 1023 2807 duo)
1055 2744 1123 2788 sese
1151 2732 1313 2810 nequeant
1339 2728 1473 2810 penem

357 2827 449 2893 Lioet
469 2838 575 2893 autem
594 2826 723 2914 quidvis
742 2835 905 2914 utcunque
926 2825 1041 2893 falsum
1062 2826 1115 2892 vel
1132 2825 1307 2895 absurdum
1327 2836 1473 2911 supponem

356 2950 420 3015 quo
434 2929 549 2995 melius
563 2929 625 2994 ista
637 2929 761 2995 falsitas
775 2938 832 2995 ant
845 2928 1024 2997 absurditas
1038 2928 1252 3015 dignoscatur.
1289 2928 1322 2996 N
1322 2950 1355 2995 eo
1367 2924 1420 2990 alit
1430 2919 1474 2985 fut

356 3032 479 3097 ratione
499 3032 648 3099 falsitatis
670 3034 762 3119 argui
783 3033 885 3121 possit
903 3033 971 3099 ulla
987 3034 1160 3122 propositio
1180 3035 1339 3121 negativa,
1352 3022 1473 3118 quanti

357 3133 402 3206 εἰς
423 3133 579 3203 ἀδύνατον
599 3136 770 3223 ἀπωγωγῇ,
791 3138 852 3205 hoc
873 3149 931 3219 est,
949 3160 991 3203 ex
1013 3138 1082 3224 ejus
1100 3136 1233 3204 veritate
1254 3134 1407 3227 suppositi
1420 3146 1474 3193 oon·

356 3238 523 3325 sequentia
546 3240 629 3307 falsa
655 3241 843 3329 detegendo.
890 3240 944 3309 Sic
973 3242 1072 3330 igitur
1095 3242 1342 3330 penetrationem
1365 3238 1433 3303 hur
1451 3226 1476 3307 f'l
1532 3254 1533 3341 3

357 3342 500 3416 ἐπινοίας
520 3345 716 3433 suppositam
738 3344 895 3413 adhibent
916 3343 1145 3427 Mathematici,
1164 3356 1258 3434 prout
1280 3343 1417 3413 adhibent
1433 3328 1473 3409 illl
1532 3342 1533 3397 l

356 3451 413 3537 qui
427 3450 659 3537 magnitudinis
673 3451 777 3539 ipsam
792 3449 1134 3538 impenetrabilitatam,
1150 3472 1193 3518 ex
1206 3448 1475 3539 persuasorem

356 3554 470 3643 positt,
486 3564 640 3621 conantur
656 3554 879 3620 demonstrare.
924 3551 1034 3640 Ipsam
1053 3554 1138 3620 enim
1157 3565 1313 3643 usmpant
1331 3546 1475 3617 Mathema-

355 3656 413 3723 tici
427 3657 585 3723 duntaxat
603 3656 781 3723 indicandae
800 3656 853 3724 vel
871 3656 1112 3744 comprobandae
1129 3658 1381 3745 magnitudinum
1396 3665 1476 3733 uqua-

356 3758 441 3826 litati
461 3760 515 3827 vel
535 3760 755 3849 inaequalitati,
777 3758 839 3825 hoc
859 3758 971 3846 ntique
992 3768 1104 3847 pacto:
1134 3782 1239 3827 assero
1264 3760 1343 3828 duas
1365 3753 1475 3845 spherus

357 3866 534 3955 equalibus
555 3864 717 3931 diametfis
739 3863 912 3952 descriptas
934 3864 1071 3952 sequari;
1104 3887 1179 3931 nam
1200 3866 1388 3955 concipiatur
1404 3852 1476 3924 uniit

846 4010 948 4076 ¹Ptyr.
959 4022 989 4061 u.
1003 4024 1026 4061 a.

410 4224 513 4280 Bodies
531 4224 645 4299 (solida)
659 4244 721 4297 may
736 4226 859 4283 ooincide
876 4226 913 4298 by
930 4224 1092 4282 sueoession

411 4308 517 4365 bientnl
534 4312 708 4379 penetration
726 4312 751 4367 is
768 4317 818 4369 not
836 4312 946 4369 absnrd

409 4397 466 4453 For
488 4403 511 4467 l,
530 4397 596 4454 Itis
613 4398 677 4468 only
695 4416 731 4455 an
752 4399 930 4457 sbstrachon.

410 4482 478 4553 alt
495 4483 521 4538 is
539 4486 569 4539 to
588 4485 753 4555 proterant
772 4488 947 4557 penetration
966 4488 1078 4545 absurd
