3167 5192
325 360 401 440 eea
688 375 875 429 ιισιιοιιι
897 377 1169 429 mensurarum.
1258 360 1366 448 [aser.
1379 377 1488 428 xxnn

334 549 522 620 tionalitatis
543 547 730 631 doctrinam,
748 555 916 638 'utcunque
937 549 1144 631 vindieirinr'3
1170 549 1315 639 proxime
1337 549 1487 637 sequimi,

335 665 374 722 nt
388 654 474 741 quod
486 652 649 741 pollicitus
667 675 740 719 sum
754 652 888 718 aliarum
908 676 988 740 quas
1006 653 1036 718 ei
1055 653 1273 740 subrogandae
1287 658 1489 719 antumtrunt

336 756 536 824 definitiones
550 779 589 824 ao
607 755 773 823 methodos
792 755 903 844 paucis
922 755 1143 843 perstringam,
1164 777 1228 842 qno
1248 756 1405 823 constabit
1422 781 1489 822 am-

336 859 423 948 plius
437 859 600 926 Eucliden
614 858 766 925 doctrinae
779 859 981 947 praestantia3
1003 881 1107 946 neque
1125 881 1190 924 non
1205 858 1292 945 quali
1305 861 1490 928 necessitate

336 963 535 1044 constrictus,
572 984 768 1049 quorumque
803 959 1043 1028 devitandorum
1076 961 1345 1028 incommodorum
1378 963 1489 1051 gratia,

336 1068 430 1134 toties
443 1076 650 1133 memoratam
663 1065 727 1129 huc
740 1065 964 1152 proprietatem
979 1063 1158 1132 adsciverit.

401 1168 512 1235 Prima
529 1166 699 1234 methodus
717 1175 767 1232 est
789 1165 927 1246 illorum,
951 1165 1006 1252 qui
1028 1174 1158 1232 censent
1178 1167 1419 1235 similitudinem
1440 1169 1492 1236 vel

336 1271 534 1338 identitatem
548 1279 709 1357 respectus
722 1291 792 1335 esse
802 1269 980 1356 passionem
992 1270 1272 1357 proportionalium
1283 1271 1491 1352 notissimam,

336 1398 357 1439 a
374 1379 440 1462 qut
457 1373 575 1438 debent
593 1371 728 1438 definiri.
771 1370 876 1437 Juxta
898 1393 994 1457 quam
1013 1371 1198 1437 existimant
1218 1372 1394 1460 praecipuas
1414 1395 1494 1438 non·

336 1477 442 1542 nullas
456 1475 563 1542 Elem.
578 1493 611 1543 v.
632 1473 862 1563 propositiones
880 1473 1076 1540 axiomatum
1096 1473 1167 1539 loco
1182 1474 1356 1555 habendas,
1371 1475 1491 1542 lumine

336 1580 455 1668 qnippe
468 1577 607 1644 naturali
621 1577 812 1665 perspicuas,
832 1587 866 1643 et
885 1577 1104 1664 probationem
1123 1577 1244 1643 nnllam
1258 1576 1491 1659 desiderantes3

336 1693 407 1750 tum
425 1705 468 1749 ex
482 1682 523 1748 iis
537 1680 676 1767 reliquas
689 1679 972 1767 proportionalium
987 1679 1168 1746 affectiones
1183 1679 1351 1747 deducunt.
1397 1681 1492 1748 Hanc

329 1783 527 1853 -scntentiam
538 1781 731 1870 jampridem
748 1782 798 1846 sir
813 1780 1015 1848 doctissimus
1033 1781 1058 1848 J
1058 1782 1198 1849 ohannes
1214 1781 1410 1850 Benedictus
1427 1807 1493 1850 am·

336 1887 487 1975 plexatus
501 1907 570 1951 esse
584 1884 720 1965 dicitiu3
743 1907 814 1950 eam
831 1906 906 1951 vero
929 1884 1053 1968 (saltem
1073 1884 1103 1951 ei
1121 1884 1226 1973 reipsh
1239 1907 1305 1951 non
1319 1885 1489 1974 dispmm)

335 1988 516 2076 nuperrime
529 1986 581 2052 vir
594 1986 796 2052 acutissimus
815 1985 902 2052 And.
918 1985 1100 2074 Torqustus
1119 1987 1154 2051 in
1173 1987 1307 2053 formam
1325 1989 1448 2077 redegit
1460 2001 1491 2057 et

337 2089 504 2178 expolivit.

402 2192 484 2260 Haeo
512 2192 683 2260 methodus
711 2193 942 2260 insufficientiae
970 2191 1113 2280 arguitur
1137 2215 1158 2259 a
1182 2193 1321 2276 Boi-ello,
1351 2197 1491 2286 mihique

335 2297 480 2364 laborare
499 2295 631 2362 videaur.
645 2295 823 2384 multiplice
842 2295 976 2362 defectu.
1019 2293 1144 2385 Nempe
1164 2296 1276 2384 primo,
1297 2298 1426 2365 videtur
1443 2301 1490 2364 in-
1551 2257 1552 2344 l

334 2410 411 2490 epta
424 2399 572 2487 quadam
585 2399 620 2464 in
635 2397 856 2486 hujuscemodi
876 2397 1113 2464 definitionibus
1130 2399 1308 2487 tautologia
1324 2402 1485 2482 committi,

336 2525 457 2592 proque
486 2501 723 2567 definitionibus
752 2500 990 2566 enunciationes
1016 2501 1132 2587 apponi
1161 2525 1289 2590 prorsus
1318 2502 1486 2584 identicas;

336 2605 419 2673 tales
433 2604 555 2671 seilicet
568 2602 689 2669 similes
712 2601 776 2689 (vel
795 2601 934 2686 easdem)
956 2603 1093 2670 rationes
1113 2605 1258 2670 obtinent
1271 2615 1405 2693 quanta,
1424 2629 1486 2695 que

336 2709 457 2776 similes
475 2708 540 2794 (val
554 2707 692 2789 eosdem)
715 2705 750 2770 in
770 2705 949 2791 quantitate
968 2717 1129 2794 respectus
1150 2708 1290 2790 habent3
1314 2709 1386 2777 h.e.
1405 2709 1487 2799 (quid

335 2812 423 2879 enim
437 2809 527 2876 alind
539 2809 678 2896 intelligi
693 2808 797 2892 datur)
814 2829 887 2895 quae
906 2808 1026 2875 similes
1049 2810 1113 2896 (vel
1128 2809 1266 2896 easdem)
1282 2813 1423 2881 rationes
1436 2814 1487 2879 ha·

332 2913 423 2978 bant.
466 2912 587 2978 Annon
600 2911 662 2977 hoe
680 2920 730 2976 est
747 2909 833 2976 idem
852 2933 909 2998 per
927 2911 1011 2976 idem
1033 2910 1188 2980 definire?
1208 2935 1286 2979 num
1305 2913 1367 2981 hoe
1383 2914 1485 2982 estrei

335 3013 506 3102 propositae
534 3023 682 3078 neumam
710 3013 892 3079 deelarare?
925 3037 1002 3079 num
1031 3013 1268 3081 demonstrandi
1298 3017 1485 3106 principium

335 3114 560 3182 substernere?
579 3113 632 3180 vel
652 3113 777 3195 saltem,
800 3114 895 3202 quod
908 3115 1017 3181 eodem
1039 3115 1160 3197 recidit,
1183 3117 1267 3182 nihil
1286 3118 1348 3185 hoc
1366 3119 1486 3187 videtur

332 3217 434 3299 alind,
452 3239 549 3304 quam
562 3239 620 3305 per
633 3217 737 3283 solum
751 3240 862 3304 genus,
883 3217 1027 3284 adhibitt
1045 3219 1135 3284 nullt
1151 3219 1329 3287 differentit
1346 3222 1481 3302 definire,

335 3319 395 3390 teli
422 3329 534 3409 paeto:
564 3319 715 3386 identitas
739 3320 872 3387 rationis
899 3331 948 3386 est
972 3320 1122 3387 identitas
1147 3334 1325 3412 respectns;
1354 3325 1481 3392 eandem
1551 3321 1552 3326 ’

334 3425 489 3492 rationem
504 3422 634 3504 habent,
649 3444 722 3510 qnae
732 3423 854 3488 habent
864 3423 1000 3488 eundem
1009 3433 1196 3510 respectum.
1226 3423 1325 3510 Num,
1340 3427 1482 3508 obusto,

335 3523 519 3613 hujusmodi
532 3522 675 3590 definitio
689 3523 810 3590 censeri
824 3534 960 3590 meretur
974 3523 1135 3612 perfecta?

402 3627 558 3708 Secundo,
574 3626 748 3693 similitudo
762 3626 816 3693 sel
831 3624 981 3692 identitas
995 3637 1155 3715 respectus
1168 3629 1326 3696 vocabula
1338 3651 1481 3720 perquam

334 3733 497 3821 requivoca
510 3741 595 3812 sunt,
610 3742 644 3797 et
657 3729 921 3818 significationis'
912 3740 1049 3811 ineerta,
1069 3731 1194 3798 nullum
1201 3713 1367 3800 audientis
1381 3735 1481 3800 animo

334 3835 522 3903 distinctum
541 3842 728 3921 conceptum
751 3832 976 3919 imprimentia.
1020 3831 1135 3900 Multa
1158 3833 1315 3921 siquidem
1339 3835 1482 3902 similitu·

384 4201 466 4257 “l'he
481 4202 631 4258 similitude
645 4219 678 4258 or
692 4202 812 4273 identity
822 4202 854 4258 oi
866 4203 916 4259 the
933 4203 1043 4274 respect
1059 4199 1091 4256 ol
1105 4214 1157 4256 oua
1168 4129 1295 4272 quantity
1304 4201 1336 4255 ta
1349 4195 1477 4255 mona!

332 4283 409 4341 John
420 4283 563 4341 Benediet
595 4285 725 4356 'leoquet

387 4377 410 4426 1.
444 4367 511 4424 urs
527 4369 667 4426 method
658 4386 683 4426 rs
700 4370 890 4441 nuwlogous:
973 4427 975 4432 .

386 4114 476 4170 Other
493 4115 651 4172 defiuitione
665 4115 812 4188 proposed.

384 4461 410 4513 2.
445 4454 513 4513 and
529 4454 686 4530 equvocalz
