3167 5192
405 362 449 432 84
749 383 935 434 nscrronss
956 381 1098 435 emron.
1291 364 1397 451 [incr.
1411 381 1465 430 rx.

405 572 438 628 et
469 559 612 649 (reliquis
640 560 725 627 nihil
753 560 941 642 immutatis,
972 560 1020 629 uti
1054 558 1263 648 postmodum
1285 558 1464 648 apparebit)

407 664 527 730 lactum
546 663 616 731 erit.

472 866 533 933 IV.
571 867 663 932 Intra
682 888 773 932 casus
787 865 846 932 hos
861 865 1035 946 Problomo,
1054 887 1112 932 cen
1126 864 1254 946 videtis,
1278 864 1371 931 facile
1390 887 1470 930 oon·

408 972 559 1052 struitur;
584 980 633 1037 ast
655 970 738 1056 illos,
763 969 907 1056 aliosque
929 968 1092 1057 speciales,
1114 968 1142 1034 si
1162 969 1217 1056 qui
1237 977 1322 1048 sunt,
1343 967 1471 1057 excipi-

408 1076 501 1156 endo,
524 1074 713 1161 generaliter
732 1083 919 1160 conceptum
940 1073 1070 1138 omnino
1091 1071 1237 1139 Solidum
1252 1083 1310 1154 est,
1329 1081 1363 1140 et
1382 1063 1470 1140 certe

408 1175 634 1265 δυσμήχανονς
655 1176 714 1242 vix
728 1186 765 1242 ut
779 1174 867 1240 aliud
883 1198 902 1241 a
922 1176 1092 1242 (immania
1107 1175 1259 1242 hactenus
1274 1185 1470 1242 attentatum

409 1282 572 1348 difficilius
586 1280 769 1368 reperiatur.
815 1279 860 1344 Et
874 1279 977 1366 primo
997 1278 1125 1365 quidem
1143 1303 1199 1368 per
1216 1279 1332 1346 lineam
1349 1281 1469 1361 extrui,

408 1385 624 1473 explicarique
639 1383 754 1472 poterit
774 1383 838 1450 sibi
857 1383 1059 1471 peculiarem,
1074 1381 1135 1449 hoc
1150 1383 1203 1449 vel
1217 1383 1359 1449 adsimili
1373 1383 1470 1450 modo

409 1488 655 1555 describendam.

468 1588 623 1656 connexa
643 1587 712 1669 OA,
729 1611 822 1676 super
837 1587 1026 1654 diametrum
1049 1587 1106 1654 CA
1122 1587 1317 1654 describatur
1331 1586 1470 1654 circulus

411 1694 514 1774 AIO3
545 1694 623 1758 item
652 1692 887 1758 semidiametro
919 1690 977 1757 CA
1002 1691 1200 1757 describatur
1225 1693 1305 1758 alter
1329 1693 1470 1759 circulus

410 1797 486 1860 ΑΗ
485 1796 534 1877 613
550 1805 619 1859 turn
635 1817 654 1858 a
675 1793 890 1859 deducantur
903 1803 995 1858 rectae
1008 1793 1135 1880 quotvis
1157 1794 1207 1860 ΘΙ
1216 1795 1368 1862 circulum
1382 1796 1445 1862 ΑΙ
1445 1796 1474 1864 O

410 1907 553 1962 secantes
567 1894 694 1983 punctis
709 1895 735 1959 I
739 1919 747 1974 3
763 1905 796 1960 et
810 1917 865 1982 per
880 1897 923 1976 A,
939 1896 966 1960 I
973 1894 1076 1961 ductae
1091 1904 1183 1961 rectae
1196 1896 1346 1963 circulum
1362 1899 1471 1965 AHG

411 2008 518 2064 secent
531 1996 658 2084 punctis
673 1996 713 2061 H
716 2023 724 2078 ;
741 1996 869 2061 demum
880 2018 936 2083 per
950 1997 994 2078 Η,
1010 2008 1041 2062 et
1057 1998 1094 2062 X
1104 2007 1196 2064 rectae
1211 1997 1367 2064 ducantur
1381 1999 1471 2089 ipsas

299 2143 306 2161 .
352 2149 359 2162 .
418 2100 470 2166 01
477 2099 681 2165 decussantes
701 2099 828 2185 punctis
848 2100 887 2163 N
891 2125 899 2180 ;
923 2122 980 2186 per
1001 2099 1185 2186 hujusmodi
1206 2111 1325 2189 puncta
1345 2103 1470 2190 qnaevis

412 2200 624 2288 designabilia
643 2201 792 2266 transibit
815 2200 909 2282 linea,
933 2202 1138 2269 Problemotc'e
1160 2204 1298 2292 expositi
1319 2205 1472 2272 solutioni

412 2305 656 2372 accommodata.
703 2304 756 2370 Sit
769 2303 855 2370 enim
870 2307 954 2393 ejus,
970 2327 1007 2370 ac
1021 2305 1207 2373 reflectentis
1223 2306 1332 2374 circuli
1346 2309 1470 2396 quaevis

412 2407 593 2476 intersectio
608 2409 652 2487 N,
671 2407 828 2495 (qualium
844 2417 926 2473 certe
943 2431 999 2495 pro
1015 2409 1204 2475 reflectentis
1219 2411 1329 2476 circuli
1342 2413 1470 2498 magni-

412 2513 524 2580 tudine
539 2509 674 2577 subinde
689 2521 833 2598 quatuor,
850 2509 1021 2597 aliquando
1036 2521 1109 2591 tres,
1130 2511 1223 2578 modo
1243 2512 1328 2577 binae
1343 2523 1471 2578 tantum

412 2618 526 2700 erunt)
544 2625 577 2682 et
595 2624 799 2680 connectatur
818 2613 896 2679 AN.
941 2612 986 2678 Et
1005 2614 1155 2701 quoniam
1170 2615 1308 2702 angulus
1334 2616 1411 2682 OIA
1434 2616 1469 2682 in

412 2717 609 2785 semicirculo
624 2727 728 2782 rectus
742 2727 800 2795 est,
816 2716 875 2782 erit
891 2725 977 2780 recta
990 2717 1066 2782 ΑΗ
1082 2715 1202 2783 bisccta
1217 2718 1251 2782 in
1265 2718 1292 2783 Ι
1295 2745 1303 2800 ;
1327 2718 1468 2806 adeoque

412 2821 574 2908 triangula
602 2819 699 2899 ANI,
725 2819 820 2884 HNI
838 2818 968 2885 sibimet
993 2818 1128 2905 aequalia
1156 2842 1283 2907 prorsus
1313 2831 1346 2887 et
1370 2821 1470 2909 aequi-

412 2922 532 3008 angula
552 2930 661 3002 ernnt3
685 2931 717 2986 et
737 2919 902 3009 speciatim
922 2943 995 3006 ang.
1017 2921 1102 2986 INA
1116 2952 1144 2978 =
1156 2945 1230 3009 ang.
1254 2923 1361 3006 INX;
1384 2924 1470 2992 unde

413 3034 502 3112 patet
515 3024 722 3112 propositum.

402 3299 406 3304 ,
479 3225 520 3292 V.
553 3225 672 3293 Verum
685 3226 835 3315 quoniam
853 3229 901 3315 (ut
920 3229 1043 3317 pridem
1059 3231 1268 3315 admonitum)
1285 3230 1472 3320 hujusmodi

414 3329 671 3409 constructiones,
694 3329 754 3395 etsi
775 3329 872 3417 longe
890 3331 1045 3398 faciliores
1067 3333 1108 3398 iis
1130 3357 1201 3420 quse
1223 3355 1279 3421 per
1301 3332 1400 3420 vulgo
1422 3356 1474 3398 re·

413 3444 521 3522 captas
537 3432 636 3498 lineas
651 3443 855 3520 peragrmtur,
872 3442 904 3500 et
918 3434 1145 3501 Problematon
1159 3445 1304 3502 naturam
1318 3435 1421 3523 magis
1436 3435 1474 3502 in

414 3537 582 3626 propatulo
610 3537 812 3618 collocantes,
839 3561 859 3603 a
894 3538 1062 3605 Geometras
1084 3539 1293 3606 nihilominus
1312 3540 1473 3628 gravatim

414 3640 643 3719 admittrmtu13
667 3638 731 3705 ista
747 3639 968 3705 tantummodo
988 3641 1104 3728 raptim
1118 3641 1289 3723 insinuata,
1305 3643 1475 3710 subnecte·

414 3765 486 3807 mus
502 3740 598 3806 aliam
613 3742 655 3808 ab
669 3740 798 3807 illorum
812 3750 910 3828 gustu
923 3764 988 3808 non
1004 3743 1237 3826 abhorrentem3
1253 3743 1342 3810 illam
1357 3767 1474 3833 nempe

417 3846 556 3935 (quando
581 3846 702 3912 scilicet
729 3845 818 3910 haud
847 3845 911 3911 alia
944 3847 1065 3928 melior,
1098 3857 1135 3913 ut
1160 3848 1265 3914 varias
1289 3859 1474 3937 pertentans

414 3950 572 4038 analyses,
592 3960 624 4015 et
643 3949 752 4014 hocin
768 3949 832 4014 alia
850 3950 1012 4037 complura
1031 3952 1226 4018 Problemata
1245 3952 1473 4019 transformans

414 4052 598 4121 existimare
613 4075 755 4141 possum,
771 4051 863 4118 facile
877 4053 979 4139 possit
993 4053 1185 4141 excogitari;
1207 4078 1307 4142 quum
1323 4067 1356 4121 et
1369 4077 1473 4144 operar

414 4180 493 4224 meas
522 4156 601 4222 satis
622 4156 764 4244 alioquin
786 4155 968 4224 exercitatae
989 4181 1217 4246 nonnunquam
1238 4157 1385 4225 videatur
1401 4181 1475 4246 par·

415 4259 577 4345 cendum3)
592 4282 687 4346 quam
699 4259 775 4324 olim
784 4259 1078 4328 Altooenovoobs
1088 4263 1472 4350 scriptiscommendavit3

414 4362 456 4428 ab
481 4361 626 4426 horribili
651 4371 758 4427 tamen
783 4360 842 4427 illa
870 4362 1053 4450 prolixitate
1083 4363 1180 4430 simul
1205 4387 1243 4430 ao
1272 4365 1472 4446 obscuritate,

414 4486 517 4552 neque
547 4486 612 4530 nou
638 4465 680 4532 ab
710 4464 874 4530 incondita
897 4466 1053 4532 sermonis
1081 4467 1228 4536 barbarie
1253 4468 1402 4544 nonnihil
1425 4491 1475 4540 roe
