3167 5192
85 376 281 463 namsia]
411 389 598 440 saumones
620 387 894 437 uinususmcn.
1174 373 1239 441 219

88 564 182 647 (secus
197 584 295 649 quam
310 562 409 649 aliqui
425 561 566 647 oensent)
587 560 762 627 adsentitm
780 559 876 627 Plato
894 559 982 627 hisee
996 558 1121 639 verbis3
1144 559 1189 626 Τί
1202 557 1238 626 δὲ

85 664 117 731 τὸ
133 662 190 747 τὴν
205 664 339 754 μετρίου
357 665 458 753 φύσιν
476 662 689 752 ὑπερβάλλον
705 662 725 746 ἢ
746 662 1036 752 ὑπερβαλλόμενον
1052 660 1106 729 ὑπ’
1127 660 1235 745 αὐτῆς,

85 766 234 850 ε’νλίνγοις
254 770 319 834 εἴτε
338 768 392 833 καὶ
407 768 441 833 ἐν
455 767 569 855 ἔργοις,
591 764 642 855 ἄρ’
661 764 719 833 οὐκ
739 765 779 833 ἆν
798 766 933 850 λέξομεν
953 764 995 837 ὥς
1014 764 1112 837 ὄντος
1130 764 1237 848 γιγνό-

85 898 178 953 μενον,
191 872 226 938 ἒν
240 870 267 960 pi
281 871 338 937 καὶ
352 870 542 961 διαφέρουσι
555 869 705 953 μάλιστα
717 867 810 953 ἡμῶν
823 870 859 935 οἵ
866 896 902 936 τε
915 868 1009 936 κακοὶ
1023 869 1078 935 καὶ
1092 868 1235 953 ἀγαθοί·

85 974 137 1039 hoe
161 985 219 1055 est,
253 977 346 1055 Quod
367 1000 518 1042 υιουοανα
543 976 650 1041 dehita
672 974 723 1041 vel
748 974 971 1041 maduerimus
998 975 1067 1058 (τοῦ
1089 974 1232 1060 μετρίου)

87 1092 222 1144 naturam
245 1080 377 1159 enodis,
406 1078 457 1145 vel
476 1080 516 1144 ab
540 1084 579 1144 ed
600 1078 712 1163 deficit,
741 1100 797 1143 seu
817 1078 854 1143 s'n
874 1079 1049 1144 torbessem
1071 1076 1107 1141 ίυ
1122 1076 1234 1163 famas,

85 1204 171 1247 ιιοουε
191 1182 333 1247 timemus
356 1181 395 1247 id
414 1187 523 1248 revere
546 1181 693 1267 ίὸῃοτννν
718 1178 880 1247 lominum
899 1204 921 1244 ο
945 1179 1043 1245 molti
1067 1178 1236 1271 ἄιοοήυιοῃ

86 1286 279 1351 constituere?
327 1283 434 1350 Verba
455 1292 531 1349 sunt
552 1286 609 1349 τοῦ
631 1276 735 1352 Ξένον
756 1281 940 1349 disserentis
961 1282 995 1346 in
1017 1281 1155 1369 dialogo,
1178 1283 1235 1370 qui

89 1384 250 1457 Πολιτικὸς
265 1386 469 1468 inscribitur3
486 1387 537 1453 eui
551 1385 696 1454 Socrates
711 1386 844 1475 adponit
857 1408 951 1452 sunm
966 1384 1124 1472 pelvem.
1161 1384 1234 1465 Quo

87 1487 272 1555 referendum
293 1489 378 1555 illud
399 1488 544 1569 Hesiodi,
566 1488 700 1576 Μίτραν
713 1490 819 1555 πᾶσιν
832 1487 977 1575 ἄριστον,
999 1485 1186 1575 ὑπερβασίη
1206 1486 1234 1553 δ’

88 1587 229 1675 ὣεγεινή.
275 1592 432 1659 Mensura
451 1594 488 1657 ίο
506 1592 648 1657 monibus
666 1593 796 1680 mationa,
816 1590 876 1657 hoe
892 1600 952 1672 est,
967 1590 1054 1657 omni
1073 1590 1234 1679 proposito

87 1705 175 1761 certus
189 1696 347 1762 terminus
362 1695 545 1783 praefigitur,
566 1718 660 1783 quem
680 1718 745 1762 non
764 1705 814 1761 est
832 1696 954 1782 absque
972 1694 1053 1760 vitio
1073 1694 1125 1761 vel
1139 1692 1235 1782 eulpt

85 1797 234 1864 transilire.
280 1797 380 1877 Quod
394 1807 426 1862 et
439 1797 473 1862 in
488 1796 559 1863 istis
573 1797 701 1879 teritum

253 1952 310 2011 Fst
330 1952 437 2011 modus
457 1953 489 2011 in
511 1954 606 2026 rebus,
628 1957 700 2011 sunt
720 1952 794 2011 eerti
815 1952 943 2031 denique
962 1952 1044 2027 fines,

255 2052 339 2122 Quos
359 2052 440 2110 ultra
460 2053 592 2130 citraque
613 2053 719 2131 nequit
738 2052 898 2111 eonsistere
918 2058 1039 2111 neotum.

93 2200 232 2293 Quicquid
246 2228 322 2273 eum
337 2206 400 2273 hec
414 2212 562 2275 mensure
574 2206 735 2289 coincidit,
755 2218 812 2274 aut
825 2208 856 2273 ei
871 2206 950 2275 satis
969 2207 1090 2274 aceedit
1104 2208 1234 2295 μέτριον

93 2315 117 2367 et
125 2305 268 2394 ἔμμετρον
278 2308 408 2390 dieitur,
421 2318 452 2375 et
462 2309 497 2375 in
512 2308 607 2375 laude
618 2309 765 2397 ponitus3
781 2308 935 2397 quioquid
945 2308 1080 2375 dissedit
1090 2332 1127 2375 ae
1141 2310 1234 2376 ablu·

95 2404 131 2471 dit
143 2409 180 2475 ab
193 2415 238 2491 aa,
252 2420 389 2477 vocatur
403 2408 543 2498 ἄμετρον
556 2422 589 2477 et
603 2410 683 2476 vitio
698 2410 780 2477 verti
795 2411 887 2477 solet
932 2408 1031 2475 Unde
1044 2410 1163 2498 passim
1177 2411 1234 2497 qui

96 2530 154 2577 suos
167 2514 303 2595 affectus,
328 2514 536 2581 ambitionem
550 2512 725 2602 praesertim
745 2522 778 2581 et
792 2513 1035 2595 animositatem,
1056 2522 1235 2601 temperant

97 2625 121 2677 et
140 2614 212 2682 bene
233 2626 440 2705 componunt,
467 2616 666 2704 appellantur
690 2616 825 2705 μέτριοι,
851 2640 910 2683 nee
932 2617 1002 2683 ulla
1025 2616 1087 2682 viri
1110 2616 1234 2703 politici

96 2716 180 2799 potior
199 2719 265 2785 laus
286 2720 437 2785 habetur.
483 2718 548 2787 Sed
570 2720 605 2785 in
627 2719 777 2787 Ethieam
797 2720 881 2787 nihil
900 2720 1045 2807 cogitans
1065 2719 1232 2807 prolabor;

98 2819 219 2903 abscedo,
241 2822 464 2889 tantummodo
487 2822 656 2911 subjiciam
679 2822 719 2889 de
741 2822 916 2912 Voluptate
937 2846 1010 2890 eum
1030 2822 1173 2891 Seientid
1197 2833 1232 2889 et

99 2916 212 2989 Ratione
230 2923 423 3014 comparatis
439 2924 560 2991 dietum
575 2923 738 2992 Platonis:
762 2923 868 3009 Οίμαι
884 2923 949 3015 ’γὰρ
968 2923 1083 3010 ἡδονῆς
1098 2924 1159 3009 μὲν
1176 2926 1231 2993 καὶ

98 3024 277 3113 περιχαρείας
307 3024 401 3093 οὐδὲν
429 3029 493 3093 τῶν
522 3025 626 3093 ὄντων
654 3026 799 3114 πεφυκὸς
827 3026 1039 3117 ἀμετρότερον
1063 3026 1165 3117 εὑρεῖν
1189 3027 1231 3095 ἄν

100 3146 164 3206 τινα,
180 3132 229 3194 vasi
252 3130 286 3195 δὲ
309 3129 368 3195 καί
385 3134 443 3211 τῆς
462 3127 644 3211 ἐπιστήμαις
666 3130 896 3218 ἐμμετρᾶτερον
916 3129 981 3197 οὐδ’
1003 3129 1044 3197 ἂν
1065 3131 1099 3197 ἓν
1119 3136 1231 3197 ποκ’·

106 3226 237 3319 Voluptate
251 3235 340 3303 until
351 3236 513 3323 difficilius
527 3236 703 3323 adjustum
720 3259 898 3303 mensuram
915 3238 1086 3325 ναίῲοίυν,
1102 3239 1232 3305 mettid

101 3342 121 3393 et
132 3334 270 3407 intellectu
283 3339 511 3426 nebelfaet'lios
526 3340 613 3405 iutra
627 3338 743 3405 debitos
749 3340 834 3425 fines
848 3343 1003 3407 eontineri
1010 3342 1118 3429 possit

151 3436 186 3503 In
199 3443 394 3509 naturalibus
412 3441 508 3508 etiam
522 3440 624 3507 forma
638 3464 694 3507 seu
712 3440 916 3529 pulchritudo
935 3466 1032 3531 penes
1047 3441 1230 3532 hujusmodi

102 3557 263 3628 mensuram,
292 3547 354 3613 hoc
380 3554 438 3627 est,
464 3545 586 3634 justam
615 3545 774 3633 quandam
800 3546 1065 3634 magnitudinem,
1090 3556 1229 3615 taxatur.

103 3636 142 3705 lta
153 3646 201 3730 qui
214 3660 326 3717 certam
342 3647 503 3739 quandam
521 3658 675 3716 statunam
693 3650 879 3739 proceritate
896 3652 1035 3740 corporis
1048 3661 1104 3717 aut
1118 3652 1231 3718 erassi-

103 3740 135 3806 ἧι
147 3747 282 3834 gigantei.
294 3763 433 3842 superat,
454 3762 510 3819 aut
524 3752 698 3840 incongme
712 3752 840 3841 gracilis
858 3754 911 3819 vel
927 3764 1035 3821 custus
1049 3762 1116 3837 est3
1138 3756 1230 3844 enjus

103 3843 196 3933 ¹*liqna
208 3865 308 3941 partes
322 3858 540 3946 protuberent,
560 3866 615 3923 aut
635 3856 805 3924 subsidunt
824 3857 1010 3939 immodi0e3
1032 3859 1084 3925 eui
1098 3858 1228 3947 quidvis

104 3966 208 4021 numero
223 3959 273 4025 vel
292 3961 375 4027 mole
395 3961 494 4041 deest,
516 3971 572 4027 aut
590 3960 747 4027 redundat
766 3960 917 4042 indebite,
940 3960 1057 4029 dieitur
1075 3961 1225 4053 ἄμετρον,

327 4116 337 4147 ¹
353 4116 429 4166 Polis.
441 4132 466 4181 p.
480 4126 536 4179 531.
735 4110 746 4146 ¹
765 4112 859 4164 Potio.
872 4130 897 4179 p.
910 4126 967 4176 405.

146 4396 231 4461 Virtus
247 4407 270 4463 is
285 4410 375 4481 ajust
391 4428 524 4469 measure.
562 4412 705 4481 Aristotls,
718 4412 806 4480 Plato,
820 4409 935 4478 Hesiod,
949 4408 1066 4467 Horaes.

147 4482 238 4561 Βοιαὶ]
251 4494 275 4550 is
291 4498 381 4567 ajnst
397 4515 530 4555 measure.
