3167 5192
170 381 316 472 namn]
477 404 664 458 nncnoum
684 405 925 461 oronnrmon
1170 388 1233 458 163

170 593 236 638 non
250 569 323 640 ideo
336 579 442 640 motus
457 575 560 641 omnis
575 598 665 665 aeque
680 575 927 644 determinandas
945 573 1232 663 dignoscendaeque

170 672 323 760 temporis
340 675 511 770 quantitati
531 687 695 743 censeatur
716 677 982 758 accommodatus,
997 685 1032 742 at
1053 675 1081 742 is
1102 699 1233 764 praeser-

170 772 230 840 tim
241 775 297 862 qni
309 797 432 844 summe
447 777 585 866 simplex
599 789 632 845 et
646 779 812 847 uniformis
823 778 973 868 aequabili
987 799 1111 866 semper
1124 786 1232 846 tenore

169 879 402 966 progreditura
417 881 530 948 mobili
554 906 663 970 parem
686 882 806 970 ubique
832 882 900 949 vim
925 880 1089 961 retinente,
1114 903 1232 968 perque

169 983 311 1050 medium
339 984 496 1050 uniforme
529 985 643 1053 delato.
692 986 798 1066 Quare
826 983 962 1072 tempori
991 980 1230 1050 determinando

169 1083 234 1150 tale
255 1083 408 1171 quiddam
425 1085 544 1152 mobile
566 1087 770 1174 deligendum
794 1096 852 1167 est,
879 1083 965 1172 quod
989 1083 1100 1150 saltem
1124 1081 1230 1170 quoad

169 1195 274 1252 motus
297 1187 348 1252 ani
369 1187 514 1276 periodos
541 1190 696 1277 aequalem
721 1195 902 1256 constanter
926 1187 1081 1274 impetum
1105 1195 1229 1268 servat3

170 1298 203 1357 ct
225 1290 403 1378 permuale
428 1292 568 1379 spatium
592 1292 739 1360 decurrit.
784 1291 831 1358 Et
859 1291 901 1357 ad
929 1312 1128 1356 communem
1158 1290 1230 1378 qui·

170 1390 243 1458 dem
264 1415 357 1460 naum
380 1393 583 1481 accipiendus
605 1405 654 1462 est
675 1393 832 1484 ejusmodi
847 1402 952 1461 motus
966 1393 1124 1481 praecipue
1138 1403 1229 1460 note·

169 1494 255 1578 bilis,
276 1496 311 1562 in
332 1507 482 1585 promptu
498 1497 620 1564 cunctis
634 1498 758 1579 obvius,
775 1507 809 1564 et
829 1519 941 1564 sensus
963 1496 1105 1562 omnium
1122 1495 1228 1562 incur-

169 1619 251 1680 rens,
276 1600 380 1687 qualis
403 1609 452 1667 eat
474 1609 580 1667 motus
605 1600 753 1682 siderum,
777 1599 933 1687 imprimis
958 1598 1041 1665 Solae
1063 1611 1092 1664 et
1114 1599 1225 1681 Inane

168 1701 301 1769 mirifice
324 1703 387 1770 sibi
404 1725 461 1791 per
481 1703 589 1770 omnia
608 1713 767 1785 constans,
785 1712 819 1770 et
840 1701 910 1769 orbi
931 1709 1084 1768 terrarum
1101 1700 1226 1790 conspi-

169 1825 266 1886 cuus3
293 1804 349 1892 qui
373 1805 506 1893 proinde
527 1805 646 1873 nedum
671 1805 832 1872 communi
857 1804 962 1890 gentis
986 1803 1134 1870 humanae
1160 1805 1226 1872 suf·

166 1907 266 1995 fragio
289 1908 467 1996 deputatus,
488 1920 522 1976 at
544 1909 655 1976 divino
674 1907 833 1976 Creatoris
857 1907 988 1974 consilio
1014 1918 1107 1996 aptus
1130 1917 1224 1976 natus

168 2021 217 2077 est
231 2011 306 2079 huic
320 2012 412 2094 usui3
435 2035 531 2100 aquo
549 2035 663 2100 nempe
684 2011 928 2100 pronunciatum
947 2011 1102 2098 legimus:
1126 2012 1225 2080 Fiant

169 2113 344 2182 luminario
363 2115 400 2182 in
412 2117 613 2202 fimncmento
633 2115 721 2197 oali,
737 2128 767 2181 et
788 2115 935 2181 de'otiiant
949 2115 1033 2181 diem
1047 2139 1084 2182 oc
1097 2129 1223 2197 noctem,
1237 2137 1300 2187 ean.
1312 2132 1331 2189 1.
1348 2149 1385 2199 ¹4·

167 2219 273 2284 etaim
286 2220 424 2308 ineque,
439 2232 469 2286 et
491 2232 637 2308 temporo,
652 2231 682 2284 ct
701 2219 778 2300 ᾱὶεε,
795 2231 823 2284 et
842 2243 948 2286 aanor.
993 2218 1041 2285 At
1055 2221 1222 2307 quomodo,

149 2321 263 2405 dices,
278 2332 484 2410 cognoscetur
498 2323 650 2408 aequauti
659 2321 753 2388 colem
770 2334 855 2388 motu
865 2321 962 2410 pirri,
978 2333 1007 2387 et
1028 2347 1125 2389 uuam
1138 2337 1224 2412 poto

167 2425 260 2506 doen,
275 2440 333 2494 out
345 2450 465 2492 annum
484 2424 581 2492 alteri
589 2425 719 2513 pentae
732 2425 902 2512 exaequari,
918 2423 968 2490 ool
987 2426 1223 2513 oequr'tempora-

166 2551 258 2594 neam
280 2531 368 2594 case?
412 2525 603 2614 Respondeo
629 2548 693 2592 non
717 2525 810 2591 aliter
832 2526 893 2592 hoc
918 2525 1117 2612 (excipiendo
1136 2526 1222 2613 quod

168 2627 324 2693 adivino
350 2627 533 2692 testimonio
558 2626 739 2712 colligatur)
770 2626 863 2692 nobis
892 2626 1095 2708 innotescere,
1125 2649 1222 2714 quarn

167 2751 241 2796 cum
260 2729 333 2796 aliis
355 2729 532 2818 equalibus
553 2730 693 2796 motibus
715 2731 821 2817 ipsum
850 2728 927 2797 solis
948 2737 1070 2796 motum
1092 2738 1223 2796 conten·

166 2831 279 2900 dendo.
326 2831 364 2900 Si
378 2855 492 2920 nempe
506 2831 759 2921 deprehendatur
781 2833 857 2899 solis
876 2841 982 2900 motus
1004 2831 1038 2897 in
1058 2831 1222 2920 horologio

165 2935 269 3016 solari,
289 2934 387 3023 (quod
401 2935 574 3024 spatiorum
588 2958 609 3000 a
622 2935 690 3004 sole
704 2935 739 3002 in
754 2935 879 3003 circulis
895 2933 1047 3023 aequaturi
1060 2933 1221 3022 parallelis

164 3063 382 3128 percursorum
407 3060 488 3126 pene
513 3049 598 3106 certo
623 3061 661 3105 ac
680 3039 839 3126 exquisite
861 3038 1053 3127 quantitates
1075 3038 1218 3124 indicat)

165 3163 238 3207 cum
260 3141 371 3227 organi
393 3141 534 3228 cujusvis
555 3140 767 3222 horodeictici,
783 3141 862 3210 satis
883 3151 1027 3208 accurate
1040 3141 1221 3223 conanucti,

164 3243 305 3310 motibus
319 3243 504 3310 consentire.
534 3243 625 3310 'l'alia
639 3243 724 3311 enim
739 3244 917 3310 machinae
932 3243 1052 3311 fabrice
1065 3250 1124 3310 sut
1137 3267 1222 3312 com·

165 3356 276 3434 parata
298 3355 355 3426 eat,
376 3346 549 3412 secundum
573 3356 678 3413 motus
700 3348 752 3414 sui
776 3347 979 3436 repetitiones
1002 3347 1220 3429 succedaneos,

165 3448 328 3536 aequaliter
350 3449 488 3531 moveri3
517 3450 724 3539 Olepsydrom
745 3461 825 3539 pute
848 3451 1049 3518 dimetiendae
1072 3451 1145 3532 diei,
1168 3451 1222 3518 vel
1284 3519 1288 3528 ,

165 3548 251 3617 horae
265 3551 471 3634 destinatam3
493 3561 526 3618 et
540 3552 690 3640 qnoniam
705 3551 739 3618 in
754 3548 922 3640 haecque,
938 3552 991 3619 vel
1000 3575 1104 3633 arena,
1117 3553 1221 3641 quoad

165 3656 377 3743 quantitatem
394 3677 495 3737 snam,
510 3664 543 3722 et
556 3655 702 3744 figuram,
718 3656 848 3742 vimque
863 3654 1073 3722 descendendi
1092 3677 1221 3743 prorsus

166 3759 276 3824 eadem
296 3767 422 3837 manet;
444 3779 504 3824 nec
518 3781 582 3825 non
597 3757 762 3824 vasculum
777 3759 953 3839 continens,
973 3767 1006 3824 et
1026 3769 1150 3825 meatus
1171 3759 1221 3847 ip·

166 3885 234 3928 sam
257 3862 474 3929 transmittens
494 3861 582 3928 hand
607 3862 736 3928 omnino
761 3861 934 3944 variantur,
958 3862 1084 3928 tantillo
1107 3861 1220 3930 saltem

165 3973 316 4053 tempore,
328 3988 447 4055 perque
457 3965 641 4054 temperiem
653 3967 735 4031 ae'ris
750 3965 957 4046 consimilem,
968 3989 1027 4032 nec
1041 3964 1112 4032 ideo
1126 3987 1221 4032 causa

166 4069 276 4134 subest
294 4069 371 4150 ulla,
387 4092 442 4134 cur
464 4091 529 4134 non
549 4068 688 4157 aequales
707 4066 743 4134 in
765 4067 903 4156 singulis
922 4067 1093 4135 effluxibus
1114 4077 1220 4160 motus

166 4171 254 4239 obire
268 4171 474 4252 concedatnr3
490 4195 565 4259 ergo
580 4171 608 4238 si
623 4181 818 4260 compertum
833 4171 884 4252 sit,
898 4171 1015 4238 solares
1033 4181 1148 4248 motus,
1164 4195 1220 4240 seu

166 4273 272 4360 quoad
292 4273 432 4361 integras
449 4274 604 4362 periodos,
621 4296 676 4340 seu
691 4271 797 4360 quoad
815 4281 921 4361 partes
935 4272 1075 4360 ipsarum
1090 4296 1220 4361 propor-

165 4375 309 4457 tionales,
324 4375 436 4463 organi
449 4375 524 4442 talis
540 4375 683 4465 repetitis
699 4374 840 4441 motibus
859 4375 1017 4463 exquisite
1038 4399 1218 4462 congruere,

164 4477 277 4546 merito
298 4477 570 4567 pronunciandum
590 4489 648 4562 est,
669 4501 724 4546 eoa
744 4499 872 4567 prorsus
894 4478 1075 4566 aequabiles,
1098 4489 1130 4546 et
1149 4480 1220 4548 uni·
