3167 5192
391 386 436 458 24
719 409 906 461 nncrrouus
928 408 1070 460 orrrcn.
1283 392 1450 479 [nncrqrr.

390 573 473 655 licet,
489 584 527 642 ut
539 574 626 642 basis
641 576 774 643 BODP
783 575 903 664 speculi
925 573 1057 663 plenum
1074 572 1239 661 continget
1252 573 1287 640 in
1302 574 1335 640 B
1343 598 1352 655 ;
1375 574 1452 641 reli·

390 701 490 764 quum
512 679 582 766 ejus
607 702 720 767 corpus
752 681 858 767 (prout
886 679 921 743 in
947 678 1052 764 figurt
1076 677 1237 766 depictum
1263 678 1449 762 exhibetur)

391 782 520 870 oblique
534 806 667 870 surgens
684 805 780 871 supra
800 782 931 870 plenum
953 781 1099 848 emineat.
1144 780 1238 848 Besis
1258 790 1364 848 autem
1380 780 1452 848 dia·

390 887 483 952 metri
497 887 571 968 BD,
595 887 658 954 ΡΟ
680 909 748 953 sese
766 885 949 952 normaliter
966 894 1091 964 secent3
1114 907 1151 949 sc
1172 907 1229 972 per
1251 885 1354 972 ipsam
1374 885 1449 967 Po,

390 999 424 1056 et
451 1013 546 1055 axem
575 991 705 1056 ductum
736 989 868 1078 plenum
894 988 1008 1055 efficiet
1033 988 1067 1052 in
1097 986 1243 1076 cylindro
1272 986 1450 1054 Parallelo-

390 1113 569 1177 grammum
590 1091 732 1158 POMN.
779 1089 815 1158 Si
835 1090 902 1178 jem
928 1113 985 1177 per
1008 1089 1140 1176 hujusce
1160 1088 1261 1156 latera
1282 1089 1363 1170 Mo,
1385 1089 1455 1154 ΝΡ

390 1192 487 1259 ducta
500 1194 717 1282 concipiantur
736 1194 800 1260 duo
823 1193 919 1282 plana
944 1193 999 1258 uxi
1019 1191 1180 1280 parellela,
1203 1192 1449 1281 cylindrumque

390 1297 615 1384 contingentia,
631 1297 767 1386 liquebit
783 1299 838 1383 (ex
856 1297 1024 1364 antedictis
1046 1296 1150 1362 causis
1170 1296 1287 1383 pariter
1306 1297 1449 1385 applica-

390 1401 444 1486 tis)
459 1401 557 1468 totius
567 1401 704 1488 cylindri
714 1401 846 1468 ductum
858 1402 940 1468 iuter
954 1401 1022 1468 haec
1033 1400 1096 1467 duo
1104 1400 1201 1490 plana
1212 1401 1447 1489 comprehendi,

390 1504 533 1593 radiique
554 1505 765 1572 reflectionem
782 1505 865 1572 inter
881 1504 953 1591 ipse
973 1503 1108 1570 definiri.
1154 1502 1238 1571 Sunt
1252 1515 1356 1570 autem
1377 1503 1449 1571 haec

389 1608 487 1697 plana
500 1610 621 1698 speculi
640 1611 738 1699 pleno
751 1620 847 1677 recta.
893 1607 944 1677 Sit
957 1609 1042 1676 enim
1056 1619 1141 1674 recte
1161 1609 1263 1675 GRH
1270 1609 1448 1675 communis

390 1714 487 1779 sectio
501 1713 610 1780 circuli
627 1713 759 1794 BODP,
782 1711 933 1801 planique
955 1711 1144 1799 specularis3
1168 1711 1236 1778 heo
1258 1713 1368 1800 utique
1385 1711 1448 1776 cir-

390 1817 498 1882 culum
513 1816 687 1904 continget3
712 1816 802 1903 (quie
815 1815 936 1903 speculi
957 1815 1098 1903 planum,
1119 1837 1161 1882 ex
1182 1815 1446 1904 hypothesium

390 1917 469 1983 alibi
482 1928 690 2005 preterquam
708 1917 750 1984 ad
769 1921 803 1984 B
817 1918 934 1984 circulo
956 1917 1098 1997 occurrit,
1122 1917 1263 2005 adeoque
1283 1941 1343 1984 nec
1361 1929 1448 1985 recta

396 2020 477 2104 011)
494 2042 590 2106 quare
604 2030 695 2088 rectse
717 2021 791 2102 (311,
821 2020 882 2088 ΟΡ
894 2032 969 2087 sunt
990 2020 1160 2108 parallelae.
1204 2021 1292 2108 Ergo
1314 2021 1376 2089 ΡΟ
1396 2032 1448 2088 est

389 2122 430 2188 ed
459 2123 580 2210 speculi
602 2123 735 2212 planum
755 2123 917 2211 parallela.
962 2123 1050 2190 Huic
1074 2146 1150 2190 vero
1175 2125 1448 2214 perpendicularis

389 2235 464 2292 sunt
478 2227 574 2313 plana
595 2227 747 2317 praedicta
769 2227 950 2314 cylindrum
972 2227 1188 2314 contingentia
1208 2251 1264 2316 per
1283 2231 1328 2296 Μ
1328 2231 1364 2312 0,
1383 2232 1454 2296 ΝΡ

389 2327 494 2410 duem,
531 2331 588 2395 axi
615 2329 775 2419 parallelo,
830 2327 1028 2418 Quapropter
1060 2331 1170 2397 eadem
1199 2333 1320 2420 speculi
1348 2333 1446 2422 pleno

387 2442 473 2498 recta
486 2444 589 2501 eruut.
626 2433 724 2514 Hinc,
739 2443 777 2500 ut
790 2443 893 2513 antea,
910 2433 938 2499 si
952 2443 1038 2500 tetus
1052 2433 1159 2500 rudius
1174 2434 1328 2502 habeatur
1341 2437 1443 2502 inetur

388 2546 482 2603 rectae
495 2537 598 2620 lineae,
618 2538 782 2625 continget
804 2539 872 2625 ejus
891 2538 1028 2604 reflectio
1051 2537 1141 2604 velut
1166 2539 1200 2604 in
1222 2539 1384 2628 superficie
1404 2539 1445 2606 ud

389 2641 553 2729 speculum
582 2642 714 2730 planum
739 2649 843 2724 rectt;
874 2642 992 2730 quippe
1020 2664 1093 2708 cum
1122 2641 1191 2728 ejus
1219 2641 1354 2710 latitudo
1378 2653 1447 2709 tots

388 2745 673 2833 comprehendetur
691 2745 774 2812 iuter
792 2745 948 2834 ejusmodi
963 2745 1026 2812 duo
1040 2745 1136 2833 plana
1145 2771 1154 2827 ;
1177 2769 1249 2834 quse
1268 2746 1446 2834 proindesi

388 2846 477 2913 nulle
491 2859 695 2936 supponetur,
717 2848 752 2914 in
771 2868 872 2914 unum
896 2848 953 2916 illa
975 2847 1157 2917 coalescent.
1202 2848 1446 2916 Accommodsri

388 2961 517 3036 possent
530 2950 600 3015 haec
613 2951 789 3038 cuicunque
803 2951 885 3016 redii
903 2951 1013 3038 figures
1034 2951 1102 3032 tali,
1125 2951 1252 3039 qualem
1274 2974 1370 3040 supra
1389 2950 1447 3018 de-

389 3051 582 3139 scripsimus,
607 3062 769 3139 uteunque
788 3053 942 3118 nonnulle
962 3053 1156 3120 demutando
1167 3079 1175 3134 ;
1206 3053 1262 3120 sed
1284 3063 1316 3120 et
1334 3053 1445 3120 cedem

388 3154 458 3243 peri
478 3155 601 3222 ratione
620 3155 779 3222 radiorum
802 3155 1041 3224 retractionibus
1063 3157 1262 3246 adaptentur.
1305 3158 1354 3223 At
1372 3157 1445 3246 plu·

538 3879 638 3968 gressi
666 3900 786 3959 sumus,
817 3877 1007 3946 inhaerentes
1032 3901 1070 3945 eo
1094 3878 1163 3967 jam
1187 3879 1382 3962 devenimus,
1404 3891 1442 3947 ut

385 3984 479 4051 nobis
507 3983 672 4050 incumbat
705 3982 852 4071 proxime
884 3982 1023 4048 celebres
1056 3982 1130 4048 illus
1163 3982 1357 4072 hypotheses
1389 3987 1442 4070 (an

387 4081 598 4154 Theoremcta
610 4085 730 4152 melitis
750 4085 920 4174 appellere)
945 4085 1104 4152 radiorum
1126 4085 1315 4155 inflexorum
1336 4087 1443 4154 itineri

385 4189 513 4277 penitus
531 4189 769 4258 determinando
786 4188 1037 4277 (imaginumque
1058 4189 1190 4278 proinde
1208 4190 1297 4272 locis,
1319 4192 1441 4280 figuris,

386 4291 616 4377 quantitatibus
644 4289 886 4377 investigandis,
915 4313 975 4358 uec
1000 4313 1064 4358 non
1088 4292 1341 4380 apparentiarum
1363 4317 1442 4382 qua-

384 4414 580 4482 rumcunque
615 4395 718 4461 censis
750 4393 963 4482 explicandis)
1001 4396 1201 4477 necessarius,
1238 4397 1441 4486 experientiae

379 4497 515 4596 ¹quidem
528 4499 610 4567 hene
623 4521 778 4567 consonae
794 4499 878 4581 illas,
894 4498 989 4567 etism
1011 4500 1120 4590 alique
1140 4499 1271 4570 rationis
1290 4502 1441 4591 suffragio
