3167 5192
125 400 224 450 secr.
243 382 363 469 xv111.]
467 401 654 452 aecrrours
676 400 953 453 uernammcra
1228 390 1294 458 29⁷

124 569 353 657 qualitativas)
368 595 525 661 nusquam
540 584 577 640 ut
592 584 688 663 puto;
712 572 809 641 adid
827 573 1041 641 denotandum
1062 572 1179 642 rectius
1200 576 1295 642 adhi-

124 672 243 739 beatur
256 673 415 756 ποιώτικη
432 677 517 761 (nam
539 679 653 743 ποιοῦν
673 686 723 743 est
743 676 841 743 talem
863 674 1004 760 reddere)
1025 674 1079 743 vel
1100 676 1292 766 explicatius

124 778 185 859 τῆς
198 780 266 842 τῶν
280 776 462 866 φχημάτων
476 778 645 860 ποιᾶπητος
659 778 847 867 διοριστική.
873 778 979 866 IgItur
993 779 1144 867 loquendi
1159 778 1290 848 modurn

125 880 278 947 attribuit
290 882 412 947 auctori
426 882 503 949 satis
516 881 735 970 improprium,
745 881 944 964 inusitatum,
957 884 1137 967 obscurum,
1149 884 1298 973 adeoque.

125 984 350 1051 definitionum
363 985 491 1073 legibus
504 995 537 1053 et
551 996 672 1053 naturae
687 986 784 1053 nimis
798 986 1018 1075 incongruum.

190 1087 291 1154 Addo
304 1088 391 1176 quod
405 1090 446 1156 ab
459 1089 630 1156 intrinsece
642 1089 774 1156 rationis
789 1095 904 1157 naturt
923 1091 1070 1159 videatur
1089 1091 1168 1159 satis
1186 1114 1289 1160 remo-

124 1203 205 1273 tum,
230 1192 323 1279 eique
343 1200 470 1259 tantum
491 1214 533 1259 ex
554 1192 716 1259 accidente
738 1202 924 1280 competere,
948 1194 1032 1282 quod
1055 1194 1203 1261 nonnihil
1227 1196 1289 1262 ali·

121 1295 257 1383 quando
275 1295 415 1362 conferat
435 1295 477 1362 ad
494 1296 668 1382 figurarum
690 1296 838 1385 speciem,
858 1320 914 1365 scu
931 1298 1118 1387 qualitatem
1138 1298 1288 1367 determi-

121 1398 278 1465 nandam.
321 1397 397 1464 Non
410 1398 445 1464 in
460 1397 536 1465 solis
551 1397 662 1486 figuris
676 1399 901 1482 consideratur,
918 1411 952 1467 at
966 1402 1082 1491 sapius
1096 1413 1187 1470 extra
1202 1402 1284 1485 illas,

120 1524 185 1569 nec
206 1501 300 1569 aliter
320 1502 448 1569 illarum
470 1503 725 1571 determinationi
745 1502 889 1585 inservit,
911 1526 1005 1591 quam
1028 1506 1286 1592 magnitudinum

121 1606 336 1693 quarundam,
351 1606 507 1674 linearum
521 1629 635 1694 nempe
649 1607 703 1673 vel
717 1606 953 1694 superficierum
967 1608 1082 1695 quibua
1103 1609 1288 1677 ambiuntur

120 1709 248 1795 figurae,
270 1709 465 1796 quantitates
489 1710 579 1798 prius
601 1708 848 1776 determinando.
893 1708 969 1776 Non
990 1710 1091 1797 igitur
1112 1711 1285 1779 verisimile

120 1813 262 1895 videtur,
277 1813 477 1881 definitiones
499 1822 657 1881 auctorem
679 1812 743 1879 huc
761 1812 943 1895 attendisse,
965 1836 1064 1901 quum
1084 1814 1285 1883 definitiones

118 1916 302 1982 necessaria
325 1926 459 1998 tantum,
484 1915 685 1997 universalia,
709 1937 746 1981 ac
770 1914 922 2003 primaria
941 1916 1107 1983 notionum
1129 1918 1283 1987 attributa

121 2018 293 2105 complecti
307 2018 452 2087 debeant.

189 2120 236 2187 Et
250 2122 337 2211 qnod
356 2121 398 2189 ad
416 2122 549 2189 rationis
568 2121 848 2209 predicamentum
868 2121 991 2203 attinet,
1007 2123 1077 2209 ipsa
1096 2122 1282 2211 simpliciter

120 2224 165 2291 ad
178 2225 364 2293 relationem
382 2225 527 2313 pertinet,
550 2225 724 2313 respective
743 2246 819 2291 vero
837 2234 965 2313 propter
983 2225 1135 2291 terminos
1155 2248 1282 2316 compa·

120 2336 210 2394 ratos
223 2327 265 2394 ad
280 2328 489 2416 quantitatem
507 2329 643 2415 (semper
654 2328 740 2395 enim
757 2327 808 2393 illi
826 2336 901 2394 sunt
919 2348 969 2393 res
985 2337 1111 2415 quantae
1126 2338 1281 2415 quatenus

119 2430 263 2519 quanta)
283 2430 460 2512 reducatur,
478 2432 644 2519 magisque
662 2439 791 2519 propter
813 2431 1055 2497 fundamentum
1073 2452 1176 2511 suum,
1196 2430 1282 2518 quod

116 2544 175 2602 cst
189 2534 332 2602 absoluta
345 2535 504 2623 quaepiam
518 2534 690 2622 quantitas,
705 2542 744 2601 ut
757 2555 854 2622 supra
868 2533 999 2599 dictum.

190 2634 297 2725 Vulgo
317 2638 434 2705 dicitnr
454 2647 488 2705 et
508 2636 696 2727 quantitatis
716 2636 963 2726 proprietatibus
984 2647 1174 2719 accensetur,
1195 2638 1281 2725 quod

115 2743 163 2809 ab
182 2741 243 2807 illa
259 2764 310 2809 res
326 2742 476 2809 dicumtur
496 2740 634 2830 aequales
654 2750 687 2808 et
706 2740 889 2829 inaequales,
907 2741 968 2808 hoc
987 2750 1045 2823 est,
1065 2764 1131 2808 una
1150 2741 1280 2809 alterius

115 2844 248 2933 simpla,
275 2844 383 2934 dupla,
409 2844 513 2932 tripla,
539 2854 610 2926 ete,
641 2844 702 2909 hoc
726 2854 784 2925 est,
812 2866 888 2931 erga
913 2844 1044 2911 alteram
1070 2844 1129 2911 tali
1157 2844 1279 2914 rationo

114 2949 244 3015 affecta.
288 2946 377 3035 Ergo
397 2948 503 3037 potins
524 2948 606 3014 ratio
627 2957 676 3014 cst
698 2946 815 3036 σχέσις
836 2947 1058 3035 quantitative,
1082 2948 1164 3015 sicut
1189 2948 1280 3016 simi-

113 3054 231 3134 litudo,
260 3052 337 3140 quia
359 3051 510 3119 fundatur
534 3052 569 3117 in
593 3050 702 3138 aliqut
726 3050 889 3137 qualitate,
914 3050 978 3117 dici
1004 3050 1084 3118 solet
1108 3051 1220 3120 relatio
1244 3054 1279 3119 in

112 3157 283 3247 qualitate,
308 3178 366 3223 seu
390 3154 588 3243 qualitativa.
633 3153 804 3220 Absonum
833 3176 908 3221 vero
936 3154 1097 3245 plerisque
1123 3156 1157 3223 ni
1186 3156 1280 3223 fallor

112 3260 249 3329 auribus
277 3258 359 3325 foret
387 3256 460 3338 dici,
486 3256 598 3323 relatio
627 3255 817 3343 qualitativa
846 3257 1018 3324 secundum
1048 3256 1277 3345 quantitatem

110 3364 192 3430 nam
219 3362 249 3429 si
275 3360 448 3429 secundum
473 3358 693 3447 quantitatem,
719 3381 794 3445 ergo
818 3360 1030 3447 quantitative
1052 3361 1158 3447 potius
1182 3384 1278 3449 quam

110 3466 317 3555 qualitativa.

180 3569 350 3652 Praeterea,
366 3569 453 3657 quod
466 3591 531 3634 non
550 3576 587 3634 ut
604 3566 802 3656 pertenditur
823 3588 888 3633 vox
911 3565 1003 3637 ποιός
1024 3566 1119 3632 etiam
1142 3565 1177 3632 in
1198 3566 1276 3633 defi·

110 3674 296 3743 nitionibus
316 3673 421 3761 posita
441 3695 565 3762 semper
586 3671 771 3759 qualitatem
794 3669 935 3758 aliquam
954 3668 1079 3758 proprie
1099 3669 1226 3752 dictam,
1243 3682 1276 3737 at

109 3800 191 3846 vero
206 3776 324 3863 aaepius
344 3797 464 3842 meram
484 3773 776 3861 particularitatem,
792 3772 854 3839 hoo
875 3780 932 3854 est,
948 3771 1106 3859 generalis
1127 3772 1275 3840 vocabuli

108 3879 344 3948 resmictionem
364 3876 573 3959 indefinitam,
589 3876 743 3963 designet,
763 3878 812 3962 (eo
832 3884 924 3963 pacto
944 3898 982 3942 ac
1003 3873 1031 3941 si
1050 3874 1145 3942 lromo
1162 3875 1275 3941 defini-

108 3995 210 4065 retur,
237 3981 362 4050 anteat
384 3981 541 4069 quoddm
566 3982 687 4048 retrone
711 3981 870 4062 daretem,
897 3980 954 4048 ubi
983 3979 1140 4068 quoddam
1168 3978 1273 4047 innuit

167 4324 283 4395 Raffler,
298 4342 317 4381 a
331 4325 523 4395 musaea
537 4326 662 4383 relation.

164 4410 225 4466 But
241 4410 344 4480 better,
362 4428 380 4467 a
396 4412 509 4469 certain
525 4411 649 4467 relation.

165 4495 226 4551 The
244 4496 319 4551 word
337 4500 405 4549 rate
421 4496 447 4551 is
463 4496 532 4551 used
549 4496 578 4551 in
595 4494 760 4551 definitione
829 4518 831 4521 ·

187 4601 219 4650 Β.
236 4602 274 4651 u.
