3167 5192
123 404 226 455 nucu·
240 388 332 473 xrn]
467 404 654 457 nnmrouus
679 396 954 456 mensuruus.
1227 387 1291 455 313

120 596 235 641 vocem
266 573 420 663 ε’πιμερῆς
450 596 586 663 expono,
615 582 746 663 propter
773 572 991 640 difficultatem
1020 573 1180 661 quandam
1208 596 1286 641 mox

118 677 353 764 attingendam,
371 701 443 765 quae
463 702 506 745 ex
530 679 715 767 hujusmodi
734 688 861 745 tantum
880 677 1138 766 interpretatione
1158 676 1285 745 videtur

115 780 293 866 solubilia).
337 781 427 847 Hinc
440 792 474 847 et
488 781 586 870 hujus
598 782 731 848 rationis
745 782 866 870 species
884 781 931 847 ita
949 782 1162 862 nominantur,
1179 782 1284 866 Adyoc

115 882 163 954 tte
176 884 354 971 ἆπίτριτος,
370 883 419 955 δὶς
438 883 652 966 induemus,
673 884 743 972 τρὶς
761 883 977 972 maritumos,
997 882 1067 970 τρὶς
1086 884 1281 967 tuebimur,

112 989 203 1055 etin
229 988 371 1055 similem
394 988 538 1054 formam.
583 986 678 1069 Puta,
698 988 780 1054 ratio
797 987 986 1075 quincuncis
1009 986 1050 1053 ad
1073 988 1279 1075 quadrantem

114 1090 187 1176 (boc
200 1101 267 1171 cst,
281 1091 424 1157 numeris
438 1099 458 1156 5
473 1090 515 1155 ad
529 1091 561 1175 3)
574 1090 691 1157 dicitur
704 1090 753 1162 δὶς
770 1091 941 1178 ἐπίτριτος,
961 1091 1037 1178 quia
1056 1100 1074 1156 5
1095 1092 1236 1158 continet
1260 1102 1279 1159 3

109 1192 220 1268 semel,
239 1204 274 1259 et
295 1195 365 1281 ejus
379 1191 460 1259 duaa
480 1203 586 1280 partes
604 1194 726 1275 tertias,
747 1194 800 1259 vel
819 1195 892 1281 ejus'
907 1194 1033 1260 tertiam
1052 1208 1186 1281 partem,
1207 1193 1258 1261 bis
1268 1220 1277 1276 ;

108 1296 243 1361 stratio
257 1296 382 1362 numeri
398 1304 436 1362 13
451 1295 493 1360 ad
509 1304 548 1362 10
562 1305 612 1362 est
630 1296 700 1384 τρὶς
719 1295 907 1367 ἐπιδέκατος
924 1295 1030 1380 λάχος,
1051 1296 1127 1385 quia
1147 1305 1185 1363 13
1202 1320 1278 1363 oon·

106 1398 187 1467 tinet
205 1408 252 1465 10
266 1398 374 1479 semel,
384 1408 419 1465 ct
431 1398 500 1485 ejus
513 1408 665 1485 praterea
679 1399 834 1466 decimam
849 1408 981 1489 partem,
992 1400 1148 1467 unitatem
1161 1422 1276 1489 nempe

106 1513 162 1582 ter,
178 1524 221 1568 ac
238 1502 273 1567 in
286 1502 418 1590 reliquis
433 1496 592 1571 consimili
603 1513 705 1591 pacto.

168 1602 312 1669 Aduoto
321 1614 448 1671 tamen:
462 1605 680 1671 Nicomachus
693 1604 786 1670 aliter
799 1604 978 1693 compingit
991 1605 1104 1671 harum
1115 1606 1273 1672 rationum

105 1708 262 1788 uomina3
292 1728 369 1772 uam
392 1709 553 1798 ἕπιμερεῖς
574 1706 692 1791 λόγους
714 1708 831 1774 dividit
853 1709 991 1797 primum
1014 1709 1050 1774 in
1073 1708 1272 1796 dnsbtpapsis,

107 1811 334 1899 ἐπιτρψερεῖς,
350 1813 617 1902 ἐπιτέτραμερεῖς,
633 1823 693 1882 ete.
711 1834 753 1879 ex
767 1813 991 1900 praedictarum
1006 1812 1195 1878 fractionum
1212 1834 1273 1880 nu·

105 1917 320 1982 metatoribus
329 1942 338 1998 3
361 1928 431 1983 tum
444 1917 560 1984 harum
577 1917 736 1983 rationum
755 1916 899 2003 singulae
921 1938 963 1982 ex
983 1916 1154 1983 earundem
1173 1916 1271 1984 deuo-

104 2019 320 2087 miratoribus
342 2022 528 2103 subdividit,
548 2031 586 2088 ut
603 2028 683 2109 puta
700 2019 867 2107 ἐπιδιμερῆ
887 2021 921 2087 in
944 2020 1147 2109 ἐπιδίτριτον,
1169 2022 1270 2089 ἐπιδί-

103 2148 269 2206 πεμπτον,
298 2122 533 2208 aeacum,
560 2134 620 2191 etc
649 2132 682 2190 et
716 2124 905 2212 ἔπιτριμερῆ
934 2122 969 2190 in
999 2124 1267 2215 ἐπιτριτέταρτον,

106 2225 376 2315 hermetem,
393 2238 453 2295 etc.

166 2331 283 2420 Hujus
304 2341 411 2399 autem
432 2332 574 2414 rationis,
597 2355 669 2420 quae
691 2330 866 2398 secundum
887 2331 1101 2399 minoritatem
1122 2333 1269 2421 opposita

105 2444 163 2514 est,
177 2456 248 2498 una
261 2454 334 2499 cum
349 2434 419 2521 ejus
433 2436 608 2522 speciebus,
623 2456 666 2499 cx
679 2432 757 2498 hinc
777 2434 825 2517 (ut
844 2432 879 2496 in
895 2432 1157 2519 praecedentibus)
1174 2434 1267 2501 facile

105 2532 309 2620 intelligitur.
354 2536 473 2602 Differt
490 2536 576 2601 enim
595 2534 702 2623 quoad
723 2556 790 2600 rem
811 2532 879 2598 solt
898 2534 1104 2600 terminorum
1123 2545 1268 2624 transpo-

106 2637 231 2718 sitione,
252 2638 359 2725 quoad
385 2639 631 2727 appellationem
653 2646 778 2702 tantum
800 2658 910 2702 vocem
931 2638 988 2702 stab
1007 2636 1060 2703 vel
1080 2636 1143 2704 ὑπὸ
1162 2640 1266 2727 praefi·

105 2742 210 2828 gendo
219 2770 228 2823 3
253 2742 555 2831 subsuperpartiens,
571 2740 900 2830 subsuperbipartiens
919 2742 1039 2821 tertias,
1055 2752 1192 2829 quartas,
1210 2742 1265 2809 de·

106 2846 213 2926 cimas,
240 2854 302 2913 etc.
326 2845 535 2933 ὑπεπιμερὴς,
561 2845 610 2916 δὶς
638 2842 846 2932 ὖπεπιμερὴς,
873 2844 921 2915 δὶς
949 2843 1165 2933 ὑπεπίτριτος,
1195 2844 1264 2933 τρὶς

107 2945 367 3036 ι’νπσπιτέταρτος,
382 2960 442 3016 etc.
457 2972 554 3037 quare
568 2948 615 3014 nil
630 2947 744 3014 attinet
757 2946 809 3013 his
824 2946 943 3015 diutius
957 2948 1127 3015 immorari.

166 3051 214 3117 Et
231 3051 285 3117 hae
298 3050 427 3140 quidem
444 3052 507 3117 tria
527 3061 604 3118 sunt
622 3050 850 3140 simpliciorum
869 3050 1026 3119 rationum
1046 3074 1171 3139 genera,
1187 3076 1261 3120 curn

106 3154 294 3221 antecedens
318 3164 561 3242 consequentem
585 3175 650 3220 non
676 3153 739 3219 nisi
764 3152 863 3220 semel
887 3148 1037 3221 continet.
1082 3154 1217 3222 Restant
1242 3178 1260 3221 c

106 3256 205 3341 prirnt
227 3256 428 3345 (multiplice)
450 3280 524 3322 eum
543 3255 675 3343 reliquis
696 3256 820 3323 duabus
845 3256 1132 3345 (superparticulari
1153 3268 1186 3325 et
1207 3257 1260 3323 suss

106 3360 328 3449 perpartiente)
354 3360 588 3448 quodammodo
619 3360 788 3447 conjunctu
820 3356 1010 3425 resultantes
1039 3360 1146 3426 alterae
1175 3359 1257 3441 duae,

106 3463 274 3551 multiplex
300 3462 593 3552 superparticularis
615 3471 649 3528 et
670 3462 841 3551 multiplex
864 3462 1115 3550 superpartieus3
1146 3485 1183 3528 ae
1208 3462 1259 3529 his

107 3586 247 3633 mversae.

167 3676 197 3733 4.
233 3668 319 3735 Cum
344 3668 465 3735 scilicet
488 3668 676 3735 antecedens
701 3677 945 3756 consequentem
967 3666 1085 3757 pluries
1112 3667 1257 3749 includit,

108 3779 137 3833 ct
161 3770 289 3837 unicam
318 3770 448 3859 insuper
474 3781 596 3859 partem
624 3771 693 3860 ejus
722 3772 896 3858 aliquotam
928 3772 977 3856 (ut
1013 3770 1149 3837 dodrans
1183 3794 1261 3838 cou-

107 3871 183 3938 tinet
205 3874 353 3940 trientem
384 3875 445 3955 bis,
472 3883 504 3941 et
530 3874 599 3962 ejus
622 3884 773 3963 praeterea
802 3886 947 3963 quartam
973 3876 1119 3964 partem),
1141 3874 1257 3941 dicitur

107 3972 214 4042 horum
228 3977 433 4045 terminorum
452 3977 533 4044 ratio
552 3977 741 4065 generaliter
759 3978 932 4067 multiplex
953 3978 1254 4067 superparticularis,

108 4078 265 4163 speciatim
287 4090 395 4146 autem
414 4080 449 4145 in
467 4080 615 4169 exemplo
635 4081 797 4170 proposito
816 4081 897 4149 ratio
917 4082 1251 4172 duplasesquiquarta:

108 4188 138 4243 et
151 4180 241 4248 sicin
255 4182 337 4250 aliis.
382 4182 553 4272 Hujusquc
567 4182 780 4273 ἀντίστροφος
796 4186 886 4269 ratio,
903 4186 1026 4254 numeri
1041 4195 1060 4252 4
1075 4198 1152 4277 puta
1167 4188 1207 4255 ad
1223 4198 1252 4271 9,

156 4430 210 4489 lbc
226 4437 357 4508 oppodte,
372 4438 646 4511 nrbmporpartient.

157 4514 200 4589 (4)
220 4522 357 4594 Muttiptc
373 4526 632 4596 superpartientes,
649 4545 680 4583 as
696 4527 739 4601 ἢ.

188 4624 216 4672 Β.
233 4627 269 4677 ll.
