3167 5192
344 370 410 439 ete
678 384 864 436 unmronns
886 383 1161 434 unruauxrren.
1287 366 1391 453 [uuor.
1405 384 1483 435 xxrr.

345 554 467 624 tionem
487 554 627 643 aliquam
648 552 934 642 proportionalibus
955 574 1045 640 aeque
1066 572 1242 639 congruam
1264 550 1485 639 deprehendere,

347 658 564 727 definitionem
585 657 726 746 aliquam
747 667 878 725 cuncus
898 656 1057 723 rationum
1079 657 1281 744 equalitates
1298 656 1486 743 complecten-

343 770 411 827 ·tem
426 760 587 827 exhibere.

411 862 507 942 Quod
519 872 553 928 et
566 859 642 927 hinc
655 869 753 949 patet,
765 860 843 947 quia
856 859 1015 948 praeclaris
1027 858 1108 927 viris
1116 859 1192 927 huic
1206 861 1321 927 morbo
1334 858 1485 927 remedium

346 964 497 1031 adhibere
511 962 652 1029 connisis
664 962 818 1029 hactenus
833 962 984 1029 accidisse
1001 962 1137 1043 uidetur,
1152 973 1190 1029 ut
1210 963 1266 1029 vel
1285 962 1368 1028 nihil
1384 960 1487 1051 presti-

347 1066 445 1133 terint
463 1066 592 1133 omniuo
610 1065 778 1145 sufficiens,
795 1074 851 1131 aut
869 1075 906 1130 ut
922 1065 984 1131 viis
1003 1064 1176 1131 institerint
1196 1064 1429 1151 prolixioribus,
1441 1087 1486 1129 nee

347 1171 456 1237 minus
475 1169 637 1257 impeditis
658 1178 690 1233 et
710 1168 893 1255 implicitis;
919 1178 975 1233 aut
996 1167 1160 1235 methodos
1183 1167 1304 1233 saltem
1324 1166 1487 1233 tradiderint

348 1273 449 1360 culpae
464 1271 603 1359 cuipiam
620 1270 759 1357 graviori
777 1269 940 1335 subditas:
964 1269 1042 1336 adeo
1060 1291 1110 1335 res
1129 1270 1199 1357 ipsa
1217 1270 1437 1335 contumaciter
1451 1291 1488 1333 re·

346 1385 479 1465 pugnat,
494 1385 531 1441 ut
544 1374 665 1440 ratione
678 1383 883 1462 pertractetur
897 1372 1068 1439 admodum
1084 1373 1169 1439 facili
1184 1383 1218 1439 et
1233 1372 1391 1461 expediti.

413 1477 482 1543 Nec
508 1478 693 1565 interpretes
715 1476 845 1543 omnino
871 1477 966 1563 eulpa
990 1476 1100 1557 libero,
1126 1499 1168 1541 ne
1194 1476 1327 1563 quidem
1353 1474 1487 1563 optimum

349 1580 509 1660 Clarium,
525 1581 582 1666 qui
597 1580 671 1645 lieet
685 1580 769 1645 hanc
782 1578 1000 1645 definitionem
1014 1601 1086 1645 oum
1106 1578 1300 1665 explicuerit
1318 1580 1418 1667 probe,
1432 1586 1485 1641 tum

345 1682 467 1772 judicio
481 1705 553 1749 meo
570 1681 677 1748 valide
695 1682 912 1770 propugntrit,
929 1693 1036 1749 tamen
1052 1682 1211 1770 exemplis
1231 1705 1304 1749 eam
1321 1682 1395 1747 satis
1414 1680 1487 1745 illus

347 1785 451 1851 tribus
471 1793 503 1850 et
521 1784 675 1871 appositis
694 1784 781 1849 haud
797 1783 923 1849 videtur
941 1784 1126 1851 declarasse.
1171 1784 1260 1851 Nam
1275 1784 1485 1873 exemplaque

347 1889 466 1977 profert
484 1889 653 1955 verborum
669 1910 798 1953 sensum
818 1888 923 1974 potius
945 1889 1115 1977 explicant,
1130 1912 1230 1978 quam
1254 1891 1302 1977 (id
1322 1889 1403 1977 quod
1421 1908 1487 1975 pra·

347 1997 439 2084 cipue
456 1994 673 2061 definitionem
693 1996 842 2081 quamvis
864 1997 1064 2063 commendat
1085 1998 1181 2063 simul
1203 2022 1242 2065 ac
1261 1998 1405 2079 illustrat)
1427 2018 1487 2061 oon·

347 2098 478 2165 ditionis
499 2098 534 2162 in
556 2098 739 2163 definitione
761 2099 874 2186 positae
897 2100 1150 2188 possibilitatem,
1173 2111 1208 2167 et
1229 2124 1338 2168 veram
1359 2100 1391 2165 in
1409 2099 1486 2163 rebus

347 2198 552 2267 existentiam
567 2210 795 2286 repraesentant
805 2224 814 2281 ;
836 2210 922 2266 utet
941 2201 1043 2267 nimie
1061 2202 1271 2287 generalitate
1292 2202 1420 2291 quadum
1439 2204 1484 2264 sut

343 2304 534 2371 discentium
551 2302 737 2390 phantasiae
753 2304 945 2383 obturbaut3
969 2314 1039 2389 tum
1065 2306 1144 2373 forte
1166 2330 1234 2373 non
1257 2308 1335 2373 eatis
1357 2324 1482 2393 expresse

346 2408 569 2494 luculenteque
583 2417 684 2487 cavet,
700 2429 740 2472 ne
754 2406 912 2474 discentes
930 2408 1006 2492 (imo
1026 2410 1131 2496 potius
1151 2410 1349 2477 occasionem
1366 2408 1482 2497 prebere

347 2511 475 2577 ridetur
491 2522 528 2576 ut
545 2510 620 2598 ipsi)
643 2510 859 2576 inductionem
879 2511 1039 2597 quandam
1062 2512 1159 2599 exigi,
1175 2514 1304 2601 sibique
1324 2520 1426 2601 putent
1444 2508 1481 2571 iu·

348 2614 440 2679 finita
465 2613 612 2702 quiedam
634 2612 934 2700 multiplicationum
956 2615 1132 2681 tentamina
1153 2626 1261 2683 mente
1283 2611 1479 2703 percurrerim

347 2717 434 2806 quod
448 2729 531 2785 certe
545 2718 661 2783 mirum
676 2740 741 2781 non
754 2726 813 2796 est,
830 2718 857 2781 si
878 2716 1024 2783 confines
1041 2742 1094 2785 eos
1113 2718 1225 2785 reddet
1244 2731 1277 2787 et
1297 2718 1479 2807 desperabun-

347 2820 405 2884 dos
413 2844 422 2899 ;
445 2842 517 2884 eum
532 2829 639 2885 tamen
653 2819 735 2884 nihil
749 2818 802 2885 hic
818 2818 881 2885 tale
896 2819 1099 2901 desideretur,
1114 2822 1163 2887 uti
1177 2824 1274 2890 toties
1288 2821 1457 2889 monuimus.
1543 2840 1544 2878 1

412 2918 507 2998 Quod
531 2920 618 3008 ipsos
643 2920 800 2986 discentes
822 2921 945 3001 attinet,
968 2922 1064 2987 nimis
1086 2946 1183 3011 quam
1205 2932 1345 3013 apparet,
1367 2944 1414 2989 eos
1431 2917 1478 2984 sibi

346 3020 523 3109 plerunque
537 3021 657 3087 deesse.
702 3021 786 3089 Oum
806 3023 892 3088 enim
912 3023 1043 3110 hujusce
1062 3024 1259 3093 definitionis
1280 3028 1374 3093 verba
1392 3022 1480 3089 elaris·

347 3122 429 3187 sima
450 3121 515 3186 sint
535 3132 567 3188 et
588 3122 691 3187 omnis
714 3124 928 3212 homonymiae
951 3126 1103 3213 expertia,
1126 3118 1375 3218 quotusquisque
1392 3136 1477 3191 tmen
1542 3164 1543 3175 κ

347 3224 465 3312 estqui
478 3224 531 3290 vel
549 3225 590 3289 iis
606 3225 734 3312 penitus
751 3224 971 3314 intelligendis
992 3251 1119 3317 operam
1140 3245 1249 3313 navat,
1270 3233 1324 3321 qui
1344 3238 1478 3296 numius

347 3350 405 3395 suo
428 3327 591 3394 stomacho
611 3329 798 3416 patientiam
821 3330 978 3419 impetrat,
994 3342 1031 3399 ut
1051 3334 1148 3401 trium
1169 3335 1354 3403 lineolarum
1373 3348 1477 3399 sensum

347 3442 491 3499 accurate
505 3432 704 3521 perpendat?
746 3434 907 3521 Equidem
921 3434 1008 3501 haud
1022 3437 1146 3503 modico
1161 3439 1295 3527 pignore
1309 3434 1477 3509 contendere,
1541 3450 1542 3490 l

348 3558 514 3623 meamque
532 3558 614 3623 pene
633 3535 729 3603 fidem
747 3538 944 3624 obstringere
963 3562 1026 3606 non
1046 3540 1199 3623 dubitem,
1215 3544 1271 3631 qui
1290 3539 1477 3609 definitionem

348 3640 432 3707 hanc
446 3640 527 3707 serio
542 3640 720 3729 perlegerit,
737 3662 774 3706 ae
794 3640 835 3707 ad
854 3641 923 3728 ejus
944 3652 1068 3710 tantum
1088 3644 1121 3711 iu
1139 3646 1252 3734 prima,
1269 3648 1319 3715 vel
1339 3638 1477 3711 innunt

348 3744 433 3811 sexti
458 3745 607 3811 elementi
629 3743 844 3832 propositione
866 3746 1109 3835 applicationem
1134 3749 1223 3817 baud
1245 3751 1376 3839 seguiter
1394 3752 1476 3811 atten-
1540 3780 1541 3789 κ

348 3845 440 3929 derit,
455 3846 506 3912 illi
520 3846 668 3935 deinceps
685 3846 768 3912 hanc
788 3846 1006 3917 definitionem
1028 3850 1116 3918 baud
1137 3850 1183 3919 ita
1204 3855 1390 3943 perplexam,
1403 3840 1476 3913 iutri-

347 3959 461 4030 catam,
478 3961 534 4016 aut
547 3949 707 4016 difficilem
722 3950 945 4038 apparituram.

762 4158 1072 4171 ———-——-.——..-.

399 4296 458 4353 The
475 4296 658 4369 interpretare
675 4302 712 4359 do
729 4306 778 4360 not
795 4304 905 4376 explain
922 4306 946 4363 it
962 4307 1031 4364 nell.

401 4381 513 4439 ouvius
529 4383 579 4441 bas
595 4391 645 4443 not
660 4389 802 4461 exemplos
819 4406 902 4448 enon.

402 4469 538 4526 namon
555 4470 592 4528 do
608 4478 658 4529 not
675 4475 781 4532 stand
