3167 5192
109 393 212 442 Lacr.
231 377 336 463 svin]
458 394 646 445 amuranus
667 396 940 447 usussnsmcrs
1213 386 1275 451 281

105 590 183 633 rum
203 589 289 633 unius
306 566 442 638 alterum
462 570 603 637 continet
622 570 808 653 duodecies;
830 572 907 659 quia
928 570 1050 639 scilicet
1067 572 1180 640 batum
1200 596 1276 641 con·

101 670 315 759 jugationum
339 683 415 739 utut
439 673 614 740 secundum
640 674 804 741 absolutas
826 698 900 741 suas
922 677 1116 765 quantitates
1137 678 1275 745 invicem

106 773 394 862 heterogenearum
408 777 536 843 termini
546 778 630 844 inter
640 800 674 843 se
686 778 795 845 collati
808 778 918 845 eodem
933 802 968 846 se
982 780 1077 846 modo
1090 780 1274 867 respiciunt,

107 900 224 944 versus
238 900 274 943 se
287 879 495 947 consimiliter
508 881 614 947 affecti
629 891 714 949 sunt

176 980 311 1046 Exhinc
327 1003 440 1047 ansam
459 983 545 1070 oepit
559 983 761 1050 doctissimus
774 984 840 1050 νὶτι
855 983 992 1066 dicendi,
1007 985 1158 1055 meana
1173 1010 1275 1053 moues

114 1084 328 1151 samaim
346 1110 599 1173 quarumcunque
617 1088 663 1153 ud
682 1088 814 1155 iom'ccm
833 1090 1043 1176 quantitatum
1061 1112 1123 1155 ecoe
1142 1091 1224 1155 inter
1241 1113 1274 1155 aa

107 1186 317 1273 lomopmem
347 1188 462 1275 quippe
490 1188 527 1253 ia
551 1212 665 1275 penora
698 1214 859 1257 numeroso
887 1214 999 1257 omum.
1049 1191 1273 1279 Adjungitque

105 1300 230 1377 postea,
263 1290 329 1355 Uti
350 1293 542 1377 mmmmm
558 1293 604 1377 fit
628 1292 737 1379 quoad
758 1296 922 1375 rationem,
946 1319 1015 1382 qum
1039 1296 1167 1383 emerpo't
1190 1298 1273 1363 raab

104 1405 367 1479 comparatorum,
379 1416 477 1479 penus
490 1418 552 1459 oon
565 1420 641 1462 roro
657 1395 782 1477 dmerit,
806 1410 834 1462 ct
857 1400 972 1463 tramit
991 1400 1027 1464 ia
1045 1421 1146 1484 pertua
1166 1422 1272 1465 umnec-

104 1520 225 1575 roomu,
246 1496 455 1584 cujuamnquc
475 1499 539 1565 aiat
555 1500 682 1586 pemeria
701 1524 771 1586 qaue
790 1514 1024 1589 comparantur.
1070 1501 1150 1581 Quae
1164 1511 1271 1568 tamen

104 1600 196 1665 dicta
209 1599 317 1665 minus
330 1601 442 1686 probo,
457 1624 530 1667 cum
543 1600 616 1667 aliis
630 1601 671 1668 de
688 1602 793 1669 causis
810 1626 875 1669 non
891 1605 961 1691 jam
979 1604 1187 1692 exponendis,
1202 1615 1271 1669 turn

104 1702 185 1789 quia
198 1700 326 1767 nullum
341 1723 403 1788 ego
417 1702 471 1768 vel
484 1703 644 1769 rationum
661 1704 715 1770 vel
734 1728 937 1773 numerorum
956 1728 1068 1793 genus,
1089 1707 1150 1772 sub
1170 1728 1272 1793 quan·

102 1806 200 1871 titate
215 1805 479 1893 comprehensum
494 1829 648 1893 agnosco3
671 1830 729 1875 nec
746 1809 833 1875 enim
851 1810 989 1875 rationes
1011 1818 1086 1875 sunt
1107 1814 1179 1876 met
1199 1832 1272 1877 sen-

101 1910 209 1976 tentit
227 1910 432 1997 quantitates,
451 1932 511 1975 nec
531 1911 722 1998 quantitatis
742 1934 874 1999 capaces
899 1915 946 1998 (ut
967 1936 1025 1979 suo
1046 1912 1179 2001 posthac
1200 1912 1270 1979 loco

102 2013 247 2079 conabor
271 2012 427 2097 evincere)
455 2011 513 2079 sed
534 2036 629 2081 merae
653 2013 822 2081 relationes
848 2014 882 2080 in
907 2016 1085 2103 quantitate
1109 2015 1267 2097 fundatam

100 2138 256 2183 numeros
269 2125 375 2182 autem
390 2139 448 2203 pro
467 2116 651 2183 nominibus
670 2126 797 2185 tantum
816 2129 849 2186 ct
867 2118 1023 2205 symbolis
1044 2119 1144 2185 habeo
1163 2141 1268 2186 rerum

101 2229 310 2306 quantarum,
325 2218 411 2305 quod
421 2217 491 2305 jam
505 2227 600 2284 antea
611 2219 729 2308 saepius
743 2220 877 2307 exposui
892 2230 924 2286 et
937 2221 1071 2287 asuuxi.

169 2320 269 2387 Addo
282 2321 487 2387 manifestum
501 2321 613 2403 videri,
628 2322 715 2410 quod
736 2345 810 2389 cum
830 2324 892 2390 duo
907 2334 1027 2411 quanta
1046 2334 1268 2413 comparantur

100 2428 189 2493 inter
202 2447 239 2491 sc
256 2427 305 2510 (ut
318 2425 440 2491 scilicet
453 2424 595 2514 ipsorum
608 2428 690 2493 ratio
708 2450 765 2515 per
784 2428 970 2494 artificiosas
985 2428 1145 2515 quaslibet
1159 2451 1269 2515 opera·

99 2530 212 2594 tiones
225 2526 453 2593 Aritbmeticas
475 2526 528 2593 vel
545 2528 764 2595 Geometricas
782 2528 1001 2615 investigetur,
1018 2529 1079 2595 hoc
1092 2539 1150 2610 est,
1165 2531 1267 2596 menti

99 2642 223 2699 nostrae
243 2630 536 2718 comprehensibilis
558 2640 591 2697 et
611 2630 811 2697 aestimabilis
833 2630 993 2715 reddatur)
1018 2653 1082 2697 non
1104 2640 1171 2697 tam
1192 2631 1268 2697 inde

99 2759 193 2803 nova
214 2734 398 2824 procuditur
420 2742 477 2800 aut
498 2734 633 2820 emergit
656 2733 747 2814 ratio,
771 2754 869 2821 quam
892 2733 1004 2801 eadem
1027 2732 1100 2799 aliis
1122 2734 1267 2801 terminis

101 2838 295 2918 exhibetur3
324 2859 384 2903 nec
406 2859 547 2924 uuquam
570 2836 652 2901 ratio
675 2842 892 2922 genus'suum
917 2835 1042 2917 deserit,
1067 2836 1123 2903 sed
1147 2836 1267 2903 diversi

103 2942 232 3031 generis
245 2939 399 3021 terminis,
414 2939 661 3027 simplicioribus
674 2938 899 3027 utplurimum
918 2950 951 3006 et
970 2940 1068 3005 menti
1088 2940 1265 3008 notioribus

104 3044 295 3123 exhibetur;
318 3043 505 3131 plerumque
519 3041 648 3130 quidem
667 3043 751 3126 (cum
765 3041 800 3107 id
813 3041 881 3107 fieri
895 3043 1011 3129 potest)
1028 3041 1177 3123 numeris,
1189 3042 1268 3111 ideo⁴

103 3149 184 3236 quia
197 3147 233 3212 hi
247 3145 393 3234 symbola
400 3155 482 3213 sunt
495 3169 599 3213 rerum
614 3146 771 3213 mensuris
790 3144 832 3211 ad
851 3155 994 3213 nostrum
1013 3156 1141 3234 captum
1162 3145 1266 3213 deter-

103 3249 267 3316 minandis
281 3249 584 3316 accomodatissima.

170 3352 376 3420 Percontanti
396 3376 429 3418 v.
439 3375 471 3438 g.
493 3373 591 3439 quam
612 3350 766 3417 rationem
787 3350 823 3416 in
844 3350 951 3418 valore
980 3351 1032 3418 vel
1061 3352 1096 3417 in
1125 3351 1265 3439 pondere

101 3456 203 3522 babet
218 3454 339 3521 solidus
350 3454 392 3519 ad
406 3454 600 3535 drachmam,
612 3452 668 3540 qni
679 3452 857 3541 respondet,
870 3452 1024 3519 rationem
1032 3452 1129 3517 habet
1139 3452 1264 3517 numeri

103 3571 142 3627 12
158 3560 202 3626 ad
215 3568 248 3640 4,
263 3582 328 3625 non
348 3558 445 3624 aliam
463 3557 610 3646 producit
629 3556 794 3635 rationem,
810 3566 844 3622 at
863 3555 1039 3643 quaesitam·
1050 3554 1183 3643 exponit
1201 3565 1264 3621 ter·

99 3662 200 3731 minis
214 3662 385 3729 numericis
393 3685 403 3742 ;
425 3661 528 3749 etqui
542 3682 635 3749 porro
648 3660 762 3747 quaerit
775 3682 849 3747 quae
863 3658 906 3725 sit
919 3657 1000 3725 ratio
1019 3656 1143 3723 numeri
1165 3662 1202 3721 12
1223 3657 1266 3723 ad

100 3764 386 3852 admirandoque
405 3764 642 3831 antecedentem
665 3772 702 3828 12
722 3786 779 3851 per
797 3771 1040 3850 consequentem
1061 3770 1091 3841 4,
1111 3760 1264 3847 comperit

98 3872 184 3939 hanc
198 3892 270 3936 esse
283 3868 422 3957 triplam,
437 3890 502 3935 non
516 3868 545 3933 is
558 3889 676 3934 novam
689 3867 844 3934 rationem
858 3866 965 3933 educit
984 3874 1039 3931 aut
1057 3862 1214 3944 enunciat,
1230 3870 1263 3929 at

98 3972 297 4065 propositam
312 3971 464 4059 exprimit
477 3970 621 4039 terminis
634 3970 760 4037 facilius
775 3969 980 4051 aestimandis,
996 3967 1057 4035 hoc
1073 3976 1131 4063 est,
1152 3987 1269 4033 nume-.

96 4082 152 4163 ris,
167 4079 277 4165 iisque
295 4075 424 4143 tandem
441 4074 584 4141 minimis
604 4073 740 4141 ternario
760 4095 799 4139 ec
817 4072 949 4140 unitate.
994 4072 1058 4155 Qui
1077 4068 1156 4139 dicit
1177 4070 1261 4137 enim

484 4210 494 4242 ¹
512 4210 547 4259 Ι),
560 4207 658 4271 wallis,
672 4207 778 4259 Arittm.
791 4224 817 4273 p.
831 4205 886 4258 226.

148 4426 252 4483 wallis
268 4426 422 4485 corrected.

151 4512 341 4569 Geometttcol
357 4512 445 4568 ratios
465 4511 651 4569 banuormed
668 4530 716 4569 are
731 4514 781 4569 the
792 4528 874 4569 sama

187 4618 219 4664 B.
233 4616 270 4664 bl.
