3167 5192
313 403 355 467 68
648 419 835 468 inculcans
857 417 1131 465 urrannsrrca'.
1299 397 1410 481 [uuor.
1427 413 1469 459 rr.

312 589 453 677 μαχίαν;
489 614 560 656 cum
591 593 624 655 in
653 591 822 656 verborum
850 589 1018 656 indefinita
1046 587 1278 674 significatione
1306 585 1471 674 potissima

313 717 386 782 pars
403 705 542 761 versetur
557 697 786 763 controversiae.
832 695 945 781 Neque
960 716 1040 780 quas
1060 692 1195 758 subinde
1213 691 1378 779 prolenmt
1395 689 1472 756 defi·

315 797 462 877 nitiones,
492 798 545 863 rel
569 798 796 886 descriptiones
825 798 1062 872 vocabulorum,
1092 797 1144 862 his
1172 795 1262 861 vitiis
1286 795 1473 882 plerumque

314 901 487 967 remedium
503 903 648 982 afferunt,
665 913 697 968 at
712 903 847 990 majores
862 902 949 967 haud
963 924 1033 967 raro
1053 901 1199 966 tenebras
1219 910 1252 965 et
1264 899 1362 963 tricas
1380 897 1473 962 indu·
1563 928 1564 943 κ

315 1014 391 1070 cunt
406 1006 583 1092 quaestioni.
629 1005 716 1085 Quid
736 1007 822 1071 enirn
837 1007 879 1070 ab
893 1005 1049 1092 ejusmodi
1064 1003 1304 1069 definitionibus
1321 1000 1474 1086 affulgeat

315 1109 420 1176 lueis?
463 1112 567 1176 Motus
588 1123 631 1176 est
653 1125 739 1176 actua
762 1113 840 1176 eatis
864 1112 1065 1197 inpotentia,
1088 1123 1240 1196 quamue
1262 1110 1297 1173 t'a
1319 1109 1471 1194 pomerii.

315 1215 436 1281 Demea
459 1229 503 1280 est
527 1229 613 1281 actua
633 1217 809 1304 perspicuis
829 1239 892 1300 qao
915 1215 1088 1301 perspicui.
1143 1212 1264 1277 Anima
1285 1222 1330 1276 est
1352 1209 1474 1275 ἐντελέ-

315 1343 408 1406 χεια;
435 1320 499 1405 (vel
514 1317 703 1406 ἐνδελέχεια,
719 1318 849 1406 perinde
864 1325 912 1382 est
927 1314 968 1380 ad
984 1313 1179 1380 intellectum
1189 1316 1210 1398 ς)
1228 1312 1280 1379 vel
1296 1315 1421 1379 Anima
1434 1326 1474 1377 eat

317 1419 450 1510 ἀριθμὸς
473 1421 585 1488 ἑαυτὸν
606 1425 709 1487 κινῶν.
755 1421 881 1500 QuiBus
908 1443 951 1484 sc.
977 1417 1245 1504 explicationibus
1273 1417 1475 1504 implicamur

316 1527 422 1613 potius
444 1537 476 1592 et
497 1525 728 1605 confundimur,
759 1525 856 1612 quam
882 1523 1080 1588 illustramur
1105 1533 1160 1588 aut
1185 1521 1382 1587 instruimur.
1429 1521 1476 1587 Ut

316 1629 477 1718 plerisque
499 1629 736 1696 definitionibus
757 1627 871 1693 melior
892 1627 935 1690 sit
959 1635 992 1693 et
1017 1626 1059 1691 ad
1080 1649 1175 1691 usum
1200 1626 1397 1691 commodior
1421 1625 1476 1690 illa

316 1755 373 1820 per
384 1734 491 1820 jocum
508 1757 527 1798 a
542 1731 723 1797 Democrito
739 1731 862 1817 prolata
877 1729 1020 1795 delinitio
1035 1730 1188 1809 hominis;
1207 1731 1308 1795 Homo
1328 1743 1374 1795 eat
1395 1730 1478 1818 qaod

317 1861 420 1902 omnes
441 1837 564 1900 eamus.
610 1834 713 1921 Atqui
733 1833 863 1898 demum
886 1855 959 1897 cnm
984 1833 1234 1919 propositionum
1255 1832 1476 1899 demonstran·

318 1936 429 2002 darum
450 1938 582 2001 materia
596 1936 661 2001 sint
674 1935 840 2014 vocabula,
856 1957 960 2000 rerum
976 1936 1017 1999 ab
1031 1934 1138 2001 animo
1152 1946 1374 2023 conceptarum
1389 1961 1476 2024 sym·

317 2040 401 2119 bola,
424 2041 486 2104 nisi
507 2050 590 2104 certo
615 2039 796 2125 significent
815 2039 880 2119 illa,
906 2038 947 2104 de
968 2040 1220 2126 propositionum
1243 2041 1378 2106 veritate
1403 2065 1477 2108 con-

319 2155 401 2209 stare
415 2167 478 2209 non
493 2144 617 2231 poterit.

385 2249 416 2312 3.
463 2247 555 2326 Quod
570 2245 804 2310 Mathematieis
824 2246 902 2312 adeo
923 2246 1089 2334 peculiaris
1110 2247 1152 2311 sit
1166 2247 1390 2315 demonstratio
1405 2271 1476 2338 pro-

319 2349 401 2416 cedit
419 2350 503 2429 inde,
526 2349 611 2438 quod
630 2349 677 2412 illi
697 2348 785 2413 nulla
805 2349 977 2415 adsumunt
994 2362 1048 2414 aut
1070 2351 1221 2415 adhibent
1241 2352 1475 2440 principiave!

319 2454 478 2520 axiomata
500 2475 563 2518 non
584 2451 804 2518 universaliter
824 2474 917 2531 vera3
941 2475 1004 2516 non
1024 2452 1205 2518 inductione
1219 2460 1371 2541 perpetua
1392 2479 1476 2520 com·

319 2560 461 2648 probata,
488 2580 552 2623 non
574 2555 733 2622 communi
755 2556 905 2642 suffragio
931 2579 1086 2636 concessa,
1110 2579 1173 2622 non
1198 2556 1334 2643 denique
1361 2564 1421 2624 sua
1443 2559 1474 2622 ri

319 2663 420 2743 firma,
442 2668 500 2727 sut
519 2659 588 2725 luce
608 2659 784 2746 conspicua,
805 2659 931 2745 penitus
951 2656 1134 2723 αὕτὸπιστα
1154 2657 1208 2724 καὶ
1227 2657 1413 2746 αὐτοφανῆς
1435 2660 1478 2724 ita

320 2764 448 2850 quidem
463 2775 499 2829 ut
513 2785 584 2849 quae
600 2785 641 2826 ex
661 2761 712 2825 his
732 2759 908 2826 inferuntur
922 2761 1137 2827 conclusiones
1151 2761 1308 2828 audientis
1322 2762 1476 2828 rationem

319 2865 493 2930 necessario
513 2865 738 2948 constringant.
785 2861 866 2941 Quis
888 2863 982 2944 enim,
1006 2863 1108 2928 eidem
1129 2865 1221 2929 tertio
1243 2865 1379 2952 aequalia
1401 2865 1476 2931 sibi·

321 2978 386 3032 met
405 2967 484 3052 ipsis
502 2967 679 3051 exaequari;
704 2966 730 3030 si
753 2967 794 3030 ab
816 2965 923 3052 aliqud
944 2966 1163 3053 magnimdine
1185 2967 1401 3048 detrahantur,
1423 2981 1477 3035 ant

321 3068 424 3134 eidem
440 3078 637 3155 apponantur
652 3068 795 3155 aequalia,
815 3069 941 3135 residua
959 3069 1011 3134 vel
1026 3069 1199 3158 composita
1218 3071 1353 3136 suboriri
1372 3095 1477 3160 aequa·

321 3170 383 3250 lia3
407 3181 528 3258 partem
550 3193 570 3233 a
590 3179 656 3235 toto
679 3171 836 3257 superari;
859 3171 972 3258 hisque
992 3171 1128 3257 gemina,
1148 3171 1245 3238 semel
1266 3197 1303 3238 ae
1320 3174 1477 3241 audiverit

320 3294 385 3337 non
400 3269 556 3356 intelliget
575 3270 674 3344 facile,
695 3293 758 3336 non
773 3283 918 3359 prompte
932 3285 1091 3360 agnoscet,
1112 3297 1170 3341 oen
1188 3275 1363 3358 verissima,
1379 3280 1477 3345 notis·

320 3375 411 3455 sima,
429 3373 502 3462 jugi
521 3374 722 3462 experientiae
741 3385 959 3456 consentanea,
979 3375 1100 3441 nullam
1122 3379 1337 3466 exceptionem
1355 3383 1477 3470 patien-

320 3479 375 3560 tia,
392 3478 514 3545 nullam
533 3488 588 3544 aut
603 3479 819 3566 probationem
839 3490 893 3544 aut
908 3478 1149 3546 declarationem
1169 3480 1354 3569 ampliorem
1367 3496 1478 3572 postu·

320 3583 444 3651 lautia?
487 3581 529 3649 In
558 3581 687 3670 reliquis
714 3606 789 3649 vero
815 3583 1001 3671 disciplinis,
1029 3607 1100 3672 quas
1125 3586 1167 3652 ad
1192 3586 1270 3652 alias
1291 3591 1477 3656 astruendas

321 3696 488 3754 sumuntur
503 3696 535 3752 et
548 3687 726 3753 inserviunt
739 3688 952 3774 pronunciata,
973 3688 1024 3754 vel
1038 3689 1212 3777 plerunque
1225 3691 1331 3779 quoad
1349 3695 1477 3761 nniver-

321 3791 477 3858 salitatem
497 3813 586 3857 suam
606 3791 759 3856 infirmari
782 3803 915 3879 possunt
936 3793 1095 3859 instantiis
1117 3796 1298 3875 contrariis3
1328 3807 1361 3862 et
1381 3821 1476 3888 prop-

320 3905 415 3976 terea,
436 3917 477 3960 ne
490 3893 638 3960 salsitatis
653 3906 835 3982 arguantur,
852 3897 1052 3984 exceptiones
1067 3899 1245 3980 nonnullas,
1261 3899 1475 3982 limitationes,

321 4019 378 4063 seu
399 3997 615 4063 distinctiones
636 3997 816 4084 requirunt;
846 3997 898 4064 vel
920 4022 983 4065 non
1005 4000 1215 4067 admittrmtur
1238 4001 1301 4067 nisi
1325 4006 1474 4091 precario,

321 4121 380 4165 nec
394 4099 549 4166 audientis
564 4123 751 4168 consensum
772 4112 971 4188 extorquent,
991 4102 1043 4169 vel
1061 4102 1220 4170 ulterioris
1238 4104 1385 4191 indigent
1404 4131 1474 4174 oon·
1563 4174 1564 4187 ,

373 4369 414 4429 (3)
447 4364 686 4423 Mathematicians
697 4371 817 4440 prooead
834 4388 869 4426 on
889 4371 1004 4427 Axioms
1021 4371 1187 4442 universally
1198 4375 1261 4427 true
1278 4372 1335 4427 and
1352 4372 1473 4428 mambi-

320 4467 462 4594 gmolilliar
486 4537 611 4594 Scienoes
630 4543 680 4594 not
700 4555 739 4594 so,
