3167 5192
86 419 174 469 sacr.
188 404 239 489 x]
411 422 599 474 uncrroars
619 422 894 472 usrnmrrcm.
1172 404 1234 470 161

85 588 235 655 interduo
247 602 377 677 puncta,
396 592 451 658 uel
463 591 545 657 duos
563 614 769 680 quoscunque
787 593 940 657 terminos
955 590 1053 657 medii
1067 590 1147 679 quid
1160 600 1234 658 actu

86 690 161 759 reale
183 714 308 781 semper
329 694 512 775 intercedat,
537 705 572 760 at
595 696 710 762 saltem
733 717 963 782 nonnunquam
976 758 983 765 .
998 696 1044 781 (in
1072 694 1235 783 aliquibus

84 795 210 879 casibus)
231 806 270 862 ut
283 798 379 877 linea,
398 799 590 886 superficies,
610 811 666 865 aut
680 823 794 887 corpus
808 800 908 888 possit
924 798 1125 866 intercedere.
1171 798 1232 867 Sa·

83 896 190 964 tisfacit
213 901 311 966 etiam
337 901 549 988 Physiconrm
576 903 803 991 experimentis
828 915 860 967 et
888 903 1109 991 pbaeuominis,
1139 904 1232 969 vacui

83 1012 197 1067 tautum
217 1003 265 1069 eis
284 1006 440 1092 praebens,
459 1016 616 1092 quantum
634 1006 750 1072 sufficit
770 1004 959 1092 recipiendis
982 1004 1174 1092 corporibus,
1198 1015 1231 1072 et

83 1105 210 1171 motibus
232 1107 303 1173 suis
325 1108 524 1193 peragendis,
550 1132 609 1175 nec
634 1120 742 1173 tamen
765 1107 891 1195 aliquid
915 1107 1097 1173 immiscens
1125 1108 1231 1175 fictitii

83 1209 164 1273 vacui
181 1210 267 1276 veris
280 1212 461 1277 actualibus
474 1212 725 1278 dimensionibus
741 1212 856 1292 induti,
876 1211 969 1299 quale
983 1222 1105 1301 partem
1119 1212 1231 1278 mundi

82 1309 245 1393 dimidiam,
266 1336 497 1404 corporumque
515 1316 708 1405 principium
731 1340 804 1383 cum
824 1316 951 1383 asseclis
973 1316 1040 1382 suis
1058 1317 1231 1383 somniauit

82 1412 238 1501 Epicurus.

137 1516 183 1584 Ut
201 1530 389 1605 praeteream
402 1521 561 1608 quomodo
580 1531 687 1610 pateat
705 1523 791 1604 bine,
812 1522 898 1611 quod
914 1520 1077 1588 immobile
1094 1520 1137 1587 sit
1155 1544 1229 1609 spa-

82 1618 161 1700 tium,
173 1644 277 1710 neque
290 1646 366 1689 cum
380 1625 564 1712 corporibus
578 1635 773 1713 asportetur;
796 1626 872 1714 quia
890 1648 1005 1711 nempe
1024 1648 1096 1692 cum
1114 1646 1228 1711 corpus

82 1746 168 1791 uuum
191 1726 366 1793 alterorum
393 1725 567 1792 confinium
591 1738 647 1793 aut
670 1728 874 1794 interstitium
904 1727 1058 1809 destituit,
1087 1737 1229 1793 remanet

81 1827 275 1896 nibilominus
296 1832 361 1895 ista
373 1830 576 1917 possibilitas,
596 1841 629 1897 et
647 1831 731 1896 nibil
744 1832 820 1897 binc
841 1832 954 1912 obstat,
975 1832 1053 1919 quin
1074 1830 1138 1897 alia
1159 1853 1228 1898 cor·

81 1952 147 2014 pura
158 1954 246 2019 aque
265 1932 386 2029 gicina,
405 1932 523 2020 pariter
540 1932 727 1999 intermedia
745 1933 1028 2000 substituantur'et
1046 1932 1225 2003 succedant.

81 2031 181 2101 Obiter
200 2036 323 2103 adnoto
344 2058 440 2124 quam
461 2036 613 2124 descripsi
634 2036 730 2123 spatii
750 2038 910 2103 notionem
932 2036 991 2117 illi,
1014 2060 1110 2125 quam
1130 2036 1227 2105 tradit

81 2138 116 2206 D.
130 2140 277 2209 Hobbius
293 2142 402 2230 spatii,
421 2143 599 2209 definitioni
617 2166 699 2231 pene
717 2143 820 2209 videri
840 2168 858 2211 e
878 2145 1006 2231 regione
1025 2144 1223 2210 contrariam.
1263 2164 1267 2173 ’

82 2238 213 2329 Spatium
231 2246 261 2311 is
280 2244 407 2325 delinit,
422 2246 615 2312 Pbumcsnra
631 2248 683 2312 rei
697 2248 856 2313 moach
869 2260 1018 2334 qzmteaus
1039 2248 1224 2315 manetis&

80 2344 120 2411 At
137 2347 164 2412 si
184 2350 327 2437 spatium
347 2360 397 2415 est
417 2349 607 2437 phantasma
634 2351 682 2436 (ut
702 2373 778 2417 sane
804 2372 869 2416 non
892 2361 949 2431 est,
980 2349 1036 2415 sed
1065 2351 1223 2438 objectum

80 2448 311 2535 phantasmatis,
330 2452 537 2539 imaginabile
550 2452 639 2541 quid,
658 2476 724 2519 uon
737 2454 809 2542 ipsa
823 2454 1020 2541 imaginatio,
1039 2476 1098 2519 nec
1111 2454 1226 2540 imagi·

80 2553 202 2620 nationis
215 2556 375 2639 effectus),
390 2556 580 2643 phantasma
592 2556 699 2644 potius
715 2557 775 2623 erit
795 2556 841 2623 rei
860 2580 918 2624 ceu
936 2555 1107 2645 possibilis,
1127 2578 1224 2641 quam

81 2668 111 2723 ut
130 2660 307 2728 existentis.
351 2659 478 2747 Quippe
496 2682 569 2725 cum
589 2660 728 2748 spatium
747 2660 952 2747 concipimus,
972 2657 1224 2746 magnitudinem

81 2758 206 2847 aliquam
225 2763 317 2851 poni,
339 2761 393 2828 uel
412 2762 548 2829 existere
569 2784 672 2849 posse,
693 2785 759 2827 non
778 2784 903 2850 semper
921 2770 994 2828 actu
1013 2761 1151 2850 positum
1171 2770 1226 2825 aut

81 2863 206 2931 existens
219 2865 430 2953 concipimus,
450 2874 488 2930 ut
505 2875 579 2930 ante
598 2863 754 2930 mundum
773 2865 946 2945 conditum,
961 2864 1015 2932 vel
1028 2874 1120 2931 extra
1133 2886 1226 2930 mun·

83 2962 148 3031 dum
164 2981 363 3056 presentem,
383 2967 557 3034 secundum
575 2966 735 3056 praedicta
779 2967 875 3048 Quod
889 2978 921 3035 et
934 2968 1035 3056 ipsius
1054 2966 1226 3055 praemissis

82 3070 237 3137 ratiociniis
251 3071 360 3159 magis
374 3072 530 3151 convenit,
551 3094 648 3159 quam
666 3072 736 3159 ejus
754 3071 890 3159 propria,
911 3094 1007 3159 quam
1026 3094 1067 3137 ex
1082 3072 1122 3137 iis
1137 3070 1226 3137 colli·

83 3170 132 3253 git,
142 3172 289 3242 delinitio.
328 3174 415 3239 Nam
430 3174 563 3240 conficto
578 3196 682 3240 rerum
697 3175 840 3241 omnium
853 3175 993 3257 interitu,
1009 3198 1226 3241 remansurum

84 3274 203 3343 affinnat
214 3278 250 3343 in
263 3279 373 3345 animo
388 3277 482 3365 spatii
495 3275 702 3365 phantasma3
725 3278 815 3365 alqui
829 3278 948 3367 fingere
962 3300 1012 3346 res
1027 3300 1136 3345 omnes
1151 3278 1227 3345 sub·

84 3372 161 3458 latas,
175 3392 206 3447 et
217 3382 349 3448 easdem
362 3380 452 3448 velut
465 3381 637 3447 existentes
651 3380 789 3467 cogitare
804 3392 879 3449 sunt
893 3381 1077 3448 ἅσὺστατα·
1096 3380 1227 3446 restabit

84 3481 175 3562 potius
194 3483 277 3551 idaea
298 3506 404 3553 rerum
425 3505 482 3549 ceu
503 3483 714 3570 possibilium.
758 3482 845 3562 Quin
871 3485 940 3572 ipse
963 3482 1095 3549 totidem
1120 3481 1226 3548 verbis

86 3581 130 3662 ait,
154 3586 251 3653 Nenw
268 3589 410 3676 mutium
426 3587 496 3653 idco
515 3610 578 3652 case
597 3586 675 3652 ds'ca’t
695 3586 781 3674 quod
798 3600 980 3675 occupatum
999 3587 1051 3664 sit,
1072 3586 1128 3653 scd
1147 3586 1231 3673 quod

86 3692 217 3775 emma·
224 3692 332 3779 posuit
339 3718 357 3773 ,·
378 3712 487 3756 avero
506 3712 571 3755 non
591 3689 756 3769 abludens,
779 3689 835 3755 sed
854 3714 874 3755 a
893 3690 996 3777 seipso
1016 3688 1224 3756 dissentiens:

87 3789 315 3872 spatium-enim
335 3815 392 3879 per
413 3792 649 3879 occupationem
672 3791 906 3879 quodammodo
929 3790 1039 3858 definit
1061 3813 1130 3861 esse
1154 3815 1226 3879 spa-

87 3888 163 3972 tium,
184 3905 341 3982 quatenus
361 3918 418 3983 per
439 3906 545 3960 actum
570 3895 711 3982 potentia
735 3894 823 3960 velut
845 3894 1042 3981 extinguitur
1067 3903 1100 3960 et
1124 3904 1226 3961 cessat

87 3990 202 4064 ulterius
214 3998 378 4086 possibile,
398 4020 471 4063 cum
490 3996 568 4086 quid
585 3997 653 4084 jam
673 3997 800 4064 existit:
823 4020 882 4063 nec
896 3997 979 4064 male
992 3996 1091 4084 vulgo
1110 3996 1225 4065 dicitur

89 4094 280 4170 insaeculum
293 4104 449 4191 repletum
463 4102 545 4167 nibil
558 4102 683 4168 infundi
697 4125 798 4190 posse,
811 4112 937 4190 propter
951 4102 1104 4169 defectum
1119 4102 1223 4191 spatii.

505 4242 515 4274 ¹
533 4244 593 4307 Cap.
606 4255 654 4291 vn.
671 4242 705 4292 Dc
717 4242 788 4304 Corp.

132 4443 225 4503 lbisis
236 4448 358 4519 opposed
369 4452 399 4504 to
411 4447 534 4504 Hobbes'
546 4448 704 4505 definitiou:
721 4448 807 4517 Slaco
819 4446 843 4502 is
854 4445 904 4502 the
915 4446 995 4516 fancy
1006 4460 1038 4501 or
1049 4443 1139 4515 image
1149 4444 1181 4499 ol
1189 4460 1223 4498 au

90 4528 195 4679 θῐὶδῧιξ
203 4533 604 4683 tllpiugiusofarasoxisting.
1094 4618 1134 4682 21
