3167 5192
347 360 413 427 324
674 378 869 429 demicans
892 378 1166 429 usrnnusorcm.
1323 360 1419 446 [neca
1432 378 1481 429 xx.

414 546 498 615 Cum
520 547 619 635 igitur
639 558 754 636 practer
775 548 960 637 hujusmodi
981 547 1249 628 denominatoms,
1270 546 1368 613 nulla
1386 547 1486 636 possint

349 652 507 740 assignari
528 654 688 719 rationum
709 653 915 742 quantitates,
934 663 967 719 et
988 651 1016 719 si
1038 651 1228 741 simpliciter
1250 650 1369 738 accepti
1388 652 1486 739 possint

348 758 417 822 esse
430 757 608 843 quamlibet
621 756 713 838 varii,
728 780 795 823 non
810 756 870 823 crit
883 756 951 823 ulla
971 754 1128 822 rationum
1144 753 1295 821 absolute
1308 752 1486 820 determinata

347 860 521 948 quantitas.

412 966 461 1032 At
473 965 664 1034 Vincentius
681 969 729 1055 (ut
744 968 827 1052 dixi)
845 968 1012 1034 verborum
1026 974 1064 1032 nt
1082 974 1163 1054 puto
1182 962 1381 1052 quorundam
1398 962 1486 1029 obscu-

348 1069 442 1135 ritate
452 1071 608 1151 turbatus,
620 1069 683 1136 alio
698 1069 829 1136 deflexit
842 1068 919 1135 hoco.
965 1077 995 1134 4.
1018 1067 1238 1148 Quamobrem
1249 1065 1378 1132 adverto
1387 1075 1484 1151 quarto,

340 1173 435 1261 quod
451 1174 694 1241 fundamentum
713 1174 853 1254 unicum,
872 1172 923 1237 cni
942 1171 1097 1253 innititur,
1113 1194 1213 1259 equo
1234 1170 1369 1236 deducta
1385 1168 1486 1233 videtur

348 1286 380 1342 ct
402 1286 496 1342 enata
518 1275 558 1342 de
579 1277 738 1343 rationum
752 1274 985 1364 quantitatibus
1006 1285 1039 1341 et
1059 1274 1242 1339 rationibus
1261 1273 1325 1337 ista
1342 1293 1428 1358 qnam
1444 1290 1486 1355 op·

348 1400 529 1467 pugnamus
550 1377 702 1460 doctina,
725 1388 774 1444 est
796 1379 932 1445 usitatus
954 1378 1015 1442 iste
1036 1376 1189 1464 loquendi
1212 1374 1345 1441 modus:
1367 1373 1413 1440 ha
1431 1372 1485 1438 due

347 1480 585 1567 magnitudines
599 1490 675 1546 sunt
688 1501 778 1568 aequc
797 1479 980 1566 inaequalcs‚
996 1501 1034 1544 ao
1055 1478 1120 1545 illae
1143 1476 1219 1543 dnm
1229 1503 1238 1557 ;
1262 1476 1313 1542 hae
1333 1474 1485 1561 magistet

345 1583 454 1649 minus
478 1582 650 1671 inaequales
672 1593 748 1649 sunt
769 1604 865 1669 quam
887 1582 963 1662 illa,
987 1580 1062 1647 iude
1083 1582 1247 1647 rationum
1269 1578 1446 1668 quantitates
1461 1586 1486 1640 et

340 1686 485 1753 ‘rationes
498 1686 655 1772 colligunt
669 1685 748 1751 dari.
794 1684 831 1752 Si
846 1684 947 1770 major
960 1695 1009 1751 est
1029 1685 1097 1750 haeo
1112 1684 1195 1750 ratic
1211 1683 1281 1763 ills,
1297 1702 1369 1767 ergo
1382 1687 1485 1767 quanta

346 1798 432 1869 sunt,
457 1810 533 1875 ergo
556 1788 711 1854 rationem
734 1788 802 1854 haec
826 1787 924 1855 habet
949 1788 990 1853 ad
1013 1786 1112 1854 illam.
1157 1788 1215 1853 Em
1241 1809 1302 1873 quo
1328 1782 1433 1870 (iuquit
1453 1778 1484 1845 D.

347 1890 510 1974 Hobbius)
535 1891 723 1977 intedigatur
747 1893 899 1957 rationem
925 1904 988 1956 tum
1012 1896 1152 1958 accusas
1174 1914 1274 1979 quum
1295 1887 1419 1976 debut«
1435 1905 1484 1948 Μ

346 1993 551 2079 quantitatem
568 1996 648 2079 (esse
662 2003 814 2078 quantam
829 1993 941 2081 opinor
954 1993 1025 2059 vult
1040 1992 1154 2075 dicere)
1173 1994 1290 2081 quippe
1303 2011 1368 2077 pta
1378 1986 1483 2073 wau'ffil

345 2095 449 2181 mtp'us
462 2108 491 2159 et
504 2097 610 2160 minuo
626 2095 800 2182 (intelligit,
816 2096 918 2177 credo,
935 2118 1006 2183 quac
1022 2097 1124 2183 major
1137 2097 1257 2163 dieitur
1270 2104 1302 2160 ct
1316 2090 1429 2173 minor).
1448 2086 1481 2151 Et

346 2195 542 2277 Vincentius,
559 2196 593 2261 in
607 2198 713 2285 prims
726 2197 994 2265 demonstratione
1009 2198 1083 2265 libri
1103 2198 1143 2265 de
1160 2190 1480 2286 proportionalitatibus

346 2298 565 2382 Geometricis
582 2302 629 2367 sic
642 2311 882 2388 argumentatur
891 2328 900 2384 ;
927 2302 1023 2369 Roas
1040 2314 1085 2368 cst
1104 2316 1216 2369 medua
1234 2300 1372 2389 paudum
1388 2307 1480 2362 mucc-

345 2402 447 2469 denttb
461 2404 507 2469 ud
518 2428 701 2491 musaqueas
715 2405 873 2485 bcds'tuda
890 2405 1058 2472 secandam
1074 2428 1242 2487 memsam,
1263 2416 1292 2470 et
1307 2400 1478 2489 desumat*

345 2506 564 2594 esqualitatem.
609 2508 688 2575 Cam
702 2509 802 2596 spitus·
816 2509 911 2574 onius
924 2508 1059 2574 ratense
1073 2508 1256 2575 antecedam
1269 2506 1366 2594 mapsa
1378 2498 1477 2569 swadet
1532 2562 1533 2568 ,

345 2632 537 2696 wrwcqcem,
560 2609 610 2676 vel
633 2611 672 2676 cb
693 2610 797 2676 ecdem
820 2611 923 2697 mapsa
944 2610 1076 2697 deficiat,
1099 2634 1198 2697 quum
1223 2609 1350 2676 matos
1369 2598 1474 2669 rabat

344 2711 523 2777 camna
541 2736 633 2778 suam
651 2713 777 2779 amedee
797 2736 988 2799 consequeus,
1003 2711 1053 2779 cel
1070 2712 1196 2800 deficiat
1218 2713 1258 2779 ab
1278 2709 1382 2786 eodan,
1395 2699 1474 2769 '’W''

335 2807 455 2891 fastum
469 2822 513 2875 cst
526 2833 624 2875 anam
636 2812 788 2876 ratonem
803 2811 950 2897 mtybrem
964 2811 1149 2879 minoremve
1163 2834 1229 2879 esse
1243 2809 1342 2877 otas
1356 2802 1435 2893 pluat
1449 2807 1474 2861 “l

344 2931 410 2974 aaa
423 2913 583 2995 pracatitce
597 2910 696 2977 alteret
709 2914 811 3001 mjor
824 2914 961 2980 miuarve
975 2926 1028 2979 cst.

411 3010 477 3077 Sed
495 3012 538 3077 sd
555 3012 642 3079 hunc
657 3015 862 3101 plausibilem
883 3016 1060 3083 discursum
1078 3038 1208 3104 repono,
1230 3013 1333 3105 quoad
1352 2998 1472 3095 lauandi

344 3110 495 3179 formulas
512 3136 574 3180 usu
590 3126 732 3204 receptas
752 3119 959 3206 spectandum
979 3142 1056 3200 csse,
1078 3142 1142 3185 non
1162 3121 1242 3207 quid
1263 3118 1355 3187 verba
1373 3114 1470 3181 cowll

344 3224 378 3279 at
392 3213 471 3302 quid
485 3215 649 3303 loquentes
663 3218 859 3307 intelligunt.
904 3220 998 3287 Nihil
1013 3232 1119 3289 autem
1133 3222 1223 3289 aliud
1238 3211 1406 3309 hujusmodi
1417 3228 1471 3271 ver·
1530 3224 1531 3265 l

343 3317 394 3384 bis
409 3318 532 3407 concipi
546 3342 648 3408 posse,
664 3322 742 3389 satis
757 3322 950 3391 declaratum
964 3336 1013 3393 est
1031 3326 1222 3413 nuperrima,
1243 3346 1335 3414 quam
1353 3316 1389 3384 sd
1404 3330 1469 3379 ⁰⁰¹³·

343 3443 440 3487 mune
462 3444 656 3509 consequens
678 3424 815 3491 reductis
837 3436 1028 3514 quantorum
1051 3428 1295 3516 quibuscunque
1315 3415 1468 3490 attentus

343 3524 470 3592 illarum
489 3526 709 3595 antecedentes
730 3552 765 3595 se
786 3530 894 3596 taliter
914 3530 1075 3612 excedere,
1090 3532 1144 3598 vel
1164 3533 1273 3599 taliter
1293 3526 1417 3597 deficere,
1429 3507 1467 3576 Vll

343 3628 471 3696 sibimet
494 3630 665 3717 exaequari.
710 3630 779 3697 Nec
798 3632 893 3713 enim,
917 3644 956 3701 ut
977 3634 1040 3722 ipsi
1063 3656 1190 3701 neccsse
1214 3632 1370 3701 habebunt
1388 3612 1466 3727 fatali,

341 3740 476 3818 possunt
493 3732 652 3812 estimari,
668 3732 720 3799 vel
741 3733 824 3801 inter
845 3756 879 3800 se
899 3736 1072 3823 comparari
1089 3736 1228 3805 rationes
1247 3735 1328 3813 ulla,
1343 3724 1396 3794 niti
1410 3716 1466 3785 ἴδω

342 3835 399 3901 fiat
419 3834 579 3923 reducti03
609 3846 778 3924 postquam
802 3860 876 3904 vcro
898 3839 1098 3923 reducuntur,
1121 3841 1209 3908 haud
1230 3842 1318 3907 aliter
1337 3848 1417 3921 quam
1434 3837 1465 3885 ²¹

342 3939 595 4007 antecedentium
610 3941 777 4009 collatione
791 3942 987 4028 dignoscitur
1001 3952 1056 4011 aut
1071 3944 1291 4011 denominatur
1308 3940 1377 4014 ΜΘ,
1390 3942 1464 4016 quau

342 4042 404 4129 ipsi
425 4044 601 4125 nominant,
616 4044 707 4112 ratio.
752 4045 952 4134 Quapropter
973 4056 1005 4113 et
1027 4070 1069 4114 cx
1092 4049 1232 4137 ipsorum
1253 4054 1351 4115 mente
1370 4056 1401 4103 ³⁰
1418 4044 1462 4093 ¹¹⁸⁰
1527 4128 1528 4133 ἵ

341 4154 494 4210 vocantur
513 4145 734 4213 antecedentes
753 4147 808 4212 isti
827 4148 984 4214 rationum
1005 4150 1258 4219 denominatum.
1300 4144 1379 4229 Etg⁰
1399 4122 1462 4200 nihil

392 4484 524 4540 Gommcn
542 4487 715 4556 expressions
732 4505 780 4544 arc
796 4490 878 4545 locsc.

392 4402 427 4466 (4)
461 4398 579 4456 Notions
596 4400 711 4458 derived
727 4405 799 4459 from
810 4421 942 4463 common
959 4408 1138 4477 expressions

1519 5044 1525 5150 l
