3167 5192
96 398 187 447 usca
204 383 254 467 rx]
435 401 621 451 uucrronss
644 402 919 451 unussunrrcrs.
1213 386 1255 453 89

155 566 201 631 Et
215 566 404 655 hujusmodi
418 568 547 654 quidem
567 570 800 655 argumentatio
820 568 971 656 quaelibet
990 570 1074 658 parit
1089 569 1255 637 scientiam

94 668 133 733 ad
153 669 263 735 minus
289 674 350 735 τοῦ
374 676 434 749 bre,
460 681 669 758 censeturque
693 672 929 753 demonstratio,
958 672 1055 760 (quod
1080 671 1254 739 clarissime

94 774 251 839 convincit
265 774 423 854 animum,
439 784 472 840 et
486 773 683 840 validissime
703 775 869 841 confirmat
888 776 1077 860 veritatem)
1100 775 1156 842 sed
1175 776 1256 841 inte-

93 874 152 940 rior
164 884 198 942 et
211 876 398 962 ignobilior,
414 877 564 963 quoniam
579 900 621 942 ex
635 877 750 943 effectu
764 878 874 944 velex
890 878 993 964 siguo,
1009 901 1074 944 non
1089 902 1130 944 ex
1145 883 1253 959 cause,

93 988 243 1043 monstrat
257 1002 330 1044 rem
348 979 395 1043 ita
409 1002 444 1044 se
457 978 584 1044 habere.
629 976 750 1043 Nullus
771 979 872 1065 igitur
893 980 1053 1046 discursus
1072 977 1253 1046 Mathema-

94 1083 169 1147 ticus
183 1106 248 1147 uon
263 1082 432 1168 hucusque
446 1081 571 1145 scandit
585 1082 796 1168 assurgitque.

152 1183 316 1249 Caeterum
346 1182 433 1270 quod
460 1182 626 1269 posteriori
654 1182 750 1248 modo
779 1193 906 1271 sumpta
933 1184 1084 1272 praedicta
1113 1185 1252 1251 conditio

94 1286 197 1351 multis
216 1287 319 1353 etiam
337 1295 492 1372 congruat
506 1283 743 1350 Mathematicis
762 1286 947 1365 ratiociniis,
969 1287 1029 1352 hoc
1048 1288 1196 1376 estquod
1218 1288 1253 1353 in

94 1387 129 1452 iis
156 1389 349 1477 adsumptus
376 1387 502 1454 medius
531 1388 686 1452 terminus
713 1387 816 1453 instar
840 1388 959 1453 babeat
984 1390 1119 1479 alicujus
1148 1412 1251 1457 causa

94 1504 233 1579 respectu
250 1491 457 1581 proprietatis
476 1491 510 1556 iu
530 1490 732 1557 conclusione
752 1490 894 1579 subjecto
910 1492 1090 1571 attributae3
1113 1494 1251 1581 primum

95 1608 195 1661 auctor
212 1607 263 1663 est
277 1596 374 1661 nobis
393 1594 583 1661 Aristotcles
608 1594 648 1678 (is
669 1617 792 1682 nempe,
816 1594 871 1682 qui
894 1594 976 1660 sicut
997 1594 1164 1681 aliquoties
1186 1596 1253 1663 dic-

94 1706 166 1779 tum,
186 1698 469 1766 demonstrationis
487 1708 634 1763 naturam
654 1698 891 1763 accuratissime
910 1698 1084 1785 perspexit,
1105 1708 1139 1763 et
1157 1698 1251 1764 uber·

95 1801 167 1868 rime
179 1804 397 1891 pertractarit,
418 1812 449 1867 et
463 1802 555 1889 cnjus
574 1801 705 1889 proinde
719 1802 754 1866 in
768 1802 829 1867 hoc
845 1801 974 1887 negotio
989 1801 1160 1867 auctoritas
1180 1801 1251 1889 plu-

96 1905 161 1970 rimi
181 1917 229 1971 est
248 1906 409 1987 facienda)
436 1906 475 1985 is,
501 1906 645 1991 inquam,
676 1905 851 1971 causalium
878 1904 1183 1971 demonstrationum
1208 1926 1250 1970 ex

96 2004 328 2075 llathematicis
350 2007 529 2094 disciplinis
550 2006 698 2094 exempla
726 2007 817 2094 petit,
844 2007 997 2086 omnium,
1023 2030 1095 2093 quis
1120 2007 1247 2095 pmfert,

97 2110 270 2192 clarissima,
293 2109 552 2197 firmissimeque,
573 2109 679 2175 forsan
699 2120 733 2175 et
752 2109 830 2174 sola.
876 2108 916 2174 Ε.
927 2132 959 2195 g.
981 2132 1038 2197 pro
1053 2108 1250 2176 demonstra-

98 2212 186 2279 tionis
202 2238 244 2281 ex
265 2220 366 2280 causa
383 2219 518 2299 utraque
535 2212 693 2278 materiali
710 2222 743 2278 et
762 2212 887 2278 formali
906 2212 1081 2301 desumptae
1100 2214 1249 2301 exemplo

99 2316 216 2383 adducit
236 2316 319 2383 illud
343 2315 464 2383 celebre
485 2315 657 2395 theorema,
683 2337 747 2402 quo
769 2338 814 2381 sc.
838 2316 975 2402 angulus
997 2316 1031 2381 in
1054 2316 1249 2383 semicirculo

100 2430 193 2486 rectus
207 2418 466 2487 demonstratur¹.
511 2417 557 2482 Et
571 2418 688 2485 diserte
707 2417 856 2484 scientias
876 2418 1004 2498 mixtas,
1026 2419 1078 2484 vel
1093 2418 1249 2505 Physico·

100 2522 339 2603 mathematicas,
362 2544 443 2610 quas
463 2532 558 2587 vocat
579 2519 781 2602 αἰσθητικάς,
808 2544 879 2587 cum
906 2521 995 2608 puris
1016 2520 1178 2587 conferens
1204 2524 1250 2587 ita

102 2625 301 2713 proloquitur:
328 2623 490 2691 Ἐνταῦθα
502 2624 567 2710 γὰρ
581 2623 620 2690 τὸ
634 2624 695 2707 μὲν
708 2631 757 2691 ὅτι
771 2627 836 2689 τῶν
852 2622 1050 2704 αἰσθητικῶν
1070 2622 1193 2703 εἰδέναι,
1213 2626 1250 2691 τὸ

102 2724 219 2794 δὲδιὸτι
234 2732 299 2795 τῶν
314 2727 586 2810 Madqparteoiv’.
623 2728 707 2793 Item
721 2750 830 2793 rursus
845 2728 885 2793 de
899 2728 1010 2814 primae
1021 2727 1131 2813 figurae
1149 2727 1249 2814 syllo-

104 2828 203 2913 gismis
216 2833 315 2898 verba
332 2831 471 2909 faciens3
495 2829 544 2895 Αἵ
553 2856 589 2896 τε
607 2830 672 2918 γὰρ
694 2831 823 2917 (inquit)
843 2831 1081 2914 Μαθηματικιιὶ
1095 2834 1160 2897 τῶν
1179 2832 1249 2898 ἐπι-

105 2938 222 3015 στημῶν
235 2934 289 3001 διὰ
303 2934 420 3001 τούτου
437 2933 572 3021 φέρουσι
586 2933 645 3003 τὰς
659 2932 846 3017 ἀποδείξεις,
866 2934 920 2999 καὶ
936 2932 1063 3023 σχεδὸν,
1080 2932 1122 3005 uit
1136 2933 1246 3015 εἰπεῖν,

106 3032 171 3102 ὅσαι
182 3038 236 3105 τὀῧ
249 3038 333 3105 διότι
345 3042 514 3104 ποιοῦνται
527 3036 587 3120 τὴν
600 3036 748 3123 orbitani
794 3036 863 3103 Ubi
878 3037 1160 3104 demonstrationes
1175 3037 1247 3103 Ma-

105 3137 275 3209 thematicas
290 3142 445 3229 supponit
458 3163 528 3206 esse
542 3140 717 3228 prasertim
733 3140 875 3221 dioticas,
892 3164 948 3206 seu
962 3141 1115 3207 causales.

160 3242 282 3325 Vemm,
310 3244 497 3311 auctoritate
518 3243 659 3321 dimisse,
686 3252 723 3307 ut
744 3264 786 3306 ex
808 3242 854 3307 rei
882 3242 1014 3309 veritate
1044 3242 1245 3324 disseramus,

107 3341 333 3415 Mathematicas
354 3346 636 3413 demonstrationes
658 3344 723 3411 lore
752 3368 826 3411 cum
854 3344 965 3432 primis
991 3344 1141 3423 causales,
1172 3345 1247 3411 inde

106 3447 215 3516 ridetur
229 3462 383 3532 constare,
401 3450 487 3539 quod
507 3449 724 3515 conclusiones
741 3470 816 3514 suas
837 3470 902 3513 non
925 3446 1090 3512 adstruant
1107 3446 1245 3528 aliunde,

109 3571 190 3634 quam
202 3577 242 3620 ex
255 3553 471 3643 pronunciatis
484 3552 659 3642 praecipuas
674 3561 706 3617 et
720 3548 974 3638 generalissimas
989 3548 1130 3615 omnium
1146 3572 1248 3636 quan-

110 3652 220 3721 titatum
233 3658 413 3725 affectiones
427 3655 673 3739 exhibentibus3
697 3663 785 3719 etex
800 3649 1039 3718 definitionibus
1060 3649 1246 3737 specialium

112 3760 348 3843 magmitudinum
361 3759 579 3848 generationes
594 3756 827 3829 constitutivas,
838 3764 871 3821 et
886 3753 1071 3821 essentiales
1085 3754 1246 3841 passiones

112 3855 334 3931 declarantibus.
388 3862 487 3930 Unde
515 3884 587 3949 quae
615 3882 657 3925 ex
687 3858 844 3945 ejusmodi
878 3856 1053 3945 praestratis
1081 3856 1246 3946 principiis

114 3977 257 4050 emergrmt
275 3966 514 4055 propositiones,
537 3986 579 4029 ex
600 3961 723 4028 intimis
749 3962 883 4026 istarum
908 3981 1012 4025 rerum
1036 3958 1190 4034 essentiis,
1214 3971 1248 4027 et

115 4066 201 4132 ona
225 4079 407 4158 promaneut
436 4078 568 4156 oportet.
612 4066 659 4131 At
687 4064 787 4131 nimio
817 4062 971 4152 prolixior
995 4062 1055 4129 sim
1081 4072 1114 4129 et
1138 4064 1246 4151 gravis

254 4206 263 4238 ¹
279 4220 310 4257 11.
323 4208 388 4257 Post.
401 4222 455 4271 cap.
472 4220 510 4256 ιι.
835 4200 846 4232 ¹
863 4214 882 4251 1.
896 4202 959 4251 Post.
973 4217 1027 4267 cap.
1044 4216 1080 4265 ¹3·

545 4284 557 4316 ⁸
574 4297 593 4334 1.
606 4284 671 4333 Post.
683 4299 737 4348 cap.
752 4298 789 4343 ¹4·
