3167 5192
119 388 216 441 sacr.
233 375 354 463 avus]
462 393 650 447 samotra
671 395 947 451 aarnnufflcn.
1222 393 1287 462 289

114 583 197 649 quas
213 561 309 631 Plato
326 563 422 631 toties
441 565 601 654 praedicat,
622 589 775 655 equorum
790 590 968 659 canumque
981 570 1126 658 virtutes,
1145 577 1202 645 aed
1223 581 1285 649 hu·

110 688 229 731 manas
242 676 379 748 tantum,
393 677 427 735 et
445 668 505 739 vde
521 668 606 753 μετὰ
624 669 726 753 λθγαν
747 672 931 754 ποιητικάς·
961 673 1080 743 Musici
1099 680 1238 749 rationes
1253 696 1285 752 et

111 766 307 836 diastemata
324 792 391 837 non
410 772 553 838 omnium
567 773 733 861 explicant
746 786 947 863 quantorum,
964 778 1020 845 sed
1039 782 1105 848 τῶν
1123 783 1284 872 φθόγγων,

109 870 177 937 hoc
190 882 251 952 est,
267 895 416 940 sonorum
435 874 596 959 ἐμμελῶν·
611 899 652 944 ne
671 878 774 965 plura,
796 879 974 967 disciplina
994 904 1127 972 quaeque
1144 890 1300 975 partica.

109 972 199 1039 lares
213 974 274 1039 hoc
288 975 352 1042 sibi
363 974 446 1063 juris
461 976 628 1048 adsumere
642 980 756 1060 solent,
776 991 815 1047 nt
835 983 1062 1051 vocabulorum
1083 988 1202 1075 quibus
1225 1015 1283 1059 ex·

107 1073 208 1162 pedit
221 1076 280 1157 nti,
295 1075 434 1143 laxiores
449 1078 593 1166 alioquin
607 1080 807 1167 significatus
822 1083 864 1150 ad
880 1104 971 1149 suam
992 1087 1162 1175 specialem
1181 1093 1283 1162 dedu·

107 1190 199 1260 aaut,
216 1180 257 1246 sd
272 1182 463 1248 substratam
478 1183 542 1249 sibi
556 1182 681 1271 cst-pu
694 1185 848 1274 adaptant
866 1188 1108 1278 astringantquo
1129 1196 1281 1263 terminos

106 1304 200 1364 snos,
216 1295 375 1371 quatenus
396 1298 561 1374 usurpant,
582 1299 714 1355 eatenm
736 1288 894 1357 definiunt
915 1301 971 1357 aut
993 1291 1188 1378 describunt,
1208 1321 1281 1365 cum

105 1386 188 1453 aliis
217 1386 257 1453 de
286 1388 400 1469 causis,
426 1399 496 1455 tum
520 1390 738 1479 perspicuitati
763 1395 937 1481 praesertim
963 1396 1138 1480 studentes,
1163 1400 1220 1467 sed
1249 1412 1281 1468 et

105 1487 317 1575 aliquatenus
341 1491 542 1557 consulentes
567 1492 737 1575 breutati3
768 1516 805 1561 eo
832 1496 954 1563 scilicet
982 1500 1133 1582 vitantes,
1158 1525 1199 1569 ne
1225 1510 1281 1571 aut

105 1593 295 1679 generalem
309 1594 472 1682 quandam
486 1618 507 1660 a
520 1617 579 1663 suo
597 1597 758 1685 proposito
772 1598 916 1664 maxima
933 1622 974 1666 ex
992 1611 1082 1688 parte
1102 1604 1280 1691 sejunctam

104 1695 290 1762 doctrinam
304 1696 434 1764 aliunde
448 1709 603 1786 cogantur
616 1710 765 1788 repetere,
777 1701 832 1767 vel
842 1700 1048 1769 dicendorum
1059 1703 1281 1793 intelligentias

105 1798 344 1865 conducentem
359 1800 605 1889 explicationem
619 1804 773 1870 omittere.

177 1901 276 1982 Quod
295 1902 324 1967 si
342 1902 471 1989 Logicae
493 1903 677 1971 Ramaeanae
696 1906 824 1992 legibus
844 1904 950 1973 minus
968 1907 1010 1975 ad
1029 1910 1182 1977 amussim
1203 1934 1280 1979 con·

107 2016 207 2092 grnat
221 2006 293 2087 hoc,
309 2029 374 2073 non
388 2006 460 2073 ideo
474 2008 608 2074 rationis
622 2008 722 2096 ipsius
737 2009 923 2077 adversatur
942 2010 1086 2095 decretis,
1102 2026 1158 2081 aut
1177 2018 1279 2107 culpae

106 2109 289 2176 obnoxium
303 2119 370 2192 est3
393 2132 469 2175 nam
483 2132 526 2177 ex
540 2110 606 2177 illis
620 2111 674 2178 vel
688 2111 763 2177 aliis
779 2112 1022 2203 quibuscunque
1043 2116 1174 2205 Logicis
1194 2143 1277 2208 prar-

106 2213 240 2303 scriptis
264 2235 359 2299 agere
387 2236 513 2281 summo
536 2214 619 2302 jure,
646 2236 773 2281 summa
797 2238 908 2283 versus
934 2218 1081 2287 authores
1106 2221 1218 2305 bonos,
1245 2235 1278 2292 et

106 2318 197 2406 ipsas
211 2340 325 2385 versus
338 2329 422 2384 artes
436 2317 555 2406 injuria
568 2318 621 2386 sit.
647 2318 736 2399 Quin
751 2318 841 2386 aliud
856 2330 904 2387 est
918 2329 1018 2387 totam
1033 2322 1278 2415 Philosophiam

107 2419 143 2485 iu
157 2442 261 2485 unum
278 2442 392 2508 corpus
411 2418 622 2507 compingere,
639 2417 728 2485 aliud
745 2420 952 2508 particulares
972 2422 1120 2490 scientias
1138 2426 1278 2509 tradem

108 2522 211 2588 isthic
234 2522 311 2588 ordo
331 2543 446 2603 rmum,
474 2532 507 2588 et
528 2521 683 2588 concinna
702 2522 854 2601 brevitas,
880 2522 935 2589 hio
960 2523 1117 2590 dictorum
1140 2526 1277 2609 claritas,

108 2623 259 2703 facilitas,
275 2623 411 2689 firmitas
425 2623 627 2712 potissimum
642 2623 869 2703 attenduntur;
892 2622 1002 2690 ubivis
1017 2624 1148 2691 interest
1163 2626 1278 2695 doctri·

108 2750 186 2791 nam
200 2725 245 2791 ad
258 2724 411 2791 discentis
426 2735 554 2813 captum
569 2724 811 2792 accommodari.
857 2722 922 2792 Sed
936 2724 1033 2791 nimis
1047 2748 1189 2796 excurro.
1263 2810 1265 2813 Ι

173 2829 287 2909 Ροπο,
303 2828 486 2917 responderi
504 2838 613 2917 posset
631 2851 705 2894 cunr
724 2827 899 2909 nonnullis,
915 2828 1002 2917 quod
1021 2828 1058 2896 τὸ
1077 2830 1211 2915 μέγεθος
1230 2834 1277 2901 sic

111 2934 214 3023 accipi
238 2933 350 3023 possit,
376 2941 415 2997 ut
439 2954 534 2998 omne
562 2942 718 3019 quantum
748 2931 903 3019 designet,
926 2956 982 3021 per
1007 2933 1101 3001 istius
1126 2938 1275 3005 vocabuli

110 3037 214 3105 levem
228 3036 391 3125 quandam
406 3044 438 3101 et
453 3035 532 3102 satis
546 3036 713 3123 vulgarem
728 3035 942 3124 αατάχμησιν.
980 3035 1065 3103 Nam
1080 3037 1109 3103 si
1124 3060 1275 3107 numerus

110 3163 196 3229 sape
217 3162 357 3226 magnus
378 3138 504 3220 dicitur,
527 3148 560 3204 et
579 3138 706 3227 pondus
722 3162 886 3225 magnum,
906 3148 939 3205 ct
960 3162 1114 3227 magnum
1135 3151 1273 3230 tempus,

110 3247 225 3334 quidni
245 3268 296 3313 res
317 3246 387 3313 istae
403 3256 560 3334 quatenus
576 3254 705 3333 quantae
724 3244 871 3312 hanun
890 3246 1113 3334 aliquomodo
1134 3250 1254 3333 μεγέθη
1264 3274 1272 3331 ;

110 3360 139 3416 et
154 3351 204 3417 sic
218 3348 420 3416 elementaris
434 3348 578 3416 definitio
594 3348 712 3416 directe
726 3349 803 3414 satis
822 3349 864 3415 ad
882 3350 991 3415 omnia
1009 3360 1130 3437 quanta
1148 3363 1275 3439 perten·

110 3452 230 3519 datur?
273 3452 393 3519 Verum
408 3452 556 3519 Iluclidis
570 3462 681 3519 contra
699 3450 907 3517 Ramaaanam
928 3450 1197 3540 oppugnationem
1219 3454 1274 3519 de·

111 3555 249 3622 iensioni
263 3554 341 3621 satis
356 3554 485 3621 datum:
508 3575 617 3642 pergo.

174 3668 205 3725 3.
251 3658 383 3725 Annoto
398 3657 501 3738 tertio,
516 3679 589 3722 cnm
604 3655 843 3743 magnitudines
857 3654 954 3721 etiam
969 3653 1186 3742 heterogeneac
1200 3679 1273 3744 pos-

112 3762 176 3827 sint
197 3760 308 3849 aliquo
331 3760 427 3827 modo
449 3760 624 3827 secundum
647 3758 771 3846 aliquid
792 3758 876 3824 inter
897 3779 933 3824 se
956 3756 1140 3845 comparari,
1161 3758 1215 3826 vel
1238 3780 1272 3826 se

112 3876 221 3931 mutuo
242 3864 414 3952 respicere3
437 3862 522 3929 linea
542 3861 694 3927 nimirum
716 3859 914 3948 superficiem
929 3860 1086 3948 respiciat,
1108 3870 1141 3927 et
1162 3881 1272 3949 super·

113 3966 197 4034 ficies
212 3988 336 4054 corpus,
350 3974 507 4052 quatenus
521 3962 702 4051 superficies
716 3961 758 4029 ad
773 3962 890 4027 lincam
905 3960 1187 4050 παραβάλλεσθαι
1204 3962 1272 4051 (vo-

700 4168 849 4175 -——--

163 4306 229 4361 'lhis
239 4305 266 4360 is
275 4304 395 4374 enough,
406 4303 546 4359 whatever
558 4303 691 4359 Ramaean
703 4302 788 4372 hogio
800 4318 863 4372 may
875 4317 921 4372 say
932 4306 963 4359 to
974 4303 1005 4358 it.

165 4390 328 4461 Magnitudo
344 4407 407 4461 may
418 4406 498 4446 mean
513 4406 567 4459 any
579 4388 713 4460 quantity.

166 4474 204 4545 (3)
228 4477 357 4533 Relation
370 4477 403 4533 ot
414 4475 592 4547 magnitudes
608 4476 640 4531 of
653 4476 698 4531 tls
713 4491 790 4531 ναανα
804 4473 884 4529 kind.

199 4582 228 4628 B.
242 4582 279 4629 bl.
