3167 5192
288 354 332 424 52
628 372 815 423 moriones
835 371 1110 422 sammon.
1265 356 1375 444 [uror.
1391 371 1449 421 rm

290 545 394 612 velut
409 567 565 610 summam
580 542 720 630 aliquam
740 547 939 628 componant,
954 538 1007 605 vel
1027 550 1065 605 ut
1084 561 1260 620 exmssnm,
1280 561 1337 605 seu
1356 538 1451 604 diffe-

290 648 425 714 rentiam
440 655 696 712 commonstrent.
741 641 791 710 Ut
806 643 840 707 in
855 642 1003 729 exemplo
1017 641 1208 730 praecedenti
1222 641 1379 708 ternarius
1393 641 1451 708 ille

290 749 409 814 lineam
424 749 605 835 exprimens
619 745 834 834 tripalmarem
850 744 975 810 binario
994 744 1112 810 lineam
1132 744 1313 832 bipedalem
1331 767 1451 832 repue-

290 851 439 932 sentanti,
451 873 511 918 nec
524 850 619 938 adjici
634 859 738 938 potest
752 857 788 914 ut
802 847 1013 914 constituatur
1026 870 1152 914 summa
1166 857 1254 914 dseu
1266 848 1451 936 palmorum

291 979 349 1024 seu
362 957 490 1045 pedum,
506 979 564 1022 seu
576 954 747 1042 cujuslibet
760 953 891 1020 alterius
906 974 1071 1034 mensure,
1086 975 1130 1019 ex
1148 953 1282 1019 istorum
1300 976 1453 1020 numero·

290 1083 361 1126 rum
377 1059 609 1147 significatione
623 1057 804 1124 notificatas.
848 1055 918 1121 Nec
933 1055 961 1120 si
975 1055 1169 1122 subducatur
1182 1080 1225 1123 ex
1239 1055 1296 1123 illo
1310 1057 1453 1124 ternario

289 1163 433 1230 binarius
452 1162 515 1244 hic,
538 1172 679 1248 emerget
700 1158 823 1247 quasvis
843 1157 996 1246 explicita
1016 1159 1205 1239 differentia,
1224 1159 1277 1225 rel
1297 1181 1453 1226 excessus

290 1264 520 1352 dignoscibilis.
565 1261 749 1350 Pariterque
764 1260 792 1327 si
807 1271 871 1327 tres
886 1260 997 1346 anguli
1013 1273 1149 1347 quatuor
1161 1262 1256 1328 rectis
1276 1261 1373 1328 lineis
1393 1261 1453 1327 ad·

286 1370 472 1456 jungantur,
493 1367 583 1434 nulla
602 1389 726 1432 summa
745 1365 950 1432 conflabitur:
981 1364 1059 1444 Aut,
1076 1365 1104 1430 si
1121 1365 1276 1432 ternarius
1294 1388 1453 1452 equorum

290 1495 333 1536 ex
348 1471 532 1557 angelorum
547 1469 691 1558 quinario
707 1468 899 1548 detrahatur,
914 1466 1005 1532 nulla
1018 1467 1183 1534 resultabit
1197 1467 1386 1536 differentia.

357 1571 455 1639 Unde
483 1572 628 1660 provenit
663 1571 762 1656 igitur
796 1569 906 1654 (dices)
937 1591 1140 1635 numerorum
1168 1581 1270 1637 certos
1299 1570 1342 1636 ad
1370 1593 1453 1637 usus

292 1675 535 1742 determinatio?
577 1671 671 1754 Quod
686 1672 747 1760 ipsi
763 1671 926 1738 definitam
940 1671 1076 1737 innuant
1089 1672 1253 1754 rationem,
1268 1673 1357 1759 quod
1370 1675 1453 1740 sibi·

294 1769 456 1844 met'addi
481 1776 603 1843 soleant
625 1783 657 1840 et
680 1773 838 1841 subduci?
881 1772 1082 1862 Respondeo,
1105 1774 1192 1862 quod
1214 1775 1283 1841 haec
1307 1778 1452 1843 numeris

294 1881 429 1948 subinde
444 1880 643 1960 conveniant,
653 1901 696 1944 ex
709 1901 815 1944 rerum
824 1877 942 1964 quibus
956 1877 1171 1944 attribuuntur
1180 1879 1360 1946 conditione
1374 1882 1453 1946 sub-

294 1981 379 2050 oriri.
424 1981 549 2070 Nempe
570 1981 599 2048 si
617 2003 667 2048 res
690 1981 809 2066 quibus
829 1980 892 2067 ipsi
910 1979 1100 2046 denotandis
1123 1981 1311 2062 inserviunt,
1337 1982 1452 2049 homo·

292 2109 402 2173 ganeoe
417 2085 482 2151 sint
495 2095 527 2152 et
541 2083 754 2172 cognomines,
770 2094 803 2150 et
817 2093 982 2172 propterea
995 2095 1185 2172 comparatae
1205 2095 1348 2151 mutuam
1366 2087 1453 2153 inter
1574 2082 1578 2131 ἕ

293 2213 328 2256 se
342 2190 575 2277 proportionem
590 2188 737 2268 habeant,
753 2185 894 2274 adeoque
914 2187 1017 2274 possit
1036 2209 1101 2252 nna
1121 2187 1252 2254 alterius
1272 2188 1453 2276 adjectione

294 2292 415 2378 augeri,
434 2290 487 2356 vel
506 2289 716 2356 abstractione
734 2286 882 2368 diminui,
902 2299 971 2354 tum
990 2289 1076 2376 ipsas
1093 2287 1372 2357 denominantibns
1387 2314 1453 2358 nu·

292 2393 389 2462 meris
408 2415 467 2460 sua
485 2392 671 2481 impertiunt
690 2391 852 2466 attributa,
872 2390 1000 2458 easdem
1020 2393 1246 2481 proportiones,
1261 2393 1380 2458 similia
1398 2393 1454 2459 in-

235 2518 240 2525 ·
293 2507 453 2566 crementa
466 2496 518 2563 vel
533 2497 741 2563 decrementa.
778 2494 828 2562 Ut
841 2495 991 2582 quoniam
1006 2495 1092 2561 linea
1105 2496 1263 2584 bipedalis
1276 2519 1348 2562 cum
1363 2495 1454 2562 linea

293 2601 440 2690 tripedali
468 2621 676 2687 congenerem
704 2607 861 2678 naturam,
891 2597 1039 2684 idemque
1067 2620 1185 2664 nomeu
1215 2598 1346 2677 obtinet,
1376 2597 1453 2666 ideo

293 2706 446 2786 binarius,
462 2726 524 2791 quo
544 2702 763 2770 denominatur
782 2711 815 2766 et
834 2700 1031 2787 significatur
1048 2700 1115 2782 illa,
1133 2700 1175 2768 ad
1191 2701 1366 2767 ternarium
1383 2724 1452 2788 quo

295 2807 516 2873 denominatur
529 2804 607 2885 haec,
623 2813 741 2869 certam
755 2803 862 2868 innuit
879 2803 1113 2890 proportionem
1129 2803 1452 2892 subsesquialteram3

295 2907 428 2974 eandem
457 2905 577 2970 scilicet
602 2927 697 2992 quam
726 2905 847 2972 habent
875 2905 953 2993 ipsae
982 2906 1083 2987 linea,
1113 2927 1194 2993 quas
1222 2906 1453 2990 denominant;

295 3021 390 3096 atque
418 3006 535 3073 idcirco
562 3007 705 3074 binarius
731 3007 786 3074 ille
815 3007 891 3074 huic
915 3009 1079 3096 appositus
1105 3007 1241 3076 ternario
1266 3009 1452 3097 quinarium

292 3110 388 3178 efficit
409 3108 535 3197 (quinos
554 3131 667 3196 nempe
686 3110 793 3196 pedes)
817 3120 851 3176 et
872 3110 928 3177 ille
949 3111 1130 3178 subtractus
1151 3111 1193 3177 ab
1214 3111 1275 3178 hoc
1295 3111 1453 3199 relinquit

294 3213 459 3293 unitatem,
475 3235 531 3299 pro
546 3233 677 3278 excessu
696 3212 749 3278 vel
765 3212 952 3282 differentia
997 3214 1183 3301 Etdemque
1202 3214 1300 3282 ferme
1315 3215 1452 3297 ratione,

295 3337 490 3404 quaecunque
504 3315 643 3381 numeris
659 3315 743 3404 apud
753 3316 982 3388 Arithmeticas
993 3317 1161 3384 convenire
1171 3318 1343 3405 probantur
1357 3320 1452 3386 attri-

295 3420 391 3501 butus,
407 3417 545 3484 numeris
560 3416 617 3482 illa
630 3440 694 3484 non
712 3429 777 3484 tam
798 3419 965 3485 abstractis
987 3430 1020 3485 et
1041 3443 1083 3486 ex
1105 3443 1149 3502 se,
1165 3443 1262 3508 quam
1283 3422 1451 3503 concretis,

294 3536 327 3591 et
341 3533 467 3613 propter
481 3543 595 3603 rernm,
611 3522 728 3609 quibus
743 3522 969 3609 attribuuntur,
985 3517 1197 3590 conditionem
1211 3524 1417 3592 conueniunt.

360 3627 453 3709 Quod
477 3626 576 3714 igitur
601 3626 731 3714 quidam
756 3625 842 3713 apud
870 3648 929 3693 nos
955 3627 1166 3709 doctissimus,
1194 3639 1226 3694 et
1249 3627 1364 3695 merito
1388 3651 1451 3696 suo

294 3733 513 3801 celeberrimus
529 3731 774 3804 Mathematicus
789 3729 1005 3798 Geometriam
1018 3733 1131 3799 asserit
1139 3732 1358 3799 Arithmeticas
1369 3755 1451 3820 qna·

294 3839 323 3904 si
347 3836 595 3915 subordinatum,
619 3843 650 3899 et
675 3833 902 3901 Arithmetioes
925 3835 1117 3902 universalia
1138 3837 1234 3903 effata
1258 3837 1354 3902 rebus
1379 3837 1449 3905 suis

294 3942 470 4029 applicare;
500 3941 577 4006 item
606 3961 655 4004 res
683 3937 912 4005 Arithmeticas
936 3939 1063 4008 altiores
1091 3963 1170 4022 esse,
1194 3941 1362 4029 magisque
1390 3943 1449 4010 ab·

295 4053 418 4110 snactae
438 4053 568 4122 nannae,
590 4063 686 4129 quam
706 4039 933 4123 Geometricas,
957 4041 1017 4108 htc
1035 4043 1237 4131 potissimum
1251 4043 1373 4110 ratione
1387 4043 1449 4112 fre·

666 4185 675 4220 ²
694 4185 727 4238 o.
740 4186 838 4249 wana,
852 4186 956 4240 rreum.
968 4205 1026 4254 pag.
1038 4187 1080 4255 69.

343 4385 379 4439 So
394 4383 418 4437 il
432 4399 485 4454 you
501 4382 557 4438 add
577 4382 658 4440 three
677 4383 772 4454 angles
791 4389 822 4441 to
840 4386 902 4442 four
920 4387 1042 4457 straight
1059 4384 1145 4456 linem
1167 4405 1200 4443 or
1219 4388 1347 4446 subtract
1364 4387 1448 4445 three

289 4472 384 4528 horres
396 4469 466 4524 from
478 4468 540 4524 tour
551 4470 655 4540 anguls,
669 4471 749 4526 thare
760 4472 815 4527 will
827 4472 863 4527 be
875 4487 911 4528 no
922 4489 984 4528 sum
996 4490 1029 4528 or
1040 4473 1196 4530 dlffmca
