3167 5192
102 389 190 438 aser.
206 371 255 457 a]
444 389 632 440 uacrrouns
653 390 797 442 orrrca.
1109 375 1152 440 63

96 566 196 632 taliter
221 567 257 631 in
277 566 457 634 reflectione
478 589 512 632 se
534 591 601 633 rem
623 567 739 633 habere
761 565 941 655 perspexit3
965 565 1017 631 cui
1040 563 1154 631 similis

96 692 187 734 causa
200 670 236 734 ni
250 669 344 736 fallor
358 670 532 750 Euclidem,
551 670 759 750 Allczeuum,
781 671 941 736 Stevinum
960 671 1154 755 (quanquam

96 770 178 857 ipsos
203 771 238 836 in
265 773 427 838 diversum
453 774 575 856 euntes)
599 772 776 860 horumque
798 795 957 859 sequaces,
979 772 1014 836 in
1043 771 1156 858 Colop-

97 874 190 953 trica'e,
206 873 242 938 in
257 896 391 939 errorem
407 875 491 958 egit3
515 883 609 960 prout
628 897 689 940 usu
707 898 773 938 non
795 896 865 939 raro
884 873 973 938 venit
991 871 1156 957 auclopiae

95 976 179 1041 laud
191 977 438 1064 bercefimdctca,
454 976 701 1065 indistincteque
716 987 881 1064 perceptas
895 974 1081 1041 mortalibus
1096 975 1156 1038 irn-

95 1101 228 1165 ponere;
270 1081 327 1146 aed
362 1090 523 1167 utcunque
551 1080 643 1167 quod'
666 1081 735 1146 dixi
766 1080 869 1167 magis
903 1080 965 1144 ista
999 1076 1157 1145 sententia

96 1183 244 1249 abhorret
259 1207 279 1248 a
292 1184 413 1248 ratione
423 1185 444 1268 ;)
468 1183 577 1248 nullus
592 1183 677 1248 enim
692 1184 726 1248 in
744 1183 847 1270 primo
863 1205 938 1246 casu
952 1180 1156 1246 refractorum

94 1305 264 1350 concursus
286 1284 323 1348 fit
345 1285 427 1349 infra
449 1283 602 1370 angulum
624 1285 736 1364 ABF;
765 1283 874 1348 nullus
896 1293 987 1348 extra
1008 1282 1099 1347 illum
1122 1282 1157 1346 in

94 1388 253 1469 secundo;
283 1389 479 1475 proindeque
504 1388 617 1454 fortius
643 1388 726 1452 hanc
751 1409 823 1475 quaa
848 1387 1032 1474 objecimus,
1060 1409 1157 1473 quam

97 1491 233 1576 priorem
251 1492 412 1558 Alluaeai
428 1492 604 1579 percellunt
621 1493 829 1572 sententiam
853 1492 936 1557 addo
955 1491 1040 1578 quod
1060 1490 1156 1556 simul

95 1602 241 1679 utraque,
271 1593 326 1658 sed
354 1595 529 1681 prasertim
559 1593 638 1673 haec,
663 1593 836 1681 multiplici
858 1592 1033 1678 refragatur
1059 1615 1157 1678 expe-

95 1693 229 1776 rientiae,
239 1696 472 1784 multiplicique
486 1697 661 1763 ratiocinio.
691 1697 815 1761 Pariter
829 1697 914 1761 enim
930 1718 963 1761 se
978 1717 1027 1760 res
1041 1694 1158 1760 habere

94 1795 204 1863 debuit
229 1798 263 1863 in
292 1799 488 1887 Gawptricm,
508 1808 597 1866 utet
619 1801 653 1864 in
675 1801 851 1888 Dioptricab
872 1797 1081 1897 circularibus
1086 1825 1102 1880 ,·
1125 1797 1159 1862 id

94 1901 179 1985 quod
191 1901 372 1983 manifeste,
388 1903 546 1990 longeque
561 1926 651 1970 secus
665 1913 731 1970 tam
747 1903 788 1968 ab
804 1902 1009 1991 experientia,
1028 1924 1124 1989 quam
1140 1925 1159 1967 a

94 2004 219 2072 ratione
245 2018 439 2093 compertum
465 2017 531 2089 est;
562 2009 641 2094 quin
670 2008 753 2074 hanc
778 2007 906 2074 abunde
935 2007 1093 2073 subvertit
1122 2030 1159 2072 ac

95 2129 225 2193 pessum
241 2109 297 2175 dat
310 2111 397 2197 quod
411 2134 507 2199 supra
520 2113 740 2199 proposuimus
755 2111 1018 2198 experimentum,
1038 2109 1160 2176 nemini

95 2234 159 2277 non
178 2214 330 2296 obrium3
354 2214 440 2301 quod
458 2239 573 2303 nempe
592 2225 746 2302 punctum
761 2214 805 2294 A,
831 2215 921 2280 oculo
942 2216 976 2280 in
996 2216 1065 2302 ipso
1088 2239 1160 2302 per·

94 2314 295 2399 pendiculari
319 2316 388 2380 AB
410 2317 592 2395 constituto,
623 2317 745 2381 nonin
770 2338 828 2381 suo
850 2316 919 2381 loco
945 2316 1043 2402 (quod
1061 2317 1160 2402 juxta

95 2416 216 2484 dictam
236 2419 424 2484 sententiam
444 2419 595 2506 oportuit)
619 2429 669 2483 ast
687 2441 745 2504 pro
767 2418 945 2484 mediorum
964 2418 1159 2494 diversitate,

98 2521 266 2610 (perquam
282 2521 425 2587 sensibili
441 2520 621 2603 intervallo)
640 2519 767 2584 citerius
782 2519 993 2606 adspectatur,
1010 2530 1065 2583 aut
1079 2518 1173 2597 ulte-k

93 2625 174 2691 rius.
222 2624 288 2690 Sed
309 2625 439 2688 effatum
462 2625 522 2689 hoc
544 2634 686 2688 nostrum
712 2623 816 2709 (eique
838 2622 943 2709 quoad
963 2622 1101 2709 reliquos
1128 2623 1163 2687 in

94 2725 304 2811 Oatoptricis,
331 2724 567 2812 Dioptricisque
594 2748 685 2790 casua
711 2725 833 2791 similes
859 2725 1008 2807 consona)
1036 2727 1163 2792 tametsi

94 2827 269 2908 novitium,
291 2840 323 2894 et
337 2829 428 2894 nulla
442 2829 527 2916 quod
546 2829 643 2894 sciam
658 2827 812 2894 hactenus
830 2828 1016 2894 auctoritate
1035 2829 1162 2912 fultum,

97 2956 179 3000 cnm.
188 2933 295 2998 forsan
309 2934 491 3020 expositum
506 2933 687 3013 dilucidius,
708 2945 777 2999 tum
797 2933 995 3020 penitissime
1014 2934 1163 3000 dabimus

98 3039 332 3117 confirmatum,
355 3038 384 3102 si
404 3038 531 3124 quando
550 3061 609 3104 nos
625 3038 664 3104 de
684 3039 863 3124 imaginum
884 3043 1006 3118 natura,
1030 3040 1163 3127 locoque

100 3142 266 3228 speciatim
296 3142 436 3208 evenerit
467 3141 643 3209 dissertare.
688 3142 774 3208 Mihi
803 3141 918 3208 saltem
943 3144 1070 3210 videtur
1095 3145 1164 3211 haec

102 3241 245 3310 Scieutia
268 3245 373 3331 quoad
397 3245 480 3311 hanc
506 3256 627 3333 partem
653 3268 755 3325 suam,
778 3255 862 3312 certe
888 3245 1077 3334 palmariam
1103 3247 1163 3330 (uti

101 3346 256 3432 reperitur
273 3347 427 3413 hacteuus
445 3348 589 3431 tractata)
607 3369 760 3434 perquam
774 3345 899 3425 mutila,
923 3370 963 3412 ne
982 3347 1086 3413 dicam
1107 3349 1163 3413 ad·

101 3447 233 3513 modum
247 3448 364 3514 vitiosa
372 3473 381 3529 ;
397 3472 455 3514 nec
469 3449 532 3514 alio
547 3449 611 3514 lere
626 3447 826 3514 collimamus
841 3471 936 3535 quam
951 3460 988 3515 ut
1003 3450 1164 3536 aliquous-

103 3571 164 3636 que
180 3551 385 3638 suppleamus
399 3574 481 3631 eam,
497 3574 533 3616 ac
547 3572 705 3616 sanemus.

169 3755 289 3824 XXII.
334 3755 486 3822 Proxime
495 3755 589 3822 dictis
600 3755 826 3823 confirmandis
836 3756 985 3824 idoneum
997 3757 1083 3824 haud
1093 3759 1163 3824 ille·
1177 3767 1232 3832 Εἰς.
1246 3766 1286 3830 ⁶3·

104 3859 215 3944 pidum
230 3859 481 3946 experimentum
497 3859 728 3924 interseremus.
766 3860 889 3947 Aqueae
906 3859 1091 3948 Superficiei
1105 3863 1169 3928 Rs

108 3962 292 4048 (stagnanti,
312 3971 345 4028 et
368 3962 518 4045 immota)
545 3961 679 4050 desuper
705 3961 870 4028 immineat
893 3964 1051 4050 objectum
1073 3965 1162 4044 H&

105 4063 173 4150 ejus
199 4073 305 4129 autem
330 4075 484 4153 punctum
516 4065 662 4130 Gradat
686 4066 948 4153 perpendiculum
974 4067 1041 4131 EF
1063 4067 1165 4151 (filum

105 4177 183 4251 puta
207 4167 389 4247 candidum,
413 4178 468 4234 aut
494 4169 609 4255 stylus,
637 4169 689 4235 oui
710 4170 881 4257 plumbum
903 4171 939 4235 F
958 4170 1162 4262 appenditur)

105 4268 267 4335 videbitur
292 4269 400 4357 itaque
421 4280 575 4357 punctum
603 4272 634 4338 θ
658 4271 761 4358 (oculo
790 4272 829 4357 0)
859 4295 900 4338 ex
926 4272 1103 4340 reflectione
1132 4274 1167 4340 in

107 4371 178 4459 ipsa
210 4373 465 4461 perpendiculari
501 4373 565 4439 GB
597 4374 686 4440 velut
720 4373 762 4440 ad
796 4401 837 4458 ‘73
881 4385 914 4442 at
949 4376 1167 4464 perpendiculi

108 4486 264 4562 punctum
285 4478 320 4542 F
340 4476 525 4564 (admodum
542 4477 678 4543 notabili
698 4477 863 4564 distantia)
889 4478 942 4565 [ex
963 4479 1165 4568 refractione]
