3167 5192
319 384 384 450 322
660 397 847 449 nnorronns
868 396 1142 449 nnrnnnsrron.
1292 382 1393 469 [naon.
1407 402 1463 451 xx.

321 568 495 657 comparari
516 576 650 656 possunt
671 576 727 633 aut
748 566 908 646 aestimari,
931 566 994 633 nisi
1014 566 1104 655 prius
1126 565 1168 632 ad
1188 588 1355 633 commune
1375 590 1466 655 genua

321 670 452 760 aliquod
464 680 660 737 revocentur.
704 669 926 757 Proponantur
940 692 967 734 e.
977 690 1010 755 g.
1026 669 1089 734 duo
1105 668 1246 756 pondera
1263 679 1297 735 et
1315 669 1376 735 dno
1394 680 1467 735 tern-

321 797 408 863 pore,
434 795 581 861 quaenem
607 773 649 839 sit
673 773 775 859 major
799 772 880 837 ratio
905 771 1040 837 duorum
1068 772 1201 837 istorum
1226 771 1407 859 pondemm,
1431 796 1466 837 an

320 877 469 945 binorum
489 888 676 964 temporum
691 876 895 963 dignoscatur
911 874 1129 962 aliquatenus3
1152 896 1212 941 neo
1225 874 1289 940 alio
1303 875 1367 941 fere
1380 898 1467 963 qnam

321 981 505 1069 hoc'pacto.
527 980 748 1045 ·Adsnrnatur
769 977 900 1065 aliquod
919 987 1086 1065 quantum,
1108 978 1249 1064 cujusvis
1271 979 1394 1064 meris
1417 1000 1468 1066 pro

321 1084 427 1150 lubitu
442 1092 515 1149 tuo:
539 1082 610 1169 (sed
627 1080 1075 1169 commodissimeplerunque
1094 1090 1220 1169 proptor
1237 1104 1393 1147 summam
1412 1102 1469 1147 reo·

322 1198 426 1253 tarum
441 1187 594 1253 linearum
609 1185 854 1273 simplicitatem,
871 1194 903 1250 et
917 1184 1123 1272 capacitatem
1142 1184 1357 1273 exprimendas
1373 1187 1469 1273 cujus·

322 1290 373 1356 vis
394 1290 534 1370 rationis,
558 1289 741 1357 adsumetur
762 1298 849 1353 reeta
870 1286 955 1353 linea
964 1290 986 1372 ε)
1015 1288 1207 1368 adsumatur,
1230 1288 1371 1376 inquam,
1393 1298 1469 1355 reeta

322 1392 444 1481 quaevis
457 1392 550 1473 linea,
562 1392 649 1480 quod
662 1392 691 1457 si
704 1392 773 1459 fieri
783 1392 885 1480 possit
898 1402 936 1458 ut
949 1390 1087 1481 primum
1101 1391 1225 1480 pondus
1239 1392 1281 1457 ad
1295 1392 1469 1471 secundum,

321 1494 368 1561 ita
381 1494 466 1561 linea
479 1495 601 1583 quavis
615 1494 657 1561 ad
671 1494 787 1560 lineam
802 1502 980 1582 acceptam
1002 1494 1080 1559 item
1093 1503 1131 1559 ut
1144 1493 1283 1581 primum
1298 1503 1422 1583 tempus
1435 1495 1470 1559 ed

323 1598 505 1680 secundum,
520 1598 566 1664 ita
580 1598 726 1685 quaedam
739 1597 826 1662 linea
839 1596 882 1662 ad
896 1596 1028 1663 eandem
1043 1596 1155 1662 itidem
1169 1606 1385 1684 assumptam,
1408 1608 1469 1663 tum

322 1700 405 1766 sicut
419 1723 454 1767 se
468 1700 565 1766 habet
578 1700 664 1787 prior
677 1700 763 1784 linea
780 1698 827 1763 sic
846 1698 977 1764 inventa
997 1698 1038 1763 ad
1057 1698 1226 1764 secundam
1246 1700 1293 1765 ita
1311 1712 1469 1787 repertam,

322 1802 428 1868 taliter
441 1801 558 1868 habere
572 1823 607 1867 so
621 1801 743 1866 dicetur
756 1798 837 1866 ratio
853 1799 1029 1888 ponderum
1046 1800 1089 1865 ad
1107 1802 1262 1867 rationem
1281 1811 1470 1891 temporum

320 1900 452 1977 dicetur,
474 1903 615 1989 inquam,
637 1901 754 1968 idcirco
774 1902 851 1989 qnia
872 1902 966 1969 dictas
987 1902 1079 1968 lineae
1099 1902 1206 1969 taliter
1227 1926 1261 1971 se
1282 1904 1413 1987 habent,
1434 1904 1471 1971 ab

319 2003 460 2091 ipsarum
474 2003 596 2069 ratione
610 2002 899 2070 denominationem
913 2003 997 2070 bano
1010 2004 1193 2071 mutuando.

379 2102 498 2171 Posset
512 2103 765 2171 commodissime
779 2105 848 2171 loco
862 2104 956 2171 linea
969 2126 1119 2171 numeros
1136 2104 1273 2185 adsumi,
1288 2106 1384 2175 modo
1402 2130 1469 2175 oon·

320 2216 384 2274 stet
403 2207 581 2296 propositas
602 2206 740 2273 rationes
761 2207 936 2295 ponderum
957 2218 989 2273 et
1012 2218 1189 2295 temporum
1212 2209 1351 2275 numenio
1371 2212 1469 2299 expli-

320 2312 438 2379 cabiles
451 2312 534 2392 fore3
558 2319 592 2375 at
606 2310 634 2376 si
648 2332 714 2375 nou
733 2319 865 2391 constet,
882 2320 937 2375 aut
954 2310 1037 2399 quod
1059 2310 1222 2377 multoties
1242 2314 1355 2393 evcnit,
1370 2316 1469 2402 reipst

319 2440 385 2485 non
413 2416 578 2501 contingat
606 2414 675 2494 hoc,
700 2436 851 2479 numerus
876 2412 918 2479 ad
943 2414 1027 2479 hanc
1056 2412 1229 2501 miyxpww
1257 2415 1388 2504 ineptior
1411 2427 1466 2484 ast.

320 2520 417 2590 Unde
442 2518 548 2584 minus
570 2526 664 2597 recte,
686 2516 774 2604 quod
799 2516 903 2583 obiter
924 2516 1068 2597 adnoto1,
1087 2517 1139 2582 vir
1159 2518 1306 2599 eximius,
1327 2518 1361 2583 in
1380 2540 1466 2607 opere

319 2621 531 2689 Arithmetico
545 2617 686 2685 numeris
700 2616 850 2684 omnibus
865 2617 1020 2698 absoluto,
1030 2619 1255 2707 pronuncitaso
1268 2619 1396 2687 videtur
1407 2644 1465 2687 onr-

319 2748 377 2793 nes
401 2726 538 2791 rationes
564 2722 700 2787 existere
724 2719 760 2784 in
783 2742 898 2806 genere
920 2743 1105 2788 numeroso:
1136 2722 1228 2810 quasi
1254 2744 1330 2789 vero
1353 2724 1465 2811 reliqua

319 2838 447 2917 quanta,
470 2847 672 2891 numerorum
695 2823 783 2889 omni
806 2823 1054 2891 consideratione
1078 2825 1210 2906 seclusi,
1233 2824 1389 2893 rationem
1409 2850 1465 2893 non

318 2930 506 3008 obtinerent,
518 2951 652 3016 eamque
666 2928 744 2993 satis
758 2928 932 2994 notabilem
943 2936 1038 3015 atque
1047 2929 1270 2995 baombilem?
1312 2930 1465 3011 Quamob-

317 3054 384 3098 rem
418 3030 592 3117 praesertim
621 3030 664 3096 sit
691 3030 847 3117 ejusmodi
876 3031 967 3112 ratio,
997 3032 1092 3098 modo
1120 3032 1264 3120 quolibet
1294 3034 1329 3100 in
1358 3058 1463 3123 genere

316 3153 492 3213 numeroso,
507 3153 579 3218 quse
593 3154 665 3198 cum
681 3133 781 3220 possit
795 3132 867 3199 aliis
884 3134 1027 3201 terminis
1041 3134 1196 3218 exhiberi,
1211 3138 1353 3207 numeris
1367 3150 1462 3206 umen

317 3236 499 3305 nullatenus
514 3236 650 3324 exprimi
664 3236 788 3324 possit?

383 3340 432 3409 Ut
446 3350 479 3407 et
492 3339 578 3428 quod
591 3362 634 3406 ox
648 3338 723 3405 hinc
736 3338 841 3421 infert,
859 3340 1002 3407 veritmis
1016 3364 1130 3430 expers
1144 3344 1281 3426 ridetur,
1292 3347 1463 3414 universam

316 3467 430 3534 nempe
444 3444 602 3510 rationum
613 3442 797 3523 doctrinam,
810 3442 1029 3511 Arithmetioae
1039 3447 1252 3535 potiusquam
1264 3448 1462 3519 Geomeniooe

317 3547 525 3641 speculationi
543 3546 729 3613 convenire:
752 3546 831 3633 quid
847 3546 942 3627 enim,
962 3569 1068 3614 annon
1082 3548 1233 3638 pleraque
1246 3552 1286 3619 de
1300 3554 1464 3621 rationibus

316 3655 420 3721 adhuc
445 3652 577 3718 inventa
598 3648 651 3716 vel
676 3648 791 3714 tradita
812 3648 907 3737 plane
932 3649 1091 3736 generalia
1115 3664 1201 3735 sunt,
1225 3664 1256 3721 et
1279 3660 1406 3743 quantis
1425 3680 1463 3724 ex

318 3778 408 3843 aequo
433 3753 555 3819 cunetis
580 3750 797 3817 conveniunt?
839 3751 886 3817 Et
911 3752 1067 3840 ejunnodi
1091 3755 1204 3823 saltem
1229 3758 1465 3849 rationesque

315 3857 454 3925 numeris
482 3854 619 3943 exprimi
647 3863 820 3941 nequeunt,
850 3853 1069 3922 Arithmetioae
1098 3858 1324 3945 speculationis
1354 3862 1462 3929 limites

314 3960 522 4049 egredientur,
534 3958 645 4046 quales
658 3956 833 4023 mnumerae
848 3966 932 4037 eunt,
948 3958 1065 4045 quibus
1079 3959 1240 4029 Elementi
1255 3963 1366 4044 Quinti
1381 3966 1461 4033 theo-

808 4094 897 4159 ¹Pag.
912 4094 968 4146 aad.

363 4404 462 4460 Which
479 4420 542 4475 may
557 4404 593 4461 bo
611 4406 681 4462 linos
698 4423 730 4461 or
746 4408 886 4465 numbers.

363 4490 503 4547 Numbore
519 4507 567 4547 ate
584 4496 634 4548 not
650 4508 801 4565 nsossrmy.
