3167 5192
321 401 384 467 100
589 482 597 495 ο
656 396 843 464 uncrrou'rs
865 414 1139 465 urrnuuurrcn.
1309 402 1408 478 [uuor.
1423 413 1460 461 u.

318 601 350 657 2.
380 591 474 657 Eruli.
519 588 644 656 Eadem
668 588 800 671 ratione,
825 598 933 657 centro
956 592 996 671 B,
1021 590 1191 656 intervallo
1209 590 1242 654 A
1268 588 1403 654 circulus
1420 586 1464 651 de·

384 694 481 760 scribi
497 703 613 782 potest.
659 692 887 781 Supponuntur
904 695 1004 781 igitur
1019 694 1106 760 ducti
1126 693 1234 759 circrdi
1250 692 1359 773 1301),
1375 690 1463 767 Aca

383 797 535 885 quonium
549 806 712 863 ostensum
726 806 775 863 cst
790 798 852 863 hoc
866 797 935 863 fieri
949 820 1053 884 posse.

320 909 350 967 3.
387 901 484 967 ,nata
528 900 603 965 Duo
618 900 755 986 aequales
770 900 880 966 circuli
897 900 1058 966 communi
1074 898 1164 965 radio
1184 896 1339 985 descripti
1359 919 1392 963 se
1408 916 1466 960 mu-

384 1012 441 1068 tuo
464 1002 710 1069 intersecabunt.
755 1000 855 1089 Ergo,
876 1002 987 1068 circuli
1007 1000 1112 1083 Bor),
1134 1000 1235 1067 Aen*
1253 1022 1290 1065 se
1315 999 1467 1065 intersere·

384 1106 475 1188 bunt,
495 1107 585 1194 (puta
599 1105 634 1171 in
648 1114 768 1192 puncto
788 1106 842 1191 0).

320 1208 523 1294 Antecedens
537 1208 638 1274 nimio
652 1208 748 1273 nimis
762 1219 811 1274 cst
827 1208 1005 1290 manifesta,
1022 1232 1064 1275 ex
1079 1207 1326 1274 evidentissima
1343 1202 1468 1293 propn'e·

385 1321 451 1377 tate
466 1310 586 1391 circuli,
602 1311 688 1398 quod
702 1311 844 1398 undique
859 1312 1026 1379 claudatur
1040 1322 1071 1379 et
1086 1313 1285 1379 terminetur.

322 1426 352 1483 4.
382 1416 478 1483 aaa.
522 1416 555 1481 A
574 1414 649 1481 dato
669 1425 787 1503 puncto
808 1416 850 1482 ad
869 1416 979 1482 dutum
999 1428 1154 1503 punctum
1176 1416 1250 1482 duci
1272 1424 1381 1505 potest
1398 1422 1470 1479 recta

386 1518 482 1585 linea.
528 1518 617 1606 Ergo
631 1520 673 1585 ab
687 1523 720 1584 A
737 1520 778 1586 ad
799 1520 913 1587 Oduoi
926 1530 1030 1609 potest
1044 1532 1129 1587 reeta
1143 1520 1219 1587 AO.

257 1636 268 1653 ⁶
321 1623 524 1690 Anteccdens
537 1634 587 1689 est
601 1623 776 1710 proprietas
790 1634 883 1691 rectae
899 1624 1001 1706 lineae,
1017 1636 1055 1691 ut
1069 1634 1163 1691 antea
1177 1625 1334 1691 diximus.
1379 1622 1470 1687 Duos-
1556 1621 1557 1670 l

386 1736 439 1792 tur
453 1750 528 1816 ergo
543 1726 617 1807 AO,
633 1728 785 1814 quoniam
800 1728 834 1793 id
848 1727 916 1793 fieri
931 1738 1045 1816 potest.

323 1837 352 1895 5.
383 1830 479 1895 aaut.
525 1828 633 1896 Simili
648 1830 778 1911 ratione,
797 1830 869 1896 duci
886 1841 992 1918 potest
1011 1841 1095 1898 recta
1114 1831 1186 1898 ΒΟ.
1230 1830 1378 1897 Ducatur
1397 1848 1470 1911 ergo·

386 1932 473 2011 dam,
489 1931 591 2018 liquet
611 1933 818 1999 constitutum
839 1956 906 2001 esse
926 1944 1087 2022 utcunque
1106 1935 1305 2022 triangulum
1321 1932 1424 2005 ΑΘΒ,
1437 1950 1471 1992 θΧ

387 2032 571 2100 definitione
594 2043 627 2100 et
649 2041 764 2101 naturd
787 2036 950 2123 trianguli.
998 2036 1194 2125 Peractaque
1217 2047 1265 2103 est
1290 2031 1471 2103 constructio

387 2136 605 2225 problematis.
650 2138 943 2206 Demonstraudum
961 2150 1059 2206 restat
1078 2140 1274 2226 triangulum
1296 2138 1396 2205 ΑΘΒ
1413 2154 1470 2199 esse

388 2241 617 2327 aequilaterum,
633 2242 781 2330 quodque
795 2244 952 2331 reliquum
971 2254 1020 2310 est
1041 2245 1179 2332 suscepti
1199 2244 1322 2330 negotii
1343 2235 1470 2307 converti

387 2353 492 2431 potest
511 2344 546 2408 in
565 2344 750 2432 hujusmodi
764 2348 934 2413 theorema.
981 2347 1193 2433 Triangulum
1214 2345 1420 2411 constitutum
1436 2358 1470 2404 ex

387 2447 491 2528 rectis,
508 2470 528 2513 a
542 2448 659 2514 centris
672 2449 807 2514 duomm
823 2449 994 2539 aequalium
1010 2450 1198 2515 circulorum
1214 2447 1377 2515 communi
1393 2440 1469 2510 radio

387 2550 615 2639 descriptorum
637 2552 679 2617 ad
700 2552 842 2640 ipsorum
866 2552 1121 2619 intersectionem
1143 2552 1257 2633 ductis,
1280 2563 1332 2618 est
1353 2544 1470 2636 aequila-

386 2666 499 2724 terum.
544 2655 606 2723 Oui
624 2654 869 2722 demonstrando
892 2655 1078 2722 theoremati
1093 2657 1269 2723 inserviunt
1283 2656 1354 2723 haec
1368 2650 1470 2736 enthy-

386 2766 535 2823 meinata.

390 2968 418 3025 l.
462 2959 571 3025 Rectaa
597 2960 690 3026 lineae
717 2986 737 3027 a
762 2973 869 3030 centro
895 2964 1005 3031 circuli
1031 2965 1072 3031 ad
1097 2966 1167 3051 eius
1197 2960 1467 3033 circumferentiam
1557 2876 1558 2969 l

323 3060 427 3127 ductae
441 3072 516 3127 sunt
531 3062 668 3149 aequales
682 3064 764 3131 inter
779 3090 823 3133 se.
854 3067 942 3155 Ergo
957 3078 1049 3134 rectae
1064 3068 1138 3149 AO,
1155 3069 1228 3149 AB,
1244 3078 1320 3135 sunt
1334 3062 1468 3155 aequales·

322 3164 363 3229 In
378 3162 581 3230 antecedente
596 3176 644 3230 est
658 3168 824 3234 notissima
839 3171 1012 3258 proprietas
1027 3171 1146 3251 circuli,
1163 3176 1227 3258 qut
1241 3170 1400 3237 definitur.

350 3287 352 3290 ·
387 3277 416 3332 2.
461 3265 585 3332 Eodem
600 3266 752 3350 discursu,
768 3283 860 3339 rectae
874 3272 947 3353 ΒΟ,
963 3274 1036 3356 AB,
1053 3284 1228 3361 aequantru.

387 3378 418 3437 3.
463 3368 543 3450 Quae
563 3369 668 3436 eidem
687 3374 825 3459 aequalia
844 3385 928 3456 sunt,
942 3376 1025 3441 inter
1046 3399 1079 3441 se
1100 3386 1174 3442 sunt
1192 3374 1335 3465 aequalia.
1381 3372 1468 3457 Ergo,

321 3479 415 3538 rectae
429 3472 504 3555 AO,
520 3474 591 3555 ΒΟ,
609 3474 748 3563 aquales
763 3489 838 3545 sunt
853 3480 936 3545 inter
951 3502 984 3545 se
1008 3481 1138 3569 (quippe
1158 3502 1230 3567 quae
1250 3488 1385 3546 ostensae
1404 3478 1470 3541 sunt

316 3576 460 3664 'aquales
474 3578 576 3645 eidem
591 3581 680 3665 AB).
947 3648 951 3657 ,

385 3681 590 3749 Antecedens
603 3694 653 3751 est
666 3684 916 3768 evidentissima,
929 3686 1191 3776 nobilissimaque
1205 3686 1381 3775 proprietas
1395 3701 1470 3749 com·
1557 3749 1558 3770 p

322 3796 502 3873 paratumm
517 3788 786 3874 magnitudinum,
804 3788 844 3855 de
858 3795 922 3878 qut
937 3812 1032 3879 supra
1046 3790 1177 3859 dictum.

387 3887 419 3953 4.
466 3888 616 3978 Sequitur
645 3891 777 3958 ultimus
807 3892 999 3960 decretorius
1029 3904 1060 3961 et
1085 3916 1152 3959 rem
1182 3902 1282 3960 totam
1311 3888 1470 3958 conficiens

323 3990 541 4079 syllogismus.
585 3992 690 4061 Omne
709 3996 906 4085 triangulum
927 3997 1049 4065 habens
1072 3997 1208 4086 aqualia
1228 3996 1291 4064 tria
1311 3996 1409 4064 latera
1428 3996 1470 4057 est
1557 4049 1558 4128 p

323 4095 552 4181 aequilaterum.
597 4096 809 4187 Triangulum
824 4100 924 4169 ABG
938 4104 991 4187 (ex
1010 4102 1104 4169 modo
1122 4102 1356 4187 demonstratis)
1381 4096 1470 4165 habet

322 4197 458 4284 aequalia
478 4198 541 4265 tria
562 4198 671 4269 latera.
715 4202 814 4292 Ergo,
838 4202 1051 4293 Triangulum
1070 4206 1169 4273 ABG
1185 4216 1234 4273 est
1254 4205 1468 4294 aequilaterum·
1557 4285 1558 4293 ἵ

323 4300 429 4389 Major
449 4310 500 4367 est
521 4300 665 4369 definitio
686 4305 840 4395 trianguli
862 4308 1056 4395 aequilateri3
1079 4319 1111 4375 et
1126 4308 1362 4377 evidentissime
1379 4298 1469 4372 couti·
1557 4304 1558 4310 ’

321 4414 414 4471 netur
429 4404 464 4471 in
477 4404 651 4493 praemissis
664 4430 761 4475 causa
782 4412 1004 4481 conclusionis.
1050 4413 1129 4495 Quae
1152 4415 1195 4481 sit
1216 4414 1301 4481 enim
1324 4409 1376 4479 vel
1396 4398 1467 4488 fingi
1557 4487 1558 4514 ¹

321 4508 549 4599 penitorum,
573 4528 629 4573 eur
650 4509 845 4596 triangulum
870 4515 970 4581 ABG
990 4515 1033 4581 sit
1056 4515 1275 4604 aequilaterum
1299 4510 1421 4602 propior
1440 4512 1468 4569 et
