3167 5192
330 388 395 456 154
669 405 856 457 nnmronns
877 405 1150 457 nsuuansmcm
1328 389 1436 476 [secr.
1448 410 1481 459 x

327 578 399 666 ejus
424 567 600 666 portionem
629 576 664 642 in
692 576 830 643 nihilum
858 576 1032 664 redigendi.
1076 576 1178 644 Jubet
1199 556 1262 644 boc
1286 576 1378 659 fides,
1401 581 1483 668 cogit

330 680 432 768 pietas
453 678 637 760 admittam
669 700 729 745 nec
749 677 1011 760 reclamatratio,
1035 678 1092 745 sed
1112 678 1219 768 potius
1241 681 1434 768 suffragatur
1453 694 1483 750 et

330 782 452 850 suadet.
496 781 583 849 Nam
601 804 700 849 exeo
722 783 809 870 quod
830 784 992 872 concipere
1010 784 1168 872 possimus
1187 785 1351 852 materiam
1376 788 1483 875 ampli·
1566 797 1567 842 i

327 910 415 953 orem
429 886 544 974 quavis
557 886 724 975 praefinita
739 885 786 951 nil
800 886 906 953 obstat
925 909 988 974 quo
1005 885 1121 968 minus,
1137 887 1203 953 imo
1224 888 1303 955 satis
1324 890 1483 957 evidenter

329 990 405 1057 inde
430 997 635 1071 consectatur,
659 987 745 1077 quod
769 989 860 1055 Deus
886 989 1014 1055 omnino
1039 989 1145 1056 valeat
1168 990 1204 1056 id
1228 991 1379 1057 effectum
1404 993 1482 1061 dare

329 1092 424 1175 Quod
438 1093 466 1159 si
480 1102 584 1182 potest
603 1092 765 1181 ampliare,
779 1092 850 1181 pari
866 1102 1023 1179 potestate
1042 1102 1147 1181 potest
1160 1093 1312 1175 minuere,
1328 1118 1484 1185 quamque

328 1198 369 1264 de
386 1220 470 1264 novo
488 1196 649 1284 pertexuit
661 1194 757 1261 telam
771 1194 884 1260 eadem
898 1194 1050 1260 facilitate
1063 1205 1205 1261 retexere
1219 1196 1324 1277 valet;
1343 1198 1484 1285 quinimo

328 1301 405 1389 qnia
418 1300 511 1367 nobis
526 1299 763 1365 contractiorem
776 1298 947 1386 imaginari
957 1298 1006 1364 fes
1017 1308 1075 1380 est,
1086 1298 1151 1365 imo
1161 1298 1284 1365 nullam
1298 1320 1484 1389 supponere,

329 1403 446 1469 divinae
459 1402 611 1492 potentia
625 1400 802 1489 subjacebit
815 1400 897 1466 illud
911 1410 1070 1489 praestare.

393 1506 450 1572 Ad
471 1505 540 1571 haec
562 1504 655 1571 tertio
677 1504 828 1570 facillime
853 1504 1038 1594 concipitur,
1062 1514 1096 1572 et
1118 1504 1209 1572 nulla
1230 1506 1353 1573 ratione
1376 1510 1484 1595 negari

327 1612 430 1693 debet,
446 1632 539 1699 posse
553 1608 658 1674 Deum
673 1630 895 1696 quamcunque
915 1631 982 1675 rem
1004 1610 1038 1675 in
1060 1632 1118 1676 suo
1140 1632 1234 1697 quem
1256 1625 1342 1677 nunc
1364 1613 1486 1679 obtinet

327 1726 413 1783 statu
426 1716 553 1802 situque
567 1734 761 1793 conservare,
776 1713 823 1779 sic
841 1720 879 1779 ut
896 1736 920 1779 a·
933 1714 1032 1780 nullis
1051 1714 1248 1781 extrinsecus
1267 1713 1486 1782 accidentibus

326 1820 511 1886 immutetur
530 1817 701 1898 intrinsioe,
716 1817 834 1883 nedum
855 1813 892 1883 nt
913 1818 982 1905 ejus
1003 1826 1117 1884 natura
1137 1818 1265 1905 penitus
1286 1817 1484 1887 deumne:

326 1934 363 1989 nt
386 1944 500 2010 nempe
524 1930 609 1987 recta
633 1920 728 2001 linea,
753 1919 850 2007 plana
872 1920 1061 2009 superficies,
1088 1920 1197 1987 circuli
1223 1920 1484 2004 circumferentia,

326 2026 481 2115 spherica
494 2022 711 2091 orbicularitas
730 2024 811 2091 tales
830 2034 1042 2112 permaneant,
1059 2023 1211 2111 quicquid
1225 2034 1316 2089 extra
1328 2024 1406 2092 illas
1420 2026 1484 2093 fien'

326 2128 500 2214 contingat,
515 2126 575 2192 hoc
590 2137 647 2207 est,
663 2126 789 2192 tametsi
805 2125 1029 2214 circumjacens
1044 2126 1147 2192 omnis
1164 2127 1297 2193 materie
1310 2130 1485 2217 quomodo·

325 2254 450 2319 cunque
463 2239 611 2312 mutetur,
626 2228 767 2312 tollatur,
783 2239 839 2296 aut
853 2230 1056 2297 annihiletur.

329 2368 332 2373 ·
391 2335 515 2416 Quibus
535 2356 593 2423 pro
611 2334 683 2423 jure
703 2345 810 2401 nostro
831 2333 973 2421 legitime
995 2333 1166 2423 suppositis
1187 2343 1282 2421 atque
1301 2336 1481 2417 substratis,

326 2440 422 2530 spatii
443 2438 671 2527 qualiscunque
691 2436 819 2503 realitae
841 2458 860 2501 a
879 2435 1099 2523 magnitudine
1122 2435 1273 2502 distincta
1293 2438 1407 2506 multis
1429 2441 1483 2507 ad·

325 2545 405 2611 strui
419 2542 522 2609 modis
537 2540 672 2607 videtur.
709 2538 829 2620 Primo,
845 2560 917 2605 cum
932 2539 1063 2604 maten'a
1076 2538 1179 2626 possit
1192 2561 1261 2606 esse
1275 2540 1376 2622 finita,
1395 2542 1481 2609 Deus

324 2659 430 2714 autem
454 2644 590 2712 essentia
613 2644 656 2709 sit
678 2640 832 2722 infinitus,
855 2640 939 2707 ultra
959 2640 1099 2709 materias
1120 2640 1200 2707 fines
1222 2642 1384 2726 subsistet,
1404 2645 1481 2711 alias

324 2750 392 2838 ejus
406 2748 562 2814 limitibus
576 2746 781 2824 clauderetur,
798 2752 853 2809 ant
867 2741 1010 2811 finiretur
1023 2754 1193 2832 utcunque,
1208 2768 1267 2812 nec
1285 2758 1370 2814 essct
1388 2772 1481 2837 prop·

309 2864 408 2919 terea
422 2850 577 2916 infinitus.
613 2848 704 2935 Ergo
718 2848 812 2915 datur
826 2846 948 2935 aliquid
961 2847 1053 2928 ultra,
1069 2848 1130 2914 hoe
1144 2859 1202 2930 est,
1217 2849 1356 2936 spatium
1372 2852 1480 2939 quale·

324 2976 456 3040 cunque.
500 2951 547 3016 Et
568 2946 744 3017 nisi'Deus
766 2950 850 3017 ultra
871 2950 1012 3017 materia
1029 2950 1108 3017 fines
1127 2952 1254 3033 existat,
1275 2966 1383 3041 posset
1403 2955 1479 3020 ima·

324 3052 445 3143 ginatio
470 3064 579 3120 nostra
602 3054 706 3119 locum
732 3054 921 3141 confingere,
947 3054 1004 3120 ubi
1027 3066 1172 3135 nonest,
1199 3055 1339 3143 adeoque
1362 3056 1478 3125 divina

322 3158 501 3225 existentia
513 3156 643 3223 modum
658 3157 857 3245 aliquatenus
872 3157 1101 3241 nanscendere,
1117 3181 1177 3225 neo
1195 3158 1389 3227 immensum
1408 3184 1478 3251 pro-

322 3260 397 3326 inde
411 3260 517 3326 Deum
531 3260 693 3348 concipere
706 3282 872 3348 possemus
887 3269 942 3327 ant
956 3282 1134 3347 agnoscere.

387 3362 472 3430 Tum
494 3363 582 3430 Deus
596 3374 688 3430 extra
703 3362 790 3429 hunc
810 3364 912 3451 possit
931 3363 1010 3430 elios
1029 3363 1166 3431 mundos
1185 3364 1327 3447 condere,
1343 3366 1427 3435 sicut
1446 3380 1478 3436 et

321 3490 380 3534 nos
404 3465 547 3534 conditos
570 3464 836 3553 imaginarium
859 3465 933 3532 illos
957 3465 1087 3553 quidem
1110 3466 1235 3547 nullibi,
1258 3468 1315 3534 sed
1340 3469 1477 3552 alicubi3

321 3569 448 3638 dabitur
468 3569 568 3658 igitur
589 3568 727 3657 spatium
747 3567 886 3655 aliquod,
906 3568 1022 3655 inquo
1042 3567 1189 3634 collocari
1207 3570 1331 3657 possint
1350 3582 1385 3638 et
1403 3596 1479 3639 con-

320 3677 438 3743 sistere.
461 3674 563 3741 Novis
585 3694 710 3760 quoque
723 3670 885 3760 productis
898 3671 1027 3738 mundis
1043 3671 1185 3738 intererit
1198 3673 1296 3755 Deus,
1308 3676 1431 3765 absque
1442 3701 1478 3744 eo
1567 3694 1568 3701 ’

319 3789 427 3845 tamen
441 3777 527 3865 quod
542 3777 670 3842 omnino
684 3785 850 3842 moveatur
870 3774 1089 3861 (immobilitas
1109 3776 1195 3842 enim
1212 3788 1260 3843 est
1278 3787 1311 3844 et
1330 3778 1479 3847 immuta·
1567 3824 1568 3837 .

319 3881 428 3949 bilitas
442 3879 632 3960 omnimoda,
645 3888 693 3944 est
704 3878 918 3945 indubitatum
929 3878 1048 3945 divina
1062 3879 1259 3968 perfectionis
1274 3882 1476 3969 attributum)

318 3986 352 4050 id
367 3986 452 4074 quod
466 3985 558 4052 aliter
572 3981 710 4069 intelligi
724 3981 844 4070 nequit,
856 4004 951 4069 quam
966 3982 1170 4071 concipiendo
1183 3996 1369 4073 praesentem
1384 3998 1479 4053 antea

318 4088 417 4154 fuisse
435 4088 548 4175 spatio,
570 4086 687 4175 inquo
703 4086 772 4174 jam
790 4095 994 4173 reponuntur.
1039 4085 1128 4174 Ergo
1142 4110 1223 4176 qnos
1243 4089 1405 4172 habemus,
1422 4100 1478 4157 aut

370 4276 395 4327 3.
430 4268 990 4341 Godcanpreservethingsastheyare.

370 4356 467 4411 Hence
477 4355 527 4411 the
538 4354 637 4425 reality
647 4356 678 4411 of
687 4372 785 4427 space:
801 4354 846 4410 for

369 4448 410 4506 (l)
446 4441 509 4497 God
521 4445 595 4497 must
606 4443 710 4498 extend
721 4442 830 4512 beyond
841 4444 953 4499 matter.

304 4582 337 4601 ¹,
367 4533 408 4593 (2)
443 4524 507 4584 (iod
518 4542 580 4595 may
591 4530 685 4583 create
695 4526 797 4583 worlds
808 4526 918 4597 beyond
929 4526 1113 4597 thospaceof
1121 4525 1178 4582 this
1189 4526 1283 4582 world
