3167 5192
104 418 201 469 aser.
219 404 285 489 xa]
441 417 627 480 montosae
649 426 923 482 narraremus.
1207 416 1270 484 1⁷7

100 592 227 678 speeies
252 592 464 674 arbitrantur3
495 592 622 681 quando
649 606 864 663 commentum
893 595 985 677 illud,
1015 606 1051 663 ut
1066 596 1145 684 'jam
1173 607 1269 666 antea

99 693 257 775 vidimus,
278 694 365 761 baud
383 696 427 762 sit
443 696 665 776 neeessariam,
685 706 718 763 et
739 698 846 763 minus
867 697 1017 765 idoneum
1038 699 1190 781 scientiis,
1207 724 1267 769 neo

99 798 179 878 ulls,
203 798 291 886 quod
314 822 375 885 ego
397 800 580 887 percipiam,
600 812 714 889 praeter
736 801 976 891 Metaphysioas
998 803 1152 890 quasdam
1172 827 1267 871 voee-

98 900 252 967 bulorum
266 902 491 990 perplexitates
506 914 538 969 et
553 902 735 991 argutiolam
751 904 856 971 solidi
868 906 990 974 ratione
1004 906 1188 989 subnixum,
1203 930 1264 988 res,

97 1004 246 1091 inquam,
276 1006 492 1075 immediatius
521 1008 685 1095 objectatae
714 1008 873 1092 sensibus)
900 1032 920 1074 e
947 1008 1096 1095 qualibus
1118 1020 1264 1075 constant

97 1108 214 1193 primae
230 1108 527 1177 indemonstrabiles
546 1110 741 1197 hypotheses
756 1134 821 1177 non
836 1133 916 1198 opus
931 1121 988 1191 est,
1003 1123 1041 1177 ut
1054 1112 1136 1193 aliis,
1151 1124 1265 1201 praeter

97 1210 202 1297 vulgo
223 1223 351 1300 reoepta
368 1235 427 1279 sua
445 1213 585 1295 nomina,
607 1215 713 1281 verbis
733 1214 942 1302 explicentur,
962 1215 1115 1301 quoniam
1134 1216 1262 1283 easdem

97 1314 233 1381 omnino
248 1315 372 1381 eunetis
386 1314 569 1381 hominibus
585 1315 635 1381 sui
649 1316 790 1404 ipsamm
811 1315 978 1384 distincta
994 1317 1091 1383 ideas
1111 1318 1262 1406 ingerunt

96 1416 361 1505 insculpuutque.

161 1520 216 1585 At
237 1544 280 1587 ex
301 1522 413 1608 primis
434 1521 506 1589 istis
527 1522 610 1589 inter
633 1545 667 1589 se
686 1522 887 1610 comparetis,
908 1523 961 1591 uel
982 1534 1142 1610 utcunque
1161 1526 1261 1592 resul-

96 1632 204 1691 tantes
220 1624 300 1691 alios
315 1636 484 1713 eoneeptus
500 1625 710 1707 secundarios,
728 1648 790 1712 quo
806 1626 996 1713 praecidatur
1015 1625 1120 1692 omnis
1137 1629 1259 1703 oooasio

95 1726 312 1815 discrepandi,
335 1751 377 1795 ex
398 1729 600 1797 scientiarum
623 1752 684 1796 usu
706 1730 841 1810 videtin,
863 1730 983 1817 primes
1004 1730 1081 1795 istas
1103 1753 1121 1797 e
1143 1730 1259 1818 quibus

94 1832 245 1897 oriuntur
262 1831 454 1921 hypotheses
471 1833 650 1919 allegando,
666 1856 762 1921 quam
777 1846 922 1901 aeeurate
936 1834 1153 1901 determinare.
1199 1834 1259 1901 Ri-

94 1935 237 2021 gideque
256 1958 321 2001 rem
341 1937 491 2018 texendo,
506 1936 541 2002 in
560 1936 693 2003 scientie
712 1937 854 2024 quelibet
874 1960 893 2005 e
911 1936 1023 2026 primis
1042 1937 1257 2005 fundamentis

96 2038 287 2120 extruendi,
303 2038 368 2105 fere
382 2040 506 2105 nullum
521 2041 673 2107 adhibere
689 2039 763 2106 lieet
777 2041 968 2107 vocabulum
984 2064 1050 2107 non
1069 2051 1169 2107 antea'
1180 2042 1258 2107 deii·

96 2142 213 2223 nitum,
230 2152 287 2207 eut
300 2142 413 2207 saltem
429 2143 482 2209 oui
496 2143 739 2230 respondentem
754 2143 787 2209 in
803 2150 917 2210 netnrt
930 2167 997 2210 rem
1016 2166 1082 2210 non
1099 2145 1257 2231 possimus

96 2255 210 2313 exerto
225 2245 329 2331 digito
343 2256 597 2314 commonstrare.

160 2346 259 2429 Quod
278 2371 316 2415 eo
336 2349 440 2435 magis
462 2349 495 2413 in
519 2348 588 2429 hoe,
612 2349 697 2435 quod
720 2372 785 2438 prae
807 2349 956 2447 manibus
979 2350 1144 2430 habemus,
1167 2375 1258 2438 mag·

96 2450 257 2516 nitndinis
282 2460 495 2539 symptomata
521 2450 615 2516 debet
641 2450 794 2531 obtinere,
820 2451 971 2538 quoniam
995 2453 1171 2540 praeeipuas
1195 2453 1258 2519 fert

96 2565 212 2641 partes,
237 2566 270 2621 et
291 2555 354 2622 fere
378 2578 508 2643 semper·
524 2556 694 2621 intervenit
717 2555 751 2621 in
776 2556 863 2620 omui
889 2555 1031 2636 materia,
1052 2555 1257 2642 discursuque

96 2658 336 2739 Mathematioo,
361 2658 501 2746 adeoque
526 2657 662 2725 multum
688 2658 803 2725 referat
825 2668 863 2724 ut
887 2680 985 2723 unam
1010 2680 1119 2724 omnes
1143 2647 1255 2725 harum

99 2765 302 2830 scientiarum
317 2761 453 2829 studiosi
466 2784 637 2829 consonam
648 2772 679 2829 et
693 2784 894 2829 communem
907 2762 977 2849 ejus
992 2762 1115 2843 idaeam,
1127 2762 1254 2846 claram,

98 2866 291 2947 distinctam,
314 2866 430 2933 rationi
456 2876 699 2933 consentaneam
722 2865 873 2948 habeant,
895 2889 954 2932 nee
975 2875 1012 2932 ut
1033 2890 1104 2933 eam
1125 2867 1254 2936 confuse

99 2970 147 3037 sel
163 2971 350 3039 dissorditer
364 2969 612 3059 apprehendent.

159 3074 313 3154 Quinimo
328 3074 413 3162 quod
429 3074 498 3161 jam
518 3072 596 3160 quid
615 3071 658 3137 sit
676 3070 871 3159 AEqualitaa,
887 3073 921 3139 in
935 3096 999 3161 qno
1012 3074 1167 3143 consistat
1183 3077 1253 3163 ejus

98 3178 236 3245 formalis
258 3178 349 3259 ratio,
375 3177 532 3265 quomodo
556 3174 681 3241 definiri
705 3175 829 3255 debeat,
853 3176 916 3264 ipsi
934 3174 1003 3264 jam
1026 3178 1197 3266 querimus
1220 3189 1253 3246 et

99 3279 319 3369 disoeptemus,
335 3288 523 3366 argumento
538 3278 580 3345 sit
595 3277 686 3342 illam
701 3276 827 3343 definiri
841 3277 963 3346 debere.

160 3384 266 3465 Addo,
291 3382 377 3471 quod
400 3382 480 3447 mihi
504 3382 618 3447 saltem
641 3380 806 3446 incumbat
828 3380 889 3447 hoe
911 3382 1076 3463 sustinere,
1100 3384 1252 3471 quoniam

102 3488 253 3555 axiomata
269 3496 384 3555 eunota
398 3510 454 3574 pro
470 3486 674 3553 theorematis
694 3485 806 3565 babeo,
822 3508 893 3573 quae
913 3496 1057 3574 possunt,
1073 3496 1105 3553 et
1124 3487 1250 3568 debent,

103 3590 129 3657 si
149 3614 197 3661 res
222 3592 343 3677 exiget,
371 3589 596 3671 demonstrari3
627 3588 723 3676 idque
747 3589 921 3677 praesertim
946 3612 988 3654 ex
1013 3587 1251 3660 definitionibus

106 3696 311 3774 terminorum,
327 3718 345 3761 e
360 3694 476 3781 quibus
491 3702 654 3773 coustant3
674 3692 758 3759 unde
772 3714 836 3779 quo
849 3693 967 3759 veritas
982 3700 1105 3759 constet
1119 3692 1250 3759 istorum

149 3942 162 3999 I
173 3944 261 4015 reject
273 3946 322 4001 tha
334 3944 459 4002 doctrine
470 3946 501 4001 oi
509 3946 603 4001 innata
613 3945 691 4002 ideas
702 3945 733 4001 ol
741 3942 871 4016 equality,
883 3942 931 4000 &e

147 4032 201 4088 The
219 4032 281 4087 first
292 4032 387 4100 things
403 4030 491 4086 whioh
507 4048 555 4087 are
566 4030 717 4102 babituelly
732 4029 855 4101 exposed
872 4032 902 4084 to
920 4028 971 4084 the
988 4044 1089 4096 sauses,
1105 4024 1162 4084 and
1176 4026 1250 4081 hom

102 4116 179 4173 ehieh
193 4135 242 4174 are
253 4116 369 4173 derived
385 4132 436 4171 our
450 4115 685 4172 indemonstrable
698 4116 760 4171 first
770 4114 937 4185 hypotheses
948 4112 1021 4169 need
1031 4127 1103 4168 none
1113 4111 1166 4167 but
1176 4110 1251 4167 their

101 4216 431 4359 fflmffltlssmgqmdm
442 4288 617 4359 ooneeptions
632 4284 746 4342 derived
760 4285 832 4340 hom
843 4283 923 4340 these
934 4280 1033 4337 should
1044 4280 1081 4336 be
1092 4279 1201 4337 detineri
1213 4280 1250 4349 by

102 4378 367 4535 mfflffifogffluy
378 4464 407 4521 in
419 4463 477 4521 this
487 4462 623 4519 attribute
635 4460 666 4515 oi
674 4458 844 4529 magnitude,
858 4456 993 4528 Itquality.

140 4548 209 4704 gh:
221 4550 246 4607 is
259 4550 405 4621 especially
416 4548 575 4605 incumbent
586 4564 622 4602 on
633 4562 685 4615 me,
696 4544 757 4649 ¹alm
769 4544 835 4599 hold
846 4542 883 4599 all
895 4542 1000 4597 axioma
1011 4544 1042 4597 to
1053 4540 1090 4595 bs
1101 4539 1249 4689 th203rsma.
