3167 5192
303 400 346 464 64
638 416 824 470 ascalonas
847 416 1119 466 unusansnrcsn.
1285 397 1392 482 [sacr.
1408 413 1459 460 ιν.

302 586 435 667 invenit,
448 587 661 679 demonstran
680 585 825 654 Practica
837 609 923 667 vero,
935 595 1090 673 quatenus
1104 586 1169 652 illae
1183 586 1333 652 veritatoe
1346 585 1460 650 inven-

302 697 354 768 tae,
377 689 660 777 demonstrataeque
683 689 726 756 ad
746 713 841 756 usum
862 690 979 765 referri,
1001 691 1036 756 in
1060 689 1178 778 praxiu
1199 689 1303 775 redigi
1324 687 1460 776 possint

304 789 493 878 Speculatm
512 815 564 858 ex.
585 815 633 878 gr.
655 792 865 880 philosophus
888 792 1053 874 Politicus,
1074 802 1107 859 et
1119 791 1296 858 rationibus
1316 790 1461 857 excussis

303 891 471 968 concludit,
487 917 559 980 quas
579 894 621 960 sit
636 894 756 979 optima
774 894 876 960 forma
895 894 990 984 Reip.
1010 917 1082 982 quae
1100 894 1188 981 leges
1207 894 1346 983 publicae
1362 892 1461 959 saluti

303 995 497 1064 conducant:
529 996 674 1078 Ethicns,
698 997 792 1083 quale
815 998 860 1064 sit
882 997 916 1063 in
940 998 1060 1064 talibus
1082 1020 1188 1064 rerum
1212 996 1462 1064 circumstantiis
1568 1056 1569 1087 ᾖ

303 1099 466 1166 constituti
480 1099 542 1166 viri
561 1098 638 1166 boni
661 1099 799 1168 officium
821 1100 997 1167 considerat
1016 1110 1048 1168 et
1070 1099 1275 1188 pronunciat3
1303 1100 1378 1184 (hoc
1399 1111 1460 1178 est,
1568 1102 1569 1107 ’

302 1203 475 1290 investigat
495 1212 528 1269 et
541 1202 649 1270 condit
668 1203 831 1270 theorema
844 1204 1015 1291 quoddam,
1035 1205 1178 1291 regulam
1198 1203 1374 1292 praescribit
1386 1203 1463 1268 uui·

301 1306 483 1390 versalcm3)
501 1306 659 1395 Physicns
673 1307 876 1395 simplicium,
891 1331 963 1395 qum
976 1318 1100 1383 vocam,
1114 1319 1252 1387 naturas,
1268 1307 1414 1380 mantes,
1429 1317 1463 1372 et

302 1417 551 1496 temperamenta
573 1412 662 1494 (uum
677 1410 883 1497 refrigerandi
903 1411 956 1476 vel
975 1410 1189 1492 calefaciendi,
1209 1409 1390 1477 desiccandi
1404 1409 1462 1476 vel

302 1511 507 1580 humectandi
525 1513 667 1600 polleant
681 1513 841 1594 facultate,
861 1513 1002 1580 salubria
1019 1515 1086 1580 siut
1104 1538 1146 1580 an
1164 1514 1274 1597 noxia)
1297 1513 1462 1601 disquirit,

302 1625 335 1684 et
352 1639 394 1682 ex
411 1617 532 1684 ratione
552 1616 605 1682 vel
626 1617 823 1703 experientia
844 1616 1051 1684 determinat:
1073 1615 1219 1684 Eatenus
1232 1617 1303 1683 ista
1317 1618 1464 1685 scientiae

302 1719 482 1786 theoreticae
497 1729 582 1786 sunt.
627 1720 675 1786 At
689 1720 789 1808 siquis
805 1719 1061 1786 conclusionibus
1075 1719 1146 1786 istis
1160 1729 1269 1786 utatur
1283 1718 1324 1785 ad
1340 1721 1462 1807 praxin

303 1843 394 1886 suam
420 1820 638 1907 dirigendam
668 1821 771 1908 iisque
797 1843 871 1887 suas
899 1821 1041 1888 actiones
1066 1831 1273 1910 attemperat:
1303 1821 1332 1886 si
1354 1843 1462 1912 remp.

303 1923 502 1992 administret
526 1947 568 1992 ex
590 1923 683 1990 istius
707 1924 831 2011 politici
852 1924 1056 1992 theorematis
1076 1924 1278 2012 praescripto3
1307 1924 1336 1989 si
1359 1926 1464 2013 juxta

302 2034 495 2113 praeceptum
509 2025 591 2092 illud
605 2026 725 2092 morale
738 2027 839 2094 vitam
852 2027 1018 2109 instituat3
1036 2028 1064 2093 si
1078 2027 1221 2116 plantam
1235 2027 1330 2095 istam
1344 2028 1463 2094 salutis

302 2133 399 2194 cansa
411 2138 526 2208 sumat,
539 2138 594 2194 aut
607 2137 745 2216 respuat,
757 2151 795 2194 eo
808 2130 847 2196 fit
859 2139 897 2196 ut
910 2130 981 2197 istae
995 2129 1144 2211 scientiae,
1155 2129 1226 2197 ista
1239 2129 1463 2198 conclusiones

302 2229 439 2298 evadant
460 2228 616 2318 practicae.
662 2229 753 2296 Idem
778 2233 935 2318 contingit
959 2231 995 2298 in
1019 2254 1096 2298 casu
1124 2243 1242 2301 nostro.
1286 2231 1464 2302 Geometra

302 2333 497 2402 demonstrat
510 2333 685 2402 universim
695 2334 831 2422 quodvis
845 2335 1041 2422 triangulum
1052 2336 1340 2423 parallelogrammi
1349 2338 1463 2424 cujus-

301 2437 352 2506 vis
370 2461 464 2526 super
484 2438 638 2524 aequalem
654 2437 758 2504 basim
776 2438 942 2506 constituti
960 2449 993 2504 et
1013 2461 1112 2527 aequae
1131 2439 1195 2506 sibi
1214 2439 1272 2506 alti
1289 2439 1462 2506 dimidium

259 2540 261 2548 ⁴
302 2563 445 2628 aequare3
469 2539 522 2606 vel
537 2563 651 2606 conum
669 2539 787 2628 aquari
806 2539 907 2606 tertiae
925 2541 1009 2627 parti
1032 2540 1170 2628 cylindri
1188 2563 1282 2629 snper
1301 2541 1461 2628 aqualem

301 2645 412 2712 hasam
435 2643 647 2724 consistentis,
672 2652 704 2709 et
727 2663 817 2728 aeque
839 2640 915 2722 alti;
941 2642 993 2708 hae
1020 2653 1096 2709 suut
1122 2643 1344 2710 universaliter
1373 2667 1461 2711 verae

301 2747 531 2835 propositiones
544 2755 588 2824 et
613 2744 741 2830 regula,
766 2766 846 2831 quas
868 2742 1042 2810 Geometra
1068 2745 1185 2832 reperit
1212 2755 1245 2813 et
1273 2747 1462 2832 comprobat

303 2847 512 2935 speculando;
544 2846 660 2932 quibus
683 2845 730 2910 uti
751 2853 857 2931 potest
878 2844 1023 2932 quisquis
1045 2869 1125 2912 area
1146 2847 1289 2934 cujusvis
1310 2847 1461 2935 triangu-

302 2951 378 3016 laris
402 2971 581 3014 mensuram
597 2946 815 3028 determinare,
830 2946 884 3014 vel
897 2969 956 3013 ras
969 2948 1105 3035 quodvis
1119 2949 1265 3015 conicum
1279 2971 1355 3016 cum
1367 2975 1461 3018 men-

302 3075 375 3117 sura
403 3048 580 3138 cylindrica
604 3047 742 3114 conferre
764 3049 828 3115 sihi
849 3049 1045 3138 propositum
1067 3050 1183 3133 habet;
1213 3051 1298 3117 nude
1318 3053 1461 3140 practica

302 3155 366 3220 dici
380 3153 503 3243 possint
513 3152 576 3217 ista
589 3152 792 3234 theoremata,
805 3163 961 3240 quatenus
971 3176 1065 3220 usum
1080 3164 1113 3220 et
1123 3154 1249 3242 praxim
1263 3155 1460 3243 respiciunt;

302 3261 360 3328 sed
378 3261 484 3348 inepte
498 3267 663 3348 propterea
676 3268 847 3347 utrumque
866 3259 948 3326 illud
967 3261 1129 3328 theorema
1147 3261 1267 3350 duplex
1287 3272 1459 3344 statuatur,

302 3387 358 3432 seu
373 3363 534 3432 dividatm
548 3363 582 3428 in
596 3361 757 3429 theorema
771 3363 1002 3452 speculativum
1017 3374 1052 3430 et
1063 3363 1246 3453 practicam.
1282 3364 1343 3430 Est
1356 3367 1460 3452 igitur

302 3469 396 3534 unica
410 3457 593 3543 Geometria
612 3464 754 3532 diversos
775 3464 908 3532 subiens
929 3477 1100 3554 respectus,
1121 3475 1155 3532 et
1171 3489 1243 3553 qum
1262 3469 1459 3558 contempla·

301 3573 369 3639 tiva
383 3571 446 3638 dici
460 3579 566 3658 potest
580 3578 737 3658 quatenus
750 3591 836 3651 vera,
852 3568 957 3635 activa
970 3578 1126 3657 quatenus
1139 3569 1239 3636 utilis.

366 3674 432 3741 Res
451 3673 536 3740 clara
550 3684 616 3754 est,
635 3670 714 3761 quid
733 3671 848 3737 attinet
861 3671 976 3759 plura?
997 3670 1083 3758 quod
1100 3672 1129 3738 si
1146 3672 1199 3738 cui
1215 3671 1342 3760 regulas
1360 3695 1460 3762 quas·

301 3779 376 3846 dam
390 3775 543 3858 utiliores,
564 3798 637 3863 qua
657 3773 888 3861 praecipuarum
901 3774 1159 3861 magnitudinum
1174 3775 1387 3842 dimensiones
1406 3799 1460 3842 os-

300 3881 443 3960 tendant,
464 3877 649 3946 Geometn't
663 3886 838 3964 excerptas,
854 3898 1042 3963 conquerere
1060 3877 1149 3952 libet,
1167 3877 1221 3944 vel
1234 3877 1361 3944 easdem
1375 3903 1459 3966 prm·

301 3986 393 4070 cipue
421 3979 578 4049 materiali
607 3979 709 4046 cuivis
738 3977 881 4067 subjecto
907 3979 1151 4061 accommodare,
1177 3980 1264 4067 (licet
1288 3981 1324 4047 id
1347 3981 1458 4049 forsan

302 4085 405 4150 obstet
418 4083 586 4172 principali
601 4082 748 4163 scientiae,
770 4091 803 4147 ct
816 4090 944 4170 praestet
957 4081 1029 4147 illas
1047 4104 1111 4149 non
1130 4082 1210 4148 alibi
1223 4106 1320 4171 quam
1335 4083 1370 4150 in
1384 4085 1458 4173 ipsa

302 4185 494 4267 Geometria,
510 4185 571 4252 hoc
585 4195 643 4268 est,
664 4185 698 4250 in
713 4207 770 4250 suo
785 4183 865 4264 loco,
881 4192 914 4249 et
927 4183 1037 4250 ordine
1051 4184 1169 4260 nativa
1186 4185 1253 4252 suis
1267 4185 1458 4253 fimdamen-

352 4477 389 4534 So
401 4475 615 4548 l’rigonometry,
628 4480 787 4553 Altimetry,
800 4481 1115 4552 sacramentaneus
1126 4485 1204 4551 parts
1215 4482 1246 4536 of
1255 4481 1411 4552 Geomeuy.
