3167 5192
140 438 236 489 mer.
253 421 317 510 ιι]
441 439 630 493 moerores
650 441 892 494 causamme
1141 427 1204 496 197

143 607 214 675 ΜΗ
229 606 278 688 fit,
300 606 389 674 hand
409 607 522 674 erescit
542 609 583 677 ab
597 611 642 676 Μ
650 610 691 678 ad
704 611 746 677 K
749 639 758 695 ;
781 612 932 702 idemque
943 611 986 680 sit
999 633 1108 680 rursm
1122 619 1204 678 tem·
1343 677 1347 684 .

142 733 204 797 pus
224 712 308 794 Μθ,
330 711 432 800 liquet
452 721 571 779 rectem
596 713 661 781 6¹0
682 714 835 782 excedere
856 725 974 781 rectam
991 714 1079 796 ¹GK3
1102 723 1134 781 ct
1154 713 1204 781 id·

143 814 226 881 circo
237 825 391 903 punctum
403 815 445 883 K
452 837 549 904 supra
561 837 691 883 curvam
706 817 853 886 existere.
883 817 989 898 Quare
999 817 1204 885 manifestum

144 927 194 985 est
207 918 316 985 omnia
330 919 424 987 dictae
436 930 531 986 recta
544 928 663 1008 puncta
676 931 768 988 extra
781 915 911 988 curvam
926 922 1076 1004 existere;
1092 930 1204 989 eteam

144 1021 278 1112 proinde
291 1044 421 1090 curvam
436 1020 628 1109 contingere.
671 1039 774 1101 Qum.

207 1174 311 1243 ΧΙΠ.
355 1173 411 1241 Ex
432 1172 520 1242 hisce
542 1175 872 1259 statimooasoetasar,
891 1174 1074 1265 brpirenwdr‘
1091 1198 1205 1242 curvus

143 1279 189 1346 ud
200 1293 459 1370 temporetam
473 1279 512 1345 ub
527 1285 593 1345 aad
607 1292 730 1346 tuntum
743 1285 829 1348 recto
843 1279 990 1368 contingi.

208 1382 295 1452 Nam
315 1394 446 1472 tangere
467 1393 606 1472 ponatur
625 1393 712 1450 recta
729 1384 805 1450 MT
820 1407 950 1451 curvem
971 1383 1050 1450 AM
1049 1383 1077 1451 0
1091 1383 1133 1451 ad
1148 1384 1203 1463 M;
1219 1383 1276 1451 lug.
1291 1398 1333 1442 ¹0·

144 1488 228 1556 et-si
253 1488 324 1556 fieri
346 1497 451 1580 potest
474 1487 574 1556 altere
598 1489 675 1554 ΜΧ
695 1488 792 1554 etiam
815 1496 938 1576 tangat.
978 1487 1068 1576 Ergo
1094 1488 1206 1556 eodem

143 1600 296 1678 tempore,
313 1589 424 1656 eudem
438 1588 606 1656 velocitate
623 1589 692 1676 (illa
710 1590 840 1672 scilicet,
857 1613 928 1678 quae
947 1591 1057 1678 puncti
1076 1613 1206 1658 curvam

145 1692 353 1759 describentis
375 1692 416 1758 ad
439 1702 620 1759 contactum
634 1693 678 1758 M
689 1693 853 1780 acquisitae
867 1692 1028 1760 velocitati
1048 1695 1203 1782 aequatur)

145 1795 340 1861 describetur
353 1804 487 1883 utraque
500 1806 587 1862 recta
600 1797 673 1878 XP,
694 1797 775 1877 TM3
799 1819 897 1885 quare
911 1798 982 1878 XP,
1002 1798 1059 1862 ΤΡ
1068 1795 1206 1884 aquales

145 1909 246 1979 erunt,
261 1908 365 1964 totum
384 1907 417 1964 et
435 1920 519 1987 pars.
552 1917 654 1976 oms.
699 1898 788 1986 Ergo
808 1921 872 1966 non
886 1909 997 1986 tanget
1012 1899 1112 1966 altera
1125 1921 1208 1988 prae-

145 2013 194 2069 ter
215 2001 355 2091 positam
370 2003 449 2072 MT.
492 2004 587 2070 Hane
600 2005 764 2093 speciatim
784 2003 823 2072 de
849 2002 972 2072 Oirculc
988 2003 1207 2072 manavit

144 2107 314 2190 anlcilm
335 2107 373 2174 de
390 2108 579 2176 &abrabae
600 2107 724 2174 Conicis
731 2106 937 2196 Apollonius,
958 2106 999 2176 de
1018 2106 1113 2174 lineis
1135 2106 1207 2174 aliis

145 2209 212 2279 alii
255 2210 388 2277 Exhinc
417 2211 539 2280 lucram
569 2211 705 2298 emergit
729 2211 819 2278 haud
847 2211 1090 2300 aspernandum,
1121 2209 1208 2298 quod

145 2315 255 2383 eedem
280 2321 378 2404 opert
396 2317 626 2433 propositiones
650 2316 689 2382 de
711 2315 946 2416 aequaretur·
929 2339 1059 2382 saumae
1083 2313 1208 2382 demut·

144 2433 297 2486 struatur.
341 2417 508 2508 Nempe
482 2441 510 2486 ιι
529 2417 756 2486 determinetur
771 2401 910 2504 angulis
923 2419 996 2483 PM
996 2418 1030 2498 T
1049 2417 1113 2503 (vel
1127 2417 1208 2484 alter

146 2522 307 2611 quispiam
322 2544 418 2610 quem
438 2529 525 2590 reeta
545 2520 703 2608 positione
725 2520 801 2587 date
821 2542 892 2586 cum
909 2530 1060 2607 tangente
1074 2520 1151 2588 facit
1165 2519 1208 2588 ad

146 2637 303 2716 punctum
318 2647 423 2692 curvae
438 2624 663 2712 designatum)
681 2633 737 2690 aut
756 2647 784 2689 ιι
775 2623 1029 2692 determinetur
1046 2625 1208 2714 quantitas

145 2739 239 2796 rectae
253 2731 321 2812 PT,
340 2727 406 2815 (vel
427 2727 542 2795 similis
557 2727 735 2815 cujuspiam
750 2727 882 2794 alterius
903 2752 922 2796 a
940 2737 1059 2817 puncto
1082 2729 1117 2798 in
1132 2729 1208 2798 data

146 2835 303 2924 positione
331 2839 418 2900 reott
442 2832 609 2920 designato
638 2855 695 2920 per
719 2840 905 2920 tangentem
933 2832 1139 2922 interceptae)
1170 2856 1345 2923 ⁰⁰Eu1..nr

86 2993 97 3010 .
145 2949 282 3026 tangens
307 2936 579 3004 determinabitur.
623 2934 670 3002 Et
692 2935 907 3024 permutatim,
931 2935 960 3001 si
982 2945 1117 3024 tangens
1141 2936 1232 3004 situ¹
1221 2933 1286 2997 161
1276 2949 1314 2996 1·7

146 3038 381 3120 determinetur,
393 3040 582 3128 angulorum
597 3048 692 3126 atque
706 3039 863 3106 linearum
877 3040 1033 3128 ejusmodi
1044 3053 1156 3134 quantu
1131 3001 1313 3127 tutas'3¹‚'⁰l¹3',
1317 3015 1369 3132 ¹34,

146 3143 221 3210 inde
251 3143 463 3233 dignoscetis.
506 3142 661 3232 Adeoque
689 3153 835 3232 parcetur
864 3167 976 3263 operae,
1003 3145 1165 3235 qualem
1156 3170 1205 3212 m·
1218 3146 1257 3196 ³⁵
1271 3131 1311 3196 36·

146 3254 349 3336 sumpserrmt
372 3247 516 3336 plerique
540 3245 621 3313 tales
648 3246 879 3334 propositiones
904 3248 1047 3314 inversas
1073 3249 1204 3316 demon-

146 3349 278 3417 strandi.
324 3348 418 3429 Quod
443 3359 477 3417 et
499 3371 536 3416 eo
560 3348 665 3436 magis
690 3350 861 3416 observatu
886 3350 1020 3438 dignum
1045 3362 1103 3434 est,
1128 3353 1204 3441 quia

146 3478 231 3544 saepe
255 3453 369 3520 talium
395 3454 592 3521 inverserum
618 3453 869 3541 propositionum
894 3477 958 3520 una
983 3478 1080 3542 quam
1106 3455 1205 3523 altera

147 3558 243 3645 longe
271 3555 449 3647 promptius
480 3555 651 3636 invenitur,
681 3566 776 3644 atque
809 3555 933 3623 facilius
963 3557 1204 3626 demonstratur.

146 3658 207 3747 Ouj
210 3682 248 3726 us
262 3657 502 3740 observationis,
514 3656 577 3724 nisr
567 3657 720 3744 ‘longius
731 3680 861 3746 evagari
852 3658 1021 3742 'nollem'
1010 3683 1045 3726 m
1056 3671 1206 3750 promptu

146 3763 251 3831 forent
267 3763 457 3852 Spectatus.
515 3803 519 3810 ·

211 3913 309 3982 XIV.
352 3913 384 3979 E
400 3913 493 3981 dictis
512 3911 645 3980 insertur
663 3913 773 4002 puncti
789 3913 1007 3983 descendentis
1022 3917 1204 3989 velocitates

146 4019 182 4084 in
196 4017 321 4084 duobus
335 4016 504 4105 quibusvis
518 4015 693 4104 designetis
712 4041 816 4084 curvas
831 4020 958 4108 punctis
972 4020 1013 4086 ad
1027 4045 1061 4089 se
1075 4046 1206 4112 propor-

146 4123 266 4188 tionem
287 4120 406 4186 habere
426 4119 584 4208 reciproce
605 4121 811 4208 compositam
833 4146 851 4189 e
871 4123 1047 4190 rationibus
1065 4126 1206 4214 applica-

146 4235 250 4292 tarum
279 4225 321 4290 ab
345 4223 416 4290 istis
439 4222 568 4310 punctis
590 4222 632 4288 ed
655 4233 775 4289 rectam
798 4225 869 4306 AZ,
897 4226 971 4315 (ipsi
990 4229 1111 4296 scilicet
1134 4233 1212 4298 AY

145 4326 391 4416 parallelum)
406 4334 438 4392 et
448 4326 692 4414 interceptarum
707 4349 727 4393 e
741 4329 945 4415 tangentibus
957 4331 998 4397 ad
1009 4332 1071 4399 ista
1084 4346 1203 4424 puncta

146 4454 184 4498 ac
205 4431 300 4497 dictis
323 4430 506 4532 applicetis3
533 4429 608 4517 (vel,
623 4429 777 4497 rationem
792 4431 997 4500 velocitatum
1020 4440 1138 4525 aequari
1152 4465 1204 4508 ra.

146 4533 227 4602 tioni
241 4533 471 4622 applicatarum
485 4555 527 4600 ex
541 4531 786 4620 interceptarum
800 4533 922 4603 ratione
937 4537 1126 4627 subducte).
