3167 5192
304 398 368 465 200
657 414 844 465 uncrronas
866 415 1139 469 aerumnose.
1256 402 1365 489 [naor.
1382 418 1464 468 1111.

249 623 250 627 =
304 584 423 652 entiam
449 585 687 651 demonstravit.
733 584 818 650 Item
844 607 917 651 cum
941 585 982 651 ab
1007 585 1119 652 eodem
1143 586 1254 652 conica
1278 586 1465 673 superficies

304 688 435 777 aqualis
456 688 632 755 ostenditur
651 711 732 755 area
748 688 867 769 circuli,
883 689 975 776 cujus
993 690 1101 755 radius
1117 690 1319 778 proportione
1336 689 1466 755 medius

303 803 351 860 est
365 794 448 857 inter
462 793 533 857 coni
552 792 635 858 latus
650 803 683 859 et
698 792 967 859 semidiametrum
980 794 1078 875 basis,
1092 794 1142 859 nil
1155 794 1294 860 ostendit
1308 793 1399 859 aliud
1413 795 1465 876 (ut

301 896 396 984 plane
417 894 550 981 liquebit
571 895 612 960 ad
627 890 773 983 ‘primam
796 894 1074 961 demonstrationis
1096 896 1252 982 originem
1273 897 1462 980 recurrenti)

302 1021 397 1087 quam
413 998 610 1086 superficiem
625 998 719 1065 istam
733 998 825 1064 velut
839 1020 882 1063 ex
898 998 1035 1065 infinitis
1052 998 1179 1085 exiguis
1197 998 1369 1085 triangulis
1385 1020 1464 1064 oon-

301 1102 420 1181 sistere,
437 1124 507 1188 quse
523 1101 650 1188 singula
664 1110 844 1187 congruunt
858 1110 907 1167 tot
920 1101 1058 1187 singulis
1071 1101 1241 1188 triangulis
1258 1101 1383 1167 dictum
1397 1100 1464 1167 cir-

300 1205 407 1273 culum
422 1206 692 1293 componentibus.

365 1309 418 1374 Ita
432 1307 644 1394 congruentiae
659 1306 742 1372 nihil
761 1308 868 1373 obstat
886 1307 1060 1393 figurarum
1078 1304 1322 1385 dissimilitud03
1345 1328 1463 1371 verum

300 1434 357 1479 seu
376 1410 496 1477 similes
516 1410 583 1476 sive
602 1410 772 1476 dissimiles
792 1409 866 1489 sint,
882 1409 977 1475 modo
992 1408 1143 1497 aquales,
1158 1430 1281 1495 semper
1298 1418 1462 1495 poterunt,

300 1538 424 1603 semper
437 1536 529 1601 posse
543 1512 706 1579 debebunt
720 1535 901 1599 congruere.

364 1618 468 1705 Igitur
483 1626 629 1683 octavum
644 1616 771 1681 axioma
790 1615 845 1681 vel
863 1615 952 1681 nullo
971 1614 1065 1681 modo
1084 1637 1269 1682 conversum
1288 1614 1383 1695 valet,
1400 1626 1465 1682 aut

297 1721 517 1789 universaliter
531 1718 672 1787 converti
690 1727 813 1806 potest3
835 1718 925 1784 nullo
944 1718 1050 1798 modo,
1069 1718 1098 1783 si
1117 1741 1189 1807 qua
1206 1718 1304 1784 isthic
1321 1719 1466 1787 habetur

297 1824 505 1910 congruentia
526 1822 672 1909 designet
694 1819 850 1886 actualem
872 1821 1130 1907 congnuentiarn3
1156 1820 1340 1901 universim,
1363 1821 1391 1886 si
1417 1822 1463 1889 de

297 1926 463 2013 potentiali
492 1935 617 1991 tanturn
647 1923 838 2011 accipiatur3
868 1923 961 2010 quasi
986 1923 1150 2003 diceretur,
1178 1922 1258 2003 Qua
1281 1946 1463 2010 congruere

298 2038 441 2117 possunt,
468 2026 603 2114 aqualia
631 2035 724 2106 sunt;
755 2036 788 2091 et
817 2047 976 2092 converse.
1021 2024 1094 2106 Quo
1120 2036 1212 2113 pacto
1241 2025 1344 2114 potior
1370 2030 1461 2094 ratio

297 2130 409 2198 suadet
430 2139 468 2195 nt
492 2126 698 2214 intelligatur.
743 2127 875 2194 Etenim
900 2138 1031 2215 praetat
1050 2128 1258 2195 utilissimum
1278 2130 1359 2196 illud
1377 2154 1461 2219 pro-

295 2232 480 2300 nunciatum
499 2230 544 2297 sic
562 2230 690 2319 exponi,
706 2240 743 2295 ut
760 2231 867 2297 valeat
886 2230 1067 2297 omnimode
1086 2254 1282 2313 conversum,
1297 2254 1395 2319 quarn
1418 2249 1459 2301 nt

295 2336 477 2403 nullatenus
500 2333 640 2399 converti
658 2342 771 2419 queat3
794 2344 894 2420 utque
911 2333 1142 2420 magnitudinis
1161 2336 1359 2401 essentialem
1376 2360 1458 2425 paa-

295 2441 417 2509 sionem
432 2438 600 2519 contineat,
616 2458 712 2523 qnam
730 2445 768 2500 ut
787 2436 1032 2502 accidentarium
1051 2436 1251 2503 solummodo
1270 2449 1457 2527 symptoma

293 2543 451 2634 respiciat.
496 2541 582 2608 Nam
597 2550 670 2607 actu
684 2562 856 2626 congruere
871 2539 954 2604 nihil
968 2540 1010 2606 ad
1023 2540 1255 2627 magnitudinis
1269 2551 1326 2608 aut
1343 2565 1456 2631 aequa·

293 2647 392 2713 litatis
415 2655 562 2712 naturam
588 2641 734 2731 pertinet,
760 2653 795 2706 at
819 2640 898 2728 ipsis
922 2642 1141 2730 contingenter
1164 2642 1298 2723 accidit3
1312 2666 1385 2715 ,nec
1410 2647 1455 2713 ob

293 2750 389 2815 aliam
410 2769 538 2813 causam
559 2744 737 2823 adhibetur,
758 2763 855 2830 quam
877 2752 916 2807 ut
938 2744 979 2808 ab
1001 2749 1040 2809 et
1063 2766 1120 2810 seu
1141 2743 1309 2810 manifesto
1333 2745 1454 2813 indicio

296 2852 426 2940 (qnippe
445 2872 517 2917 oum
538 2857 626 2913 achis
647 2869 771 2935 semper
792 2857 1007 2933 antegressam
1030 2858 1144 2935 arguat
1164 2848 1353 2935 potentiam)
1375 2872 1455 2917 oon-

292 2955 439 3041 gruentia
452 2950 637 3038 potentialis
653 2950 840 3030 innoteseat,
856 2972 928 3037 qna
949 2973 1064 3039 nempe
1084 2951 1154 3017 sola
1173 2973 1247 3016 curn
1268 2952 1454 3041 aequalitate

291 3055 426 3123 cohaeret
446 3053 569 3133 intime,
592 3076 726 3140 cumque
748 3058 786 3119 ea
808 3064 959 3141 perpetuo
980 3054 1201 3142 reciprocatim.
1246 3054 1342 3123 Sicut
1363 3060 1451 3125 enim

291 3156 505 3244 magnitudini
519 3178 584 3221 non
598 3164 671 3221 actu
685 3155 796 3235 dividi,
812 3155 952 3223 sedasse
971 3156 1165 3224 divisibilem
1185 3170 1357 3225 oonnahrm
1376 3184 1452 3229 ocn-

291 3272 385 3341 setur,
401 3270 433 3327 et
450 3258 626 3324 arctissime
641 3279 839 3338 connexum3
862 3258 924 3324 ista
944 3282 1019 3325 vero
1041 3259 1245 3326 divisibilitas
1265 3285 1309 3327 ex
1330 3265 1451 3329 actuali

293 3369 463 3453 (utcunque
473 3359 604 3426 fortuita
614 3359 666 3425 vel
677 3357 853 3442 arbitrarit)
865 3359 1021 3427 divisione
1031 3360 1449 3450 dignoscituracargnitnr5

289 3472 335 3538 ita
349 3466 478 3558 quantis
498 3464 681 3553 equalibus,
702 3474 739 3528 ut
758 3463 887 3544 talibus,
906 3464 1141 3531 accidentaliter
1159 3466 1299 3548 obvenit,
1314 3478 1353 3534 ut
1372 3492 1449 3536 con·

288 3585 404 3664 gruant
418 3580 501 3652 actu,
517 3566 665 3635 convenit
679 3576 784 3633 autem
800 3566 1054 3653 inseparabiliter
1068 3578 1100 3635 et
1114 3579 1264 3656 perpetuo
1275 3580 1314 3635 ut
1323 3572 1449 3659 possint

288 3700 477 3767 congruere3
500 3672 575 3740 huic
590 3681 696 3737 autem
711 3672 994 3737 commonstrandre
1013 3672 1163 3760 potentiae
1181 3672 1340 3740 deserviat
1356 3686 1448 3741 actus

287 3786 357 3864 iste,
372 3788 597 3870 proptereaque
612 3774 693 3841 solet
706 3772 860 3840 adhiberi.

352 3884 457 3973 Igitur
477 3902 640 3970 perperam
659 3877 802 3958 Proclus,
822 3885 854 3941 et
872 3874 928 3940 alii
945 3873 1087 3962 plerique
1106 3876 1210 3943 Procli
1229 3879 1376 3965 vestigiis
1394 3882 1446 3947 in-

286 3992 443 4068 sistentes,
470 3984 634 4072 explicaut
658 3981 719 4047 hoc
744 3980 881 4058 axioma,
906 4000 971 4043 non
997 3978 1075 4044 satis
1100 3981 1331 4062 animadverso,
1357 3985 1445 4071 quod

286 4089 441 4159 actualem
460 4087 543 4152 inter
562 4095 595 4151 et
613 4081 796 4172 possibilem
818 4079 1057 4167 congruentiam
1076 4092 1227 4163 versatur,
1249 4083 1444 4160 discrimine,

337 4344 519 4403 Archimedes
530 4358 629 4414 proves
640 4343 689 4398 the
700 4343 872 4399 oohcidence
884 4342 940 4397 osa
951 4341 1034 4397 circle
1045 4342 1111 4397 with
1123 4358 1141 4396 a
1151 4344 1276 4415 tnangla

338 4434 434 4489 Hence
452 4430 500 4485 the
518 4427 567 4485 ath
585 4427 677 4483 uriom
695 4429 719 4483 is
737 4428 894 4499 conversely
905 4430 969 4484 true
984 4428 1205 4499 understauding
1213 4432 1358 4501 potentari
1369 4433 1444 4488 coin-

283 4522 402 4579 cidence.
