3167 5192
135 377 232 429 maor.
245 358 314 449 ιιι]
500 376 686 430 nnmrosrs
707 375 848 429 ormena
1152 357 1198 428 35

134 545 335 634 literounqua
359 544 519 612 declarare
536 544 726 628 studuimus,
747 555 780 614 et
799 569 818 614 e
837 545 1002 636 principiis
1024 544 1195 614 admodum

135 649 285 715 affinibus
300 649 431 729 elicere3
454 647 560 729 modo,
580 653 652 715 mea
669 649 828 714 sententia
842 648 965 728 saltem,
981 649 1123 716 omnium
1139 651 1196 739 qui

135 753 259 840 legenti
273 776 308 820 se
323 753 375 820 vel
390 752 545 840 cogitanti
563 763 801 840 suggesserunt,
822 753 988 819 simillimo
1006 752 1084 834 veri,
1108 777 1197 821 cum-

136 879 200 944 que
208 867 276 922 tam
284 857 462 922 rationibus
473 855 679 937 Machanicis,
690 880 785 945 quam
798 857 1022 944 experimentis
1034 857 1194 944 Physicis,

135 967 170 1023 et
192 980 266 1024 oum
285 957 357 1045 ipsa
372 981 477 1023 rerum
494 964 609 1024 natura
630 959 926 1046 congruentissimo.
971 958 1086 1048 Neque
1106 961 1196 1026 nulla

135 1060 221 1126 mihi
235 1071 315 1126 tuno
328 1061 532 1128 oboriebatur
550 1061 709 1149 voluptas,
730 1085 804 1128 cum
824 1073 994 1151 postquam
1013 1062 1097 1129 inter
1115 1062 1195 1129 alios

134 1165 202 1230 ista
229 1164 312 1230 lucis
340 1173 557 1253 symptomata
581 1165 764 1253 explicandi
790 1165 901 1232 modos
928 1166 981 1232 hic
1006 1167 1074 1255 ipse
1096 1176 1196 1233 semet

136 1268 325 1354 ingesserat,
360 1290 433 1333 eum
461 1267 604 1333 examini
635 1268 819 1356 subjiciens,
850 1267 1041 1336 Goometrisa
1070 1269 1196 1356 legibus

138 1369 319 1456 (aliquanto
344 1392 421 1436 sane
445 1379 560 1458 practer
588 1370 855 1458 expectationem)
883 1370 962 1436 adeo
987 1370 1195 1459 quadrantem

137 1473 373 1562 comperissem.
418 1473 502 1540 Meae
520 1485 628 1540 tamen
647 1496 721 1540 eum
735 1484 802 1540 tam
816 1473 886 1540 fuse
900 1473 1070 1541 diducandi
1084 1497 1196 1563 poper-

135 1577 253 1643 oissem
279 1600 392 1665 operae,
418 1577 447 1643 si
473 1600 545 1665 quae
567 1577 768 1644 doctissimus
791 1577 984 1664 Maipaoaua
1008 1576 1096 1642 bisce
1121 1598 1196 1641 con·

137 1680 262 1762 formio,
273 1681 466 1748 luculentius
477 1681 606 1768 quidem
617 1681 729 1769 opinor
739 1689 771 1746 et
781 1680 967 1762 accuratius,
979 1679 1194 1769 pertractavit,

138 1784 326 1872 priusquam
351 1785 421 1850 haeo
446 1784 633 1872 aggrederer
661 1784 847 1872 contigisset
871 1783 1067 1873 inspexisse3
1097 1805 1195 1872 penes

138 1910 237 1974 quem
265 1898 375 1956 extans
404 1887 506 1954 multa
533 1887 581 1954 nil
606 1888 751 1954 dubitem
779 1889 851 1974 (nec
879 1887 964 1955 enim
993 1907 1066 1954 eum
1091 1886 1195 1954 adhuc

136 1990 295 2058 curiosius
310 1990 429 2076 evolvi)
447 1990 633 2080 supplendis
648 1991 710 2072 bis,
731 1999 764 2058 et
779 1991 1003 2058 confirmandis
1019 2012 1195 2058 accommo-

140 2093 224 2163 data
269 2095 368 2162 Porro
392 2095 454 2162 fuit
478 2096 576 2162 etiam
597 2095 732 2176 animus,
755 2094 846 2177 alias,
868 2116 940 2182 quae
962 2095 1108 2184 plurimae
1130 2103 1196 2160 tra-

139 2198 268 2280 duntur,
279 2198 392 2266 borum
402 2200 542 2266 rationes
555 2221 749 2288 percensere,
762 2223 798 2265 ac
808 2199 1034 2288 perstringere3
1048 2199 1194 2285 (quarum

138 2301 222 2366 mibi
236 2303 398 2369 nonnullae
413 2308 519 2368 crassa
535 2303 688 2391 petitione
704 2302 848 2368 laborare
856 2325 865 2382 3
888 2301 1026 2367 multum
1041 2300 1112 2367 alic
1127 2323 1148 2366 a
1160 2321 1195 2366 rc

134 2404 301 2492 proposita
314 2404 482 2486 abludere3
499 2405 645 2493 quadam
656 2404 800 2470 animum
811 2403 990 2470 subtilitate
1000 2404 1106 2490 potius
1120 2423 1195 2468 oon-

136 2509 280 2590 fundere,
301 2532 399 2597 quam
417 2510 453 2576 vi
474 2507 690 2595 constn'ngere
714 2506 905 2575 videbantur
915 2506 937 2590 3)
959 2527 1071 2571 verum
1097 2493 1194 2571 etiam

135 2611 216 2678 huic
230 2611 427 2698 exponenda
437 2611 535 2676 nimis
545 2631 641 2697 quam
651 2610 848 2690 immoratus,
860 2608 1014 2675 hactenus
1025 2607 1195 2674 insinuatis

134 2723 318 2795 contentus,
333 2737 443 2781 omnes
458 2712 636 2780 transiliam
648 2739 657 2795 ;
681 2711 769 2778 illius
783 2711 898 2778 saltem
913 2709 1120 2777 eruditissimi
1133 2709 1197 2778 viri

134 2816 230 2884 nefas
244 2815 339 2883 fuerit
356 2838 421 2882 non
441 2815 607 2904 astipulari
626 2815 764 2904 penitus,
789 2823 823 2882 et
843 2813 1039 2902 acquiescere
1053 2813 1196 2895 decreto;

132 2920 235 3007 “qui
263 2918 369 2986 Deum
394 2919 524 2986 unicum
550 2929 582 2986 et
607 2918 774 3008 Optimum
802 2917 837 2986 N
838 2926 936 2984 aturae
965 2915 1195 2999 Architectum‚

137 3021 225 3088 banc
247 3021 316 3108 (ait)
338 3020 442 3109 legem
461 3020 558 3086 radiis
581 3020 707 3087 diversa
726 3018 835 3086 media
856 3020 1093 3108 permeantibus
1114 3043 1197 3108 pras·

140 3127 322 3214 scripsisse3
354 3135 392 3192 ut
422 3147 532 3192 omnes
562 3124 691 3190 omnino
725 3124 809 3190 radii
836 3123 915 3210 veri,
948 3134 981 3190 et
1010 3133 1197 3213 apparentes

134 3230 272 3297 ‘eandem
288 3253 411 3317 semper
427 3231 512 3295 inter
526 3251 561 3296 se
575 3236 703 3296 servent
717 3227 931 3316 analogiam.'’
963 3226 1037 3310 His,
1053 3228 1195 3317 inquam,

140 3333 292 3414 dimissis,
325 3332 466 3400 succedit
493 3341 531 3398 ut
559 3354 577 3396 e
610 3330 805 3420 praestructis
838 3331 1022 3398 emanantia
1049 3331 1197 3418 quaedam

140 3436 320 3504 Porismata
341 3436 574 3503 subnectamus.

463 3737 882 3751 Μ

553 3952 684 4022 LEGT.
707 3950 775 4020 ΙΠ

140 4153 548 4312 LHYPOTHESES
563 4152 687 4245 Optiose
705 4152 882 4243 primarias,
898 4160 930 4219 et
945 4143 1200 4218 fundamentales

292 4283 385 4349 quasi
414 4260 501 4346 loges
522 4259 729 4347 exposuimus
755 4257 920 4336 hactenus,
944 4264 976 4320 et
1002 4253 1200 4320 excussimus

141 4365 434 4454 quomodocunque.
461 4362 631 4450 Sequitur
617 4383 686 4449 Jam
697 4371 734 4430 ut
744 4383 787 4426 ex
798 4383 839 4427 ns
850 4359 1044 4446 emergentia
1055 4359 1200 4445 quaedam

145 4467 200 4558 (ad
227 4468 482 4559 apparentiamm
511 4489 622 4536 causas
650 4476 718 4534 tam
742 4487 817 4534 vere
842 4488 938 4555 quam
964 4463 1112 4554 expedite
1135 4461 1201 4532 dis·'
