3167 5192
103 398 189 447 uror.
206 382 252 468 ν]
431 400 617 451 merueras
639 402 915 451 narununrrcm
1206 384 1245 449 81

961 522 974 557 0

102 574 151 633 sus
163 580 211 634 est
223 570 397 656 negotium,
413 570 470 637 sed
483 569 634 652 rationis;
657 568 732 637 huic
746 570 855 659 igitur,
878 593 942 637 non
965 570 1013 635 illi
1034 581 1108 637 tuus
1130 570 1165 635 in
1186 570 1247 651 his,

102 672 273 759 quicunque
287 673 339 754 sit,
354 695 440 739 error
455 672 550 739 debet
563 673 725 762 imputari.

159 773 365 842 Enucleatius
384 777 453 842 haec
475 800 611 865 possem,
634 787 667 843 et
686 776 790 863 magis
811 776 852 841 ad
874 775 985 841 vivum
1011 797 1168 856 resecare;
1192 776 1248 841 sed

102 878 169 944 nolo
181 880 348 966 questioni
367 881 494 968 penitus
508 880 734 969 philosophicae
754 880 913 969 meipsum
935 879 1030 946 ultius
1052 880 1247 967 immergere,

101 982 148 1047 rel
160 1006 179 1046 a
191 983 352 1070 proposito
362 983 491 1071 longius
501 985 640 1071 evagari.
673 984 760 1052 Satis
775 984 817 1049 sit
831 1007 888 1073 pro
902 995 969 1049 rato
984 984 1113 1072 fixoque
1127 1006 1250 1050 sumere

94 1107 136 1150 ac
149 1108 321 1174 supponere
345 1088 391 1173 (id
412 1088 499 1176 qnod
520 1111 613 1155 nemo
634 1094 744 1154 revert
764 1087 1003 1167 n0n=concedit‚
1027 1096 1059 1153 et
1080 1086 1249 1152 cordicitus

102 1188 302 1275 amplexatur)
329 1213 440 1277 sensus
463 1190 656 1255 adminiculo
681 1188 838 1277 quaedam,
862 1190 922 1257 etsi
944 1213 1008 1256 non
1029 1189 1144 1264 omnia,
1167 1200 1250 1255 recte

102 1290 236 1378 perspici,
252 1303 337 1359 certo
348 1292 496 1379 judicari.
526 1290 603 1359 Jam
617 1293 738 1380 quidsi
752 1292 821 1359 fieri
836 1316 928 1382 posse
941 1293 1093 1373 dieamus,
1109 1303 1145 1359 ut
1159 1316 1249 1359 mens

102 1394 233 1460 humana
259 1399 356 1481 (recte
379 1396 550 1463 constituta
567 1420 627 1463 nec
645 1406 751 1463 emota
769 1397 851 1462 sicut
871 1397 904 1461 in
926 1408 1066 1463 extreme
1085 1396 1191 1477 fatuis,
1212 1418 1249 1462 ac

103 1497 304 1583 dementibus)
329 1502 440 1566 nativi
454 1500 603 1566 facultate
617 1500 735 1587 polleat
749 1498 943 1566 universales
957 1500 1185 1588 propositiones
1200 1500 1249 1567 in·

103 1602 213 1681 tuendi,
219 1603 318 1669 simili
327 1603 422 1692 plane
433 1603 528 1669 modo
539 1627 601 1690 quo
614 1625 726 1669 sensus
736 1603 888 1669 discernit
898 1603 1093 1690 singulares?
1114 1602 1248 1691 Nempe,

103 1706 176 1771 sicut
187 1707 319 1773 istarum
335 1705 585 1796 propositionum
599 1709 726 1788 veritas,
743 1707 888 1774 Socrates
902 1708 1023 1782 existit,
1035 1708 1142 1795 aquila
1152 1709 1248 1789 volat,

103 1805 295 1896 Bucephalus
309 1812 417 1893 currit,
433 1835 454 1877 a
467 1834 562 1877 sensu
576 1811 757 1877 immediate
770 1811 958 1899 perspicitur
972 1822 1004 1877 et
1019 1812 1110 1899 quasi
1132 1810 1250 1898 dijudi-

103 1921 199 1991 catur3
215 1912 261 1977 ita
273 1913 372 1993 istas3
388 1913 638 1979 contradictoriae
652 1915 881 2002 propositiones
896 1925 1056 2001 nequeunt
1070 1936 1139 1981 esse
1154 1916 1250 1981 simul

102 2033 194 2096 verae;
224 2017 311 2103 quod
336 2016 507 2103 aliquando
528 2018 625 2106 coepit
646 2018 792 2099 existere,
817 2019 858 2084 ab
881 2017 944 2084 alio
966 2018 1053 2085 ducit
1074 2019 1248 2105 originem;

104 2118 176 2183 actio
185 2142 249 2185 rem
261 2120 369 2207 arguit
379 2121 529 2202 existere3
544 2121 609 2205 (vel
619 2131 656 2189 ut
670 2122 797 2187 effertur
805 2122 913 2209 vulgo,
919 2146 984 2189 non
993 2146 1049 2189 ens
1057 2123 1140 2189 nihil
1152 2124 1219 2209 agit
1225 2122 1247 2207 3)

103 2231 132 2285 et
140 2224 289 2308 ejusmodi
304 2225 536 2313 propositiones
546 2236 654 2291 nostra
667 2248 758 2291 mens
775 2226 882 2310 (etiam
897 2228 965 2293 sine
979 2228 1099 2316 praevia
1112 2229 1249 2309 notione,

103 2325 243 2413 nulloque
264 2327 411 2393 adhibito
430 2327 584 2407 discursu,
599 2327 634 2391 vi
655 2334 715 2393 sua
734 2328 856 2411 nativa)
881 2328 996 2396 directe
1018 2331 1197 2417 speculatur
1218 2342 1250 2398 et

104 2431 244 2517 comperit
265 2454 338 2498 esse
360 2454 469 2511 vcras3
493 2431 549 2517 qui
571 2431 686 2497 modus
708 2432 888 2519 attingendi
909 2432 1074 2499 veritatem
1098 2434 1249 2521 peculiari

105 2533 221 2599 nomine
237 2545 372 2600 vocatur
390 2534 509 2614 νόησις,
530 2534 654 2622 etipsa
674 2532 808 2600 facultas
831 2537 911 2605 νοῦς.
957 2534 1043 2613 Quid
1057 2536 1161 2600 obstat
1175 2558 1250 2603 vero

106 2655 162 2719 quo
179 2636 283 2703 minus
302 2638 363 2703 tali
384 2638 533 2705 facultate
553 2639 768 2727 percipiantur
782 2638 1016 2705 Mathematicae
1031 2638 1251 2705 demonstrati-

105 2738 168 2803 onis
180 2741 359 2829 principia?

163 2842 226 2909 Sed
245 2844 469 2932 philosophus,
492 2845 567 2927 aies,
590 2845 840 2934 propositionum
856 2846 996 2913 omnium
1012 2844 1249 2928 universalium,

107 2942 192 3010 etiam
211 2949 387 3035 primorum
408 2948 644 3036 principiorum,
660 2949 825 3014 veritatem
840 2972 904 3013 non
920 2948 1049 3015 aliunde
1063 2948 1170 3037 colligi
1193 2950 1250 3018 do-

108 3058 158 3128 cet,
175 3073 268 3138 qnam
286 3074 332 3117 ex
350 3050 541 3117 inductione.
587 3050 642 3117 Sic
662 3051 747 3117 enim
769 3052 842 3117 ille:
867 3050 919 3117 Οὐ
938 3052 1002 3136 μὴν
1024 3051 1115 3119 ἀλλὰ
1136 3052 1172 3120 ἐκ
1194 3058 1251 3121 τοῦ

108 3148 224 3237 θουρεῖν
243 3154 410 3223 πολλάκις
432 3157 528 3220 τοῦτο
549 3154 741 3237 συμβαῖνον,
761 3152 799 3219 τό
821 3152 963 3221 καθόλου
982 3154 1023 3221 όν
1041 3155 1252 3244 θηρεύσαντες

108 3250 258 3339 ἀπόδειξιν
271 3257 428 3345 οἴχομνῑ·
452 3255 513 3321 Ἐκ
525 3254 590 3344 *γὰρ
604 3258 669 3321 τῶν
683 3255 869 3321 rediscere
883 3258 1043 3324 πλειόνων
1057 3258 1094 3323 τό
1109 3259 1251 3327 καθόλου
1277 3252 1279 3255 ’

109 3352 205 3437 δῆλον.
249 3360 295 3425 Et
316 3359 514 3447 expressius3
538 3360 651 3441 Δῆλον
669 3356 717 3441 δὴ,
739 3356 790 3424 ότι
811 3358 889 3443 ἡμῖν
903 3359 946 3425 τό
959 3364 1074 3448 πρῶτα
1096 3360 1250 3450 ε’πονγωνῇ

109 3462 255 3546 γνωρίζειν
267 3461 453 3544 emmer
477 3459 545 3525 Kal
565 3458 631 3548 *γὰρ
651 3457 672 3541 ἡ
695 3460 847 3542 αἴσθησις
869 3458 953 3527 οθτω
976 3463 1014 3529 τό
1035 3462 1177 3532 καθόλου
1198 3465 1251 3549 ε’μ-

110 3570 212 3632 soar.
253 3566 301 3633 Et
316 3566 428 3645 adhuc,
445 3564 473 3630 si
486 3563 554 3629 fieri
568 3572 682 3651 potest,
698 3566 895 3631 manifestius
910 3566 944 3629 in
960 3566 1085 3633 Ethieis
1101 3568 1141 3633 ad
1154 3567 1251 3634 Nico-

110 3670 259 3739 machum:
283 3670 383 3737 Εἰσὶν
404 3668 469 3757 ἄρα
490 3666 600 3757 ἀρχοὶ,
624 3666 662 3752 ἐξ
681 3667 726 3735 ὦν
747 3667 764 3735 ό
786 3668 1021 3753 συλλογισμός,
1044 3668 1087 3737 ὥν
1109 3669 1166 3737 οὐκ
1179 3672 1251 3740 ἐστὶ

112 3777 330 3863 συλλογισμὸς,
366 3773 519 3857 ἐπαγωγὴ
553 3771 642 3862 ἄρα’,
695 3772 821 3853 Quibus
856 3785 1030 3841 consonant
1066 3798 1107 3841 ex
1141 3777 1251 3844 eodem

197 3904 206 3936 ¹
223 3918 240 3955 1.
253 3908 318 3956 Post.
330 3905 409 3955 Auel.
420 3920 474 3969 cap.
488 3916 527 3965 31.
801 3903 812 3936 ¹
828 3916 859 3955 11.
871 3904 948 3955 Anat.
961 3904 1026 3955 Post.
1040 3922 1093 3970 cap.
1107 3906 1153 3957 ult.

552 3982 563 4017 ³
580 3984 636 4034 Lib.
648 3996 685 4034 vr.
698 4000 751 4049 cap.
766 3999 789 4047 3.

116 4212 246 4353 mialaris
257 4230 303 4272 aea
313 4213 464 4286 particular
474 4212 581 4283 objecta
592 4210 629 4283 by
641 4212 690 4267 the
701 4212 809 4281 Senses,
819 4228 862 4267 we
873 4226 920 4267 see
930 4212 1041 4282 general
1053 4212 1146 4269 truths
1156 4212 1194 4285 by
1207 4214 1252 4269 ln-

161 4383 213 4442 But
221 4387 245 4443 it
254 4388 279 4443 is
290 4386 426 4458 objected,
435 4384 571 4441 Aristotle
579 4400 641 4453 says
649 4383 712 4439 that
719 4383 756 4439 ull
764 4384 876 4453 general
886 4384 1072 4456 Propositions
1083 4400 1131 4441 are
1140 4386 1254 4443 derr'red

117 4464 178 4523 from
190 4472 336 4528 Induction.

194 4576 268 4624 nu.
1124 4561 1161 4623 11
