3167 5192
112 428 201 477 sacr.
218 411 314 496 mm]
448 428 634 479 immotum
656 428 931 479 munausurcm
1208 411 1271 476 123

108 596 258 683 postulati
271 595 330 663 vel
345 596 513 661 axiomatis
526 595 682 661 nomine?
722 595 804 675 Quis
819 606 962 661 accurata
976 605 1113 661 umam
1128 594 1269 683 aliquam

108 700 272 765 scientiam
287 722 357 766 non
370 699 570 766 definitiones
584 699 744 786 separarit
757 701 800 765 ab
814 698 1009 765 axiomatis?
1034 700 1086 765 Ac
1100 700 1160 766 etsi
1173 723 1268 766 nemo

109 802 318 882 distinxisset,
335 809 400 869 non
419 803 492 869 ideo
511 813 642 891 possent
660 802 840 889 distingui?
883 803 955 883 Quo
977 802 1079 891 ipsius
1100 802 1199 889 igitur
1219 812 1268 869 tot

108 906 238 971 novellae
252 906 548 973 distinctiuncula?
572 920 577 927 ’
592 906 712 971 Verum
725 906 938 972 admittuntur
952 906 1020 971 solo
1034 905 1186 971 claritatis
1201 928 1268 972 sua

108 1008 241 1089 nomine,
257 1008 324 1074 hoc
339 1020 396 1089 est,
413 1009 533 1097 opinor,
547 1031 613 1073 non
627 1018 784 1095 quatenus
800 1008 999 1073 definitiones
1019 1017 1075 1073 aut
1093 1010 1266 1090 axiomata,

109 1111 160 1175 sed
171 1111 250 1197 quia
263 1110 372 1177 clara:
394 1110 486 1178 Esto,
531 1110 619 1190 Quid
636 1109 737 1176 inde?
779 1110 868 1197 Ergo
883 1134 947 1178 non
962 1109 1079 1177 debent
1093 1111 1265 1198 distingui:

109 1212 198 1278 Bella
209 1215 450 1301 consequentia,
465 1214 637 1303 persimilis
651 1214 736 1293 huic,
753 1212 861 1280 Solet
879 1213 1001 1302 lampas
1020 1215 1266 1301 conspiciuntur,

108 1340 168 1382 uon
182 1318 260 1383 solis
274 1329 310 1385 et
324 1318 483 1406 lampadis
496 1318 635 1398 nomine,
651 1316 708 1384 sed
722 1317 799 1404 quia
812 1317 896 1382 clare
910 1317 1035 1398 lucent;
1058 1340 1143 1405 argo,
1159 1317 1218 1385 Sol
1233 1328 1267 1387 et

108 1416 226 1509 lampas
241 1422 403 1508 distingui
416 1444 483 1487 non
496 1422 634 1503 debent;
650 1422 705 1487 rel
719 1444 795 1507 ergo
810 1442 874 1486 non
888 1431 937 1487 est
951 1420 1014 1486 aha
1028 1421 1087 1487 lux
1101 1422 1188 1505 solis,
1204 1422 1267 1489 alia

109 1523 270 1613 lampadis.

169 1629 217 1694 At
230 1652 327 1716 porro
342 1627 494 1717 disputat,
509 1628 552 1694 ab
566 1628 703 1695 Euclide
717 1628 887 1695 adhibetur
903 1628 938 1694 id
952 1628 1121 1695 discrimen
1140 1638 1265 1697 tantum

111 1730 256 1817 inprime
270 1732 367 1819 libro,
383 1732 417 1797 in
432 1732 555 1798 eoetcris
569 1742 679 1820 postea
692 1731 784 1797 libris
804 1742 984 1819 contempta
1002 1742 1051 1797 cst
1068 1732 1129 1797 ista
1147 1732 1265 1819 princi·

111 1834 229 1919 piorum
242 1834 437 1902 differentia.
475 1834 645 1902 contemta
659 1846 726 1916 est3
747 1834 834 1901 unde
849 1834 996 1901 constat?
1039 1833 1132 1901 Certe
1154 1834 1268 1901 defini-

111 1938 207 2003 tiones
224 1938 317 2018 alias,
334 1938 399 2003 alia
417 1938 578 2004 axiomata
599 1938 729 2026 subjicit
750 1938 829 2003 alibi
850 1938 928 2004 locis
949 1938 1151 2027 opportunis;
1174 1940 1267 2027 plura

112 2039 266 2125 postulata
286 2062 356 2107 non
376 2039 476 2120 addit,
499 2040 576 2126 quia
595 2040 694 2105 nullis
716 2040 788 2105 aliis
810 2062 890 2128 opus
911 2041 1097 2107 videbatur:
1122 2040 1188 2108 Sed
1208 2042 1266 2108 ubi

112 2141 272 2207 confundit
292 2142 376 2207 istas
396 2141 517 2228 species
538 2140 774 2229 principiorum,
789 2141 846 2207 uhi
868 2165 933 2230 praa
955 2165 990 2208 sc
1010 2144 1070 2211 fert
1085 2144 1168 2211 ullas
1190 2167 1267 2211 con·

112 2245 268 2311 temnere?
311 2243 388 2309 Nisi
402 2244 563 2332 postulata
576 2266 641 2309 nou
655 2242 796 2331 ἀκαίρως
812 2245 975 2313 nominare
994 2246 1037 2313 sit
1050 2247 1107 2312 ills
1126 2256 1267 2315 contem-

112 2368 189 2412 ncra
234 2347 303 2416 Sed
323 2347 437 2413 fortius
457 2347 556 2412 instat
576 2346 780 2413 Archimedis
800 2348 1021 2435 gravissimam
1041 2350 1266 2418 authoritatem

114 2450 314 2535 objectand03
339 2450 394 2538 qui
416 2450 624 2538 Isorrhepicis
646 2451 712 2517 suis
729 2461 896 2540 prestrata
914 2451 1070 2539 principia
1089 2454 1267 2541 promiscua

113 2563 199 2617 vocat
211 2552 391 2637 αἰτήματα.
433 2552 627 2637 Αἶτούμεθα,
643 2554 730 2634 dicit,
746 2551 791 2618 τὰ
812 2552 870 2617 ἴσα
886 2552 992 2639 βαρέα
1013 2550 1080 2618 ἀπὸ
1101 2557 1164 2619 τῶν
1186 2554 1267 2619 ἴσων

114 2655 234 2733 uuekus
248 2656 439 2742 ι’σοῤῥοπεῖν
456 2659 527 2742 (nec
540 2655 729 2721 absimiliter
747 2654 901 2731 Euclides
920 2655 955 2719 in
975 2653 1100 2743 Opticis
1114 2655 1267 2741 quaelibet

114 2756 279 2848 adsumpta
302 2760 458 2848 principia
478 2769 641 2848 nuncupat
660 2760 865 2847 hypotheses).
910 2758 961 2825 De
980 2758 1173 2825 Archimede
1192 2761 1268 2827 suh·

115 2869 231 2929 uottrat
243 2865 335 2931 idem
344 2864 413 2950 jam
428 2862 506 2929 olim
520 2861 678 2929 Geminus
692 2862 778 2949 apud
792 2860 939 2928 Proclum
955 2872 987 2929 et
1001 2862 1190 2946 Eutocium3
1214 2864 1266 2931 cui

116 2963 266 3033 ineuntis
283 2966 466 3053 respondeo,
483 2964 588 3032 forsan
607 2964 844 3046 Archimedem,
859 2966 1008 3032 brevitati
1028 2964 1217 3050 studentem,
1233 2977 1266 3034 et

116 3075 153 3131 'ne
176 3070 314 3137 nimium
343 3069 462 3154 exiguo
491 3068 603 3134 libello
631 3079 819 3156 apparatum
850 3078 1059 3157 praeatrucret,
1089 3078 1266 3135 extremam

116 3164 281 3256 &piscus
293 3170 438 3238 consulto
451 3170 651 3257 neglexisse;
674 3193 771 3258 quam
784 3182 891 3237 tamen
905 3171 941 3236 in
958 3171 1049 3237 libris
1071 3171 1111 3239 de
1134 3170 1268 3260 Sphaere

117 3280 146 3336 et
158 3272 325 3361 cylindro,
340 3274 380 3341 de
398 3273 588 3363 Spiralibus,
603 3284 637 3340 et
650 3273 723 3340 aliis
738 3275 892 3341 eudesius
911 3276 1064 3363 pertextis
1078 3276 1269 3359 observavit,

118 3378 312 3451 definitiones
326 3384 368 3450 ab
382 3384 551 3450 axiomatis
565 3384 744 3472 sejungens.

175 3485 243 3555 Nec
259 3487 340 3555 adeo
353 3488 470 3555 mirum
484 3496 534 3555 cst
551 3488 661 3555 eadem
678 3488 836 3556 vocabula
852 3510 937 3554 nunc
956 3486 1123 3575 angustius
1143 3488 1267 3577 stringi,

119 3610 197 3657 nunc
208 3591 343 3659 extendi
361 3591 457 3659 latius
477 3612 534 3680 pro
552 3590 711 3677 scriptoris
729 3590 869 3677 ingenio,
890 3590 943 3655 vel
961 3589 1130 3677 proposito.
1176 3589 1269 3658 Sicut

122 3688 222 3775 Stoici,
237 3695 383 3781 insignes
399 3694 451 3760 illi
468 3716 574 3760 rerum
593 3692 711 3781 pariter
730 3715 767 3759 ae
786 3691 1013 3758 vocabulorum
1033 3692 1124 3778 quasi
1143 3690 1269 3758 libella

121 3802 205 3879 tores,
219 3797 457 3866 enunciationes
476 3798 641 3864 universas
655 3798 848 3863 memorum
864 3792 959 3860 titulo
979 3793 1154 3875 dondmnt3
1177 3796 1270 3882 qussi

122 3909 206 3982 prout
221 3901 358 3967 virtutes
377 3910 410 3968 et
425 3899 516 3982 vitia,
532 3900 579 3967 sic
597 3909 631 3967 et
649 3897 880 3987 propositiones
900 3920 1009 3964 omnes
1029 3896 1091 3963 sihi
1111 3896 1267 3985 dignitate

123 4000 233 4070 vellent
255 4026 432 4092 exaequare.
476 4004 546 4071 Nec
567 4004 702 4070 diffiteor
723 4001 865 4089 alioquin
883 4002 1045 4090 petitionis
1066 4001 1267 4086 vocabulum,

124 4124 160 4169 ex
172 4107 353 4195 significatu
366 4109 503 4195 vulgari,
518 4108 596 4174 satis
610 4106 846 4174 accommodate
864 4106 961 4172 tribui
981 4106 1146 4193 principiis
1165 4108 1269 4174 omni-

126 4208 227 4277 modis.
271 4209 358 4276 Nam
377 4211 527 4299 quoniam
545 4218 706 4297 utcunque
726 4208 821 4275 debet
840 4207 1003 4297 impetrari
1021 4207 1173 4275 discentis
1193 4233 1269 4277 eou-

126 4326 234 4394 teusus,
249 4312 366 4379 doeens
379 4312 612 4401 quodammodo
626 4312 717 4400 petit.
750 4310 969 4379 Verecundius
983 4310 1017 4378 id
1030 4321 1114 4380 certe
1127 4335 1224 4400 quarn
1239 4316 1267 4381 si

174 4542 351 4601 Armimedes
361 4543 450 4602 mixcs
462 4544 626 4601 Definitionis
637 4542 692 4599 and
704 4542 868 4601 Postuatss
