3167 5192
410 377 453 443 28
762 396 950 448 nummum
972 395 1113 447 orarem.
1304 375 1416 461 [aner.
1434 389 1475 441 rr.

409 572 557 652 poterunt
569 563 724 652 proxime,
747 562 919 630 deferentia
939 561 1071 630 tendent
1091 569 1262 649 utrumque
1280 583 1339 650 per
1358 561 1476 627 horum

409 689 539 733 menum
568 677 736 756 tangentes
765 667 814 750 διε,
843 669 910 747 βας
940 666 1110 754 radiusque
1138 675 1225 733 totus
1254 663 1384 732 ABOD
1413 664 1478 730 boc

410 771 505 838 modo
520 771 671 852 detortus,
687 781 719 838 et
733 772 831 839 situm
843 770 934 852 αβδκ
948 779 1069 852 nactus,
1084 793 1141 858 per
1155 771 1239 836 banc
1253 779 1365 859 postea
1379 769 1480 836 semi·

411 885 479 940 tam
506 880 593 940 recta
615 875 767 942 decurret.
811 874 1042 941 Adnotandum
1072 884 1121 940 est
1144 883 1251 941 autem
1276 895 1480 962 quacunque

410 979 456 1045 ait
469 988 563 1046 rectae
581 981 649 1044 ΑΒ
668 978 709 1044 ad
730 988 848 1045 rectam
870 979 937 1044 EF
954 978 1130 1060 inclinatio,
1147 999 1239 1044 arcus
1253 974 1315 1056 Βδ,
1329 977 1387 1055 Ββ
1410 975 1479 1060 (vel

411 1080 661 1148 semidiametros
676 1081 748 1162 ZD,
764 1081 838 1165 ZB)
863 1080 996 1146 eandem
1018 1102 1142 1168 semper
1160 1079 1278 1146 babere
1298 1079 1480 1166 proportio-

411 1205 485 1248 nem
500 1183 583 1249 inter
602 1205 654 1262 se;
677 1181 773 1248 talem
788 1203 911 1270 nempe,
928 1180 1052 1268 qualem
1068 1181 1103 1246 in
1123 1181 1289 1256 densitate,
1305 1202 1362 1246 reu
1378 1181 1479 1248 resis-

412 1286 514 1352 tentia
533 1284 693 1372 peculiare
716 1283 885 1349 discrimen
909 1283 1021 1370 exigit.
1067 1281 1197 1349 Etenim
1221 1293 1417 1372 supponatur
1439 1285 1478 1350 in

411 1387 527 1475 quovis
542 1387 718 1475 superficiei
737 1386 904 1474 pellucidae
926 1387 994 1453 loco
1015 1387 1156 1476 positum
1178 1387 1297 1454 mobile
1318 1397 1479 1475 puuctum

412 1490 446 1554 B
452 1515 461 1572 ;
484 1513 557 1556 cum
571 1490 713 1556 medium
731 1491 793 1556 hoc
819 1513 860 1556 ex
883 1491 1055 1578 hypothesi
1077 1488 1120 1556 sit
1141 1490 1374 1578 homogeneum
1400 1492 1480 1576 (hoe

413 1602 463 1659 est
476 1593 595 1681 ubique
617 1593 734 1681 pariter
753 1591 921 1677 obsistens)
946 1593 1036 1658 nulla
1055 1602 1167 1680 potest,
1184 1594 1297 1682 opinor
1317 1595 1479 1682 assignari

413 1695 495 1761 ratio
509 1717 565 1761 cur
582 1695 643 1760 hoc
656 1694 776 1760 mobile
789 1716 855 1760 non
874 1693 908 1760 in
923 1695 1054 1782 quasvis
1068 1705 1174 1783 partes
1194 1701 1286 1783 aequt
1304 1697 1479 1764 velocitate

275 1806 308 1857 '·
339 1843 362 1894 ·,
413 1799 527 1871 deferri
542 1799 643 1887 possit
650 1824 659 1879 ;
681 1798 834 1864 nimirum
859 1819 949 1886 mque
970 1799 1112 1866 celeriter
1133 1799 1175 1866 ad
1202 1800 1230 1880 Q
1252 1799 1371 1881 tendet,
1400 1801 1479 1885 (im-

412 1911 523 1988 petum
537 1901 631 1966 modo
653 1901 770 1988 ceperit
795 1900 899 1966 isthac
919 1900 1133 1988 dirigentem)
1150 1923 1206 1988 per
1226 1912 1345 1968 rectam
1369 1902 1476 1983 OBQ,

412 2003 498 2067 acin
512 2002 553 2066 N
568 2025 625 2090 per
639 2011 756 2067 rectam
770 2002 879 2069 ΑΒΝ.
923 2002 1078 2090 Adeoque
1098 2003 1178 2069 radii
1200 2003 1299 2068 lucidi
1317 2003 1392 2085 ΑΒ,
1414 2005 1481 2072 OB

411 2114 573 2191 utcunque
596 2103 776 2169 differenter
799 2102 943 2169 inclinati
969 2127 1077 2192 parem
1107 2103 1477 2174 omnino-resistentiam

411 2206 592 2287 invenient3
615 2215 779 2293 punctum,
799 2205 940 2292 inquam,
956 2206 996 2285 B,
1014 2228 1070 2272 seu
1091 2227 1202 2271 versus
1226 2207 1263 2286 Q,
1286 2228 1344 2272 seu
1362 2228 1476 2274 versus

411 2311 452 2375 N
460 2310 588 2391 nitatur,
609 2309 781 2397 aequaliter,
803 2308 976 2396 eodemque
994 2308 1089 2375 modo
1106 2308 1325 2376 retardabitur.
1370 2309 1476 2390 Quin-

272 2427 305 2479 i.
334 2464 342 2479 .
410 2414 508 2482 etiam
537 2423 789 2501 compunctum
815 2414 849 2479 D
875 2413 909 2477 in
934 2412 1037 2501 primo
1065 2413 1170 2480 medio
1199 2435 1322 2501 semper
1350 2415 1474 2495 etdem,

410 2538 608 2605 quacunque
623 2516 718 2582 fuerit
732 2517 803 2604 ejus
824 2515 950 2603 positio,
966 2514 1126 2581 celeritate
1140 2523 1372 2603 promoveatur,
1393 2518 1474 2584 satis

411 2631 542 2709 apparet
558 2631 664 2688 motus
685 2621 774 2700 istos,
800 2629 856 2686 aut
877 2629 1021 2684 motuum
1042 2618 1181 2698 semitas,
1205 2619 1315 2686 eodem
1330 2630 1474 2708 tempore

410 2723 568 2800 decmsas,
587 2747 677 2790 arcus
695 2745 810 2812 nempe
835 2721 1001 2788 circulares
1026 2721 1089 2802 De,
1114 2722 1173 2801 Ββ
1194 2743 1318 2811 semper
1337 2725 1473 2792 eandem

410 2825 493 2890 iuter
516 2847 550 2892 se
571 2825 805 2913 proportionem
829 2846 972 2904 servare;
994 2822 1146 2889 nimirum
1171 2823 1271 2905 illam,
1294 2847 1390 2912 quam
1412 2827 1473 2893 ha·

410 2927 488 2992 bent
510 2926 735 2993 semidiametri
754 2928 825 3007 ZD,
840 2928 907 3007 ZB,
923 2926 976 2993 vel
993 2926 1052 3008 Ζδ,
1071 2927 1132 2992 ΖΒ
1137 2951 1146 3008 ;
1170 2948 1241 3015 quae
1263 2927 1380 2994 idcirco
1399 2953 1473 3017 pro-

409 3030 523 3117 portio,
553 3029 770 3117 principaliter
801 3051 838 3094 ac
866 3030 1026 3117 primarie,
1062 3030 1222 3096 radiorum
1258 3031 1471 3114 refractiores,

410 3132 452 3198 ad
480 3131 597 3200 eadem·
615 3131 678 3198 duo
707 3131 826 3197 media·
844 3131 952 3214 factas,
983 3133 1172 3199 determinat
1204 3145 1298 3222 atque
1331 3137 1471 3204 metitur.

411 3235 508 3302 Hanc
529 3245 636 3303 autem
660 3235 794 3302 eandem
821 3256 890 3302 esse
918 3245 1008 3324 patet
1037 3259 1111 3304 cum
1139 3237 1326 3325 illaquam
1352 3239 1474 3307 habeut

409 3340 487 3406 recti
501 3339 591 3406 sinus
609 3339 798 3426 angolorum
812 3339 891 3427 ipsis
906 3338 964 3421 Ζδ,
979 3341 1040 3406 ΖΒ
1052 3341 1086 3406 in
1099 3341 1260 3428 triangulo
1279 3342 1361 3409 ΖδΒ
1373 3365 1473 3432 oppo-

410 3443 553 3526 sitorum,
569 3444 710 3532 ipsorum
725 3442 848 3510 scilicet
861 3441 938 3508 ΖΒδ
954 3443 1018 3531 (vel
1032 3446 1140 3531 ΖΒΒ)
1157 3457 1190 3512 et
1203 3445 1292 3513 ΖδΒ.
1338 3446 1401 3513 Est
1415 3470 1474 3514 au·

410 3558 476 3614 tem
499 3548 640 3635 angulus
661 3547 753 3613 ZBE
768 3546 1035 3635 complementum
1058 3549 1170 3636 auguli
1193 3551 1297 3631 ABE,
1327 3551 1400 3636 (hoc
1422 3561 1473 3618 est

410 3651 547 3739 angulus
568 3650 783 3717 inclinationis
802 3661 897 3718 rectae
917 3651 985 3717 AB
1005 3653 1046 3718 ad
1069 3653 1150 3737 ΕΒζ)
1175 3663 1207 3720 et
1228 3653 1366 3740 angulus
1387 3657 1421 3720 Z
1421 3654 1476 3720 δΒ

410 3765 459 3820 est
473 3751 738 3842 complementum
756 3751 869 3838 auguli
886 3751 966 3834 Βδκ,
991 3753 1043 3819 vel
1067 3753 1231 3821 inclinatio
1251 3765 1345 3822 recta
1368 3755 1408 3822 διε
1428 3756 1473 3824 ad

409 3857 543 3923 eandem
571 3857 642 3922 EF.
686 3855 792 3942 Igitur
829 3855 956 3922 abunde
988 3856 1089 3943 liquet
1124 3857 1330 3945 propositum.
1376 3858 1473 3926 Patet

408 3983 493 4040 vero,
521 3959 606 4046 quod
629 3959 664 4024 in
692 3959 755 4024 hoe
776 3980 861 4038 casu,
886 3958 1024 4046 angulus
1047 3960 1141 4025 ΒΒΖ
1159 3961 1261 4048 major
1281 3971 1330 4028 est
1351 3961 1471 4048 angulo

408 4061 505 4145 ΒδΖ;
528 4061 591 4141 vel,
607 4060 713 4128 ductis
733 4061 811 4144 BM,
830 4061 888 4128 eN
903 4061 945 4128 ad
963 4064 1028 4128 EF
1042 4064 1364 4151 perpendicularibns,
1384 4066 1471 4154 quod

408 4166 546 4252 angulus
569 4165 672 4232 MBG
689 4166 791 4256 major
811 4176 860 4232 est
884 4167 1004 4254 angulo
1029 4154 1130 4249 Nea,
1147 4167 1288 4256 adeoque
1309 4169 1397 4257 quod
1415 4169 1470 4236 hic

407 4268 551 4334 retractio
565 4292 675 4336 versus
686 4269 984 4357 perpendicularem,
1000 4271 1087 4358 quod
1102 4271 1200 4352 aiunt,
1217 4272 1384 4360 contingit.

465 4368 517 4435 Ac
538 4370 586 4435 ita
608 4370 737 4458 quidem
761 4371 889 4458 quando
908 4371 1016 4438 radius
1039 4372 1075 4438 in
1097 4372 1238 4440 medium
1259 4375 1383 4456 bausit,
1406 4373 1468 4462 ipsi

407 4471 511 4560 magis
525 4471 693 4554 obsistens,
717 4495 774 4539 seu
799 4471 938 4542 densim.
975 4473 1023 4540 At
1039 4474 1067 4540 si
1089 4474 1194 4542 medio
1213 4475 1346 4545 incurrit
1367 4475 1467 4544 adli·
