3167 5192
102 410 205 461 usur.
222 393 316 479 mn]
448 409 636 461 nncrronus
658 409 934 461 mensurnus.
1209 396 1271 463 301

107 577 251 665 intelligi
265 587 379 666 potest,
395 578 482 665 quod
495 578 603 666 aliquo
617 576 826 645 determinato
840 577 934 645 modo
948 576 1030 645 illud
1047 578 1188 645 continet
1201 578 1271 661 hoc,

109 681 162 749 vel
176 683 215 748 in
229 682 292 749 hcc
305 682 493 763 continetur,
508 682 601 749 aliter
620 682 741 749 scilicet
755 704 851 768 quam
872 682 960 749 aliud
978 670 1114 771 quoduis
1131 682 1181 749 illi
1195 683 1272 750 inae-

107 785 206 874 quale
220 785 372 866 continet,
394 785 456 853 hoc
472 786 526 853 vel
548 786 583 851 in
608 807 646 852 eo
667 786 863 867 continetur3
886 808 924 852 ac
945 786 991 853 ita
1009 786 1138 873 quidem
1155 794 1193 854 ut
1211 785 1273 853 iste

108 888 297 956 continendi
327 888 442 956 modus
466 889 637 977 persimilis
667 889 710 956 sit
738 889 778 970 ei,
808 911 871 977 quo
901 889 1040 956 numeris
1070 888 1274 956 denominata

107 1000 234 1078 quanta
247 1014 282 1058 se
300 991 474 1073 continent,
489 1001 546 1059 aut
566 992 601 1057 in
618 1015 653 1059 se
674 992 875 1059 continentur
896 992 1087 1081 respectiue3
1110 991 1273 1080 possitque

107 1094 302 1182 simpliciter
315 1103 347 1161 et
360 1116 403 1160 ex
427 1104 516 1184 parte
536 1095 583 1161 rei
604 1117 729 1183 semper
746 1095 886 1163 numeris
909 1094 1047 1183 exprimi
1067 1116 1163 1182 quam
1177 1117 1275 1183 prox-

107 1198 186 1265 ime.
233 1196 326 1265 Sicut
340 1221 371 1263 v.
384 1219 417 1283 g.
433 1219 506 1263 cum
523 1198 604 1263 ratio
621 1195 808 1286 peripheriae
830 1197 989 1263 circularis
1011 1197 1054 1263 ad
1074 1197 1273 1277 diamch'um,

105 1300 208 1368 nobis
236 1299 343 1386 quoad
372 1297 542 1386 dsptdaaav
566 1300 721 1387 ignorata,
747 1306 989 1386 repraesentatur
1018 1299 1161 1382 dicendo,
1188 1298 1275 1387 quod

106 1400 294 1489 peripheria
315 1401 357 1467 sit
378 1401 524 1468 diamani
544 1401 641 1490 tripla
658 1392 909 1489 sesquiseptima,
930 1401 991 1468 hoc
1017 1414 1075 1483 est,
1102 1412 1150 1469 tar
1171 1402 1274 1490 ipsam

107 1505 276 1571 contineat
300 1517 333 1570 et
358 1504 426 1592 ejus
444 1526 543 1571 unam
568 1504 736 1593 septimam
761 1514 894 1592 partem,
924 1503 1112 1593 apponendo
1125 1505 1198 1593 fara
1222 1506 1276 1572 vel

99 1632 217 1697 prope.
264 1606 321 1677 Sic
334 1608 459 1675 stratio
476 1607 622 1674 diametri
636 1607 779 1675 adlatus
799 1606 954 1695 quadrati,
971 1630 1043 1695 quaa
1060 1608 1201 1675 numeris
1219 1631 1276 1675 ax-

108 1712 211 1800 primi
232 1711 364 1799 praecise
385 1721 499 1777 natura
520 1710 567 1775 rei
592 1732 656 1777 non
676 1709 806 1797 patitur,
828 1718 934 1797 potest
955 1720 1116 1798 utcunque
1135 1711 1276 1778 numeris

110 1816 154 1881 ad
168 1836 283 1881 uerum
303 1813 525 1881 accedentibus
546 1812 762 1900 repraesentari
772 1838 782 1893 3
805 1811 940 1881 dicendo
962 1812 1047 1901 quod
1069 1812 1222 1881 diameter
1242 1836 1277 1882 se

111 1918 213 1984 habet
233 1916 275 1982 ad
298 1915 393 1997 latus,
408 1926 445 1982 ut
461 1923 511 1982 1.4
526 1914 568 1981 ad
584 1923 600 1980 1
616 1913 699 1996 ferc3
721 1914 775 1981 vel
794 1914 933 2004 propius,
953 1924 990 1985 ut
1010 1924 1077 1984 1.41
1103 1916 1144 1983 ad
1165 1925 1202 1997 1;
1222 1917 1277 1985 uel

110 2022 222 2089 adhuc
236 2022 422 2103 accuratius,
437 2027 475 2088 ut
491 2026 581 2087 1.416
596 2019 638 2086 ad
654 2028 690 2087 1:
713 2029 746 2087 et
760 2018 807 2087 sic
821 2042 913 2109 porro
932 2020 1036 2109 magis
1050 2020 1092 2087 ad
1107 2020 1277 2110 ἀκρίβειαν

110 2124 409 2215 appropinquando.

181 2229 303 2295 Verum
316 2228 447 2295 rationis
466 2236 613 2293 naturam
626 2228 760 2295 ulterius
779 2227 939 2296 illustrare
959 2230 1152 2311 conabimur,
1174 2230 1277 2319 primo

111 2332 237 2421 species
251 2331 321 2419 ejus
335 2340 368 2399 et
381 2330 575 2398 differentias
586 2329 782 2411 exhibend03
802 2330 970 2419 (siquidem
986 2331 1027 2397 ad
1040 2355 1191 2419 generum
1205 2356 1277 2421 per-

112 2436 279 2503 sectionem
292 2434 440 2501 notitiam
453 2432 534 2500 lucis
548 2432 722 2521 plurimum
736 2440 769 2498 ct
782 2433 919 2500 subsidii
934 2434 1055 2501 confert
1065 2436 1278 2522 subjectarum

111 2536 293 2625 specierum
314 2534 562 2622 comprehensio,
577 2544 688 2621 utpote
707 2556 842 2620 quarum
863 2556 905 2600 ex
931 2535 1152 2603 convenientis
1173 2538 1278 2625 quoad

112 2639 321 2708 essentialem
343 2638 484 2725 aliquam
503 2637 737 2726 proprietatem,
759 2636 991 2704 constituantur
1013 2646 1046 2705 et
1068 2638 1161 2726 quasi
1183 2661 1279 2725 gene-

113 2753 230 2811 rantur
247 2743 320 2831 ipsa
337 2740 481 2829 genera3)
503 2750 573 2808 tum
592 2740 742 2821 secundo,
759 2741 916 2807 rationum
937 2740 1112 2809 accidentia
1132 2742 1279 2832 quedam

115 2845 272 2936 primaria
306 2844 568 2935 (comparationes
598 2844 683 2911 inter
712 2865 757 2924 se,
787 2844 1058 2931 compositionem,
1088 2846 1279 2915 continuati·

117 2972 223 3031 onem,
238 2948 444 3029 additionem,
459 2946 714 3027 subtractionem,
730 2945 930 3028 divisionem,
946 2946 1161 3015 reduchonem
1179 2970 1278 3037 expo-

116 3051 236 3138 nendo)
261 3075 321 3119 nec
339 3074 406 3119 non
424 3050 546 3118 interea
569 3051 759 3139 quaestiones
778 3049 903 3137 aliquas
923 3048 1023 3117 obiter
1046 3049 1222 3120 incidentes
1243 3052 1278 3118 in

117 3156 336 3223 controversis
349 3153 479 3244 positas,
494 3178 559 3222 non
581 3176 693 3241 parum
713 3152 757 3219 ad
774 3152 901 3241 cujusce
918 3154 1058 3223 materia
1076 3154 1278 3224 dilucidatio-

117 3282 193 3326 nem
208 3258 413 3340 conferentes,
428 3256 640 3325 eventilando.

184 3360 283 3442 Quod
299 3360 429 3428 rationis
443 3360 564 3449 species
578 3360 702 3441 attinet,
714 3361 783 3448 ejus
798 3360 913 3429 divisio
928 3362 1162 3429 naturalissime
1175 3363 1279 3451 prima

116 3464 327 3534 terminorum
344 3464 503 3531 disemum
525 3462 725 3529 affectionem
746 3464 950 3550 consequitur
972 3465 1033 3531 hoc
1054 3463 1168 3531 modo:
1191 3475 1280 3533 ante·

115 3570 236 3638 cedens
261 3568 392 3641 rationis
414 3566 467 3633 vel
489 3567 592 3655 major
616 3575 665 3633 est
687 3573 907 3653 consequente,
933 3565 986 3633 vel
1011 3566 1142 3653 equalis
1164 3566 1204 3649 ei,
1227 3568 1280 3634 vel

115 3673 225 3739 minor
244 3695 300 3751 0⁰3
321 3671 398 3737 hinc
411 3679 475 3737 tres
494 3668 626 3737 rationis
640 3669 1027 3757 speciesaubnascuntm:
1050 3668 1147 3735 Ratio
1168 3668 1280 3756 quanti

116 3776 252 3865 majoris
268 3776 310 3843 ad
328 3776 445 3857 minus,
468 3773 601 3862 aqualis
622 3771 663 3838 ed
683 3772 814 3860 aequalc,
836 3771 967 3839 minoris
989 3772 1030 3839 ad
1049 3772 1182 3861 majus3¹
1195 3794 1281 3839 com-

116 3879 260 3947 muniter
273 3877 484 3967 appellantur,
502 3876 601 3943 Ratio
621 3874 750 3963 majoris
771 3873 1007 3963 inaequalitatis,
1024 3874 1225 3963 aequalitatis,
1249 3886 1282 3942 et

117 3980 255 4049 minoris
267 3980 512 4069 inaequalitatis3
534 3978 658 4067 possint
674 3986 782 4045 autem
802 3977 978 4067 simplicius
997 3989 1029 4046 et
1046 3976 1176 4047 brevius
1197 4000 1281 4045 nun-

118 4083 233 4172 cupari
246 4084 418 4172 majoritas,
431 4080 606 4169 aequalitas,
618 4079 797 4161 minoritas;
817 4081 950 4169 (nosque
964 4080 1147 4149 nominibus
1160 4080 1212 4148 his
1226 4104 1280 4150 aas

118 4270 172 4325 the
183 4265 336 4335 diameter;
351 4266 408 4322 and
419 4265 468 4322 the
479 4264 607 4336 ungoru
618 4265 788 4335 otasquare
803 4267 833 4321 tc
849 4262 898 4321 the
913 4260 1280 4330 accusatoremne

118 4353 218 4424 narro
228 4370 259 4409 aa
271 4358 347 4409 rare
358 4355 389 4408 to
402 4357 425 4407 1.

174 4440 228 4496 We
238 4439 308 4496 shall
319 4438 449 4496 consider
458 4454 519 4495 nou
529 4439 579 4495 tha
589 4437 679 4507 kinds,
691 4436 746 4493 and
757 4436 807 4493 the
819 4426 959 4493 accidente
970 4434 1001 4491 ol
1010 4434 1102 4491 ratius.

175 4526 261 4583 Ratio
271 4525 303 4583 of
311 4528 424 4597 greater
434 4524 593 4599 inequality,
606 4525 637 4581 ol
645 4523 773 4596 equality,
784 4522 840 4580 and
852 4524 883 4580 ol
891 4522 946 4579 less
958 4520 1115 4593 insqrnlity.
