<?xml version="1.0" encoding="UTF-8"?>
<!DOCTYPE html PUBLIC "-//W3C//DTD XHTML 1.0 Transitional//EN"
    "http://www.w3.org/TR/xhtml1/DTD/xhtml1-transitional.dtd">
<html xmlns="http://www.w3.org/1999/xhtml" xml:lang="en" lang="en">
 <head>
  <title>
</title>
<meta http-equiv="Content-Type" content="text/html;charset=utf-8" />
  <meta name='ocr-system' content='tesseract 3.04.00' />
  <meta name='ocr-capabilities' content='ocr_page ocr_carea ocr_par ocr_line ocrx_word'/>
</head>
<body>
  <div class='ocr_page' id='page_1' title='image "./mathematicalwor00whewgoog_0336.png"; bbox 0 0 3167 5192; ppageno 0'>
   <div class='ocr_carea' id='block_1_1' title="bbox 322 394 1470 483">
    <p class='ocr_par' dir='ltr' id='par_1_1' title="bbox 322 394 1470 483">
     <span class='ocr_line' id='line_1_1' title="bbox 322 394 1470 483; baseline -0.003 -18"><span class='ocrx_word' id='word_1_1' title='bbox 322 401 386 468; x_wconf 77' lang='lat'><strong>312</strong></span> <span class='ocrx_word' id='word_1_2' title='bbox 658 415 844 469; x_wconf 81' lang='lat' dir='ltr'><strong>uscmorms</strong></span> <span class='ocrx_word' id='word_1_3' title='bbox 866 412 1140 465; x_wconf 73' lang='lat' dir='ltr'><strong>munnuanrcsr.</strong></span> <span class='ocrx_word' id='word_1_4' title='bbox 1273 394 1382 483; x_wconf 77' lang='lat' dir='ltr'><strong>[aner.</strong></span> <span class='ocrx_word' id='word_1_5' title='bbox 1396 412 1470 463; x_wconf 80' lang='lat' dir='ltr'><strong>xm.</strong></span> 
     </span>
    </p>
   </div>
   <div class='ocr_carea' id='block_1_2' title="bbox 317 585 1545 4203">
    <p class='ocr_par' dir='ltr' id='par_1_2' title="bbox 317 585 1473 1393">
     <span class='ocr_line' id='line_1_2' title="bbox 320 585 1473 675; baseline -0.003 -20"><span class='ocrx_word' id='word_1_6' title='bbox 320 586 436 656; x_wconf 87' lang='lat' dir='ltr'><strong>unitati</strong></span> <span class='ocrx_word' id='word_1_7' title='bbox 457 587 610 655; x_wconf 85' lang='lat' dir='ltr'><strong>subnexee</strong></span> <span class='ocrx_word' id='word_1_8' title='bbox 632 588 679 675; x_wconf 91' lang='lat' dir='ltr'><strong>(in</strong></span> <span class='ocrx_word' id='word_1_9' title='bbox 704 586 942 656; x_wconf 87' lang='lat' dir='ltr'><strong>denominatore</strong></span> <span class='ocrx_word' id='word_1_10' title='bbox 961 586 1130 675; x_wconf 79' lang='lat' dir='ltr'><strong>preposite</strong></span> <span class='ocrx_word' id='word_1_11' title='bbox 1151 585 1296 672; x_wconf 87' lang='lat' dir='ltr'><strong>rationis)</strong></span> <span class='ocrx_word' id='word_1_12' title='bbox 1322 606 1398 653; x_wconf 87' lang='lat' dir='ltr'><strong>cum</strong></span> <span class='ocrx_word' id='word_1_13' title='bbox 1418 606 1473 651; x_wconf 89' lang='lat' dir='ltr'><strong>nu·</strong></span> 
     </span>
     <span class='ocr_line' id='line_1_3' title="bbox 318 687 1473 777; baseline -0.003 -20"><span class='ocrx_word' id='word_1_14' title='bbox 318 698 455 758; x_wconf 88' lang='lat' dir='ltr'><strong>merator</strong></span> <span class='ocrx_word' id='word_1_15' title='bbox 491 698 560 756; x_wconf 87' lang='lat' dir='ltr'><strong>tum</strong></span> <span class='ocrx_word' id='word_1_16' title='bbox 590 689 810 757; x_wconf 83' lang='lat' dir='ltr'><strong>denominator</strong></span> <span class='ocrx_word' id='word_1_17' title='bbox 846 688 1063 756; x_wconf 81' lang='lat' dir='ltr'><strong>enuncientur.</strong></span> <span class='ocrx_word' id='word_1_18' title='bbox 1112 687 1327 777; x_wconf 80' lang='lat' dir='ltr'><strong>Appellantur</strong></span> <span class='ocrx_word' id='word_1_19' title='bbox 1362 710 1473 775; x_wconf 85' lang='lat' dir='ltr'><strong>nempe</strong></span> 
     </span>
     <span class='ocr_line' id='line_1_4' title="bbox 318 788 1473 882; baseline -0.003 -22"><span class='ocrx_word' id='word_1_20' title='bbox 318 792 399 860; x_wconf 89' lang='lat' dir='ltr'><strong>ratio</strong></span> <span class='ocrx_word' id='word_1_21' title='bbox 420 792 690 882; x_wconf 75' lang='lat' dir='ltr'><strong>superbipartiens</strong></span> <span class='ocrx_word' id='word_1_22' title='bbox 711 791 831 873; x_wconf 86' lang='lat' dir='ltr'><strong>tertias,</strong></span> <span class='ocrx_word' id='word_1_23' title='bbox 855 792 993 879; x_wconf 82' lang='lat' dir='ltr'><strong>quintas,</strong></span> <span class='ocrx_word' id='word_1_24' title='bbox 1016 788 1178 878; x_wconf 85' lang='lat' dir='ltr'><strong>septimas,</strong></span> <span class='ocrx_word' id='word_1_25' title='bbox 1201 789 1261 857; x_wconf 78' lang='lat' dir='ltr'><strong>dcc</strong></span> <span class='ocrx_word' id='word_1_26' title='bbox 1304 788 1348 855; x_wconf 90' lang='lat' dir='ltr'><strong>In</strong></span> <span class='ocrx_word' id='word_1_27' title='bbox 1370 810 1473 857; x_wconf 84' lang='lat' dir='ltr'><strong>exem·</strong></span> 
     </span>
     <span class='ocr_line' id='line_1_5' title="bbox 318 890 1473 985; baseline -0.006 -22"><span class='ocrx_word' id='word_1_28' title='bbox 318 896 419 985; x_wconf 89' lang='lat' dir='ltr'><strong>plum,</strong></span> <span class='ocrx_word' id='word_1_29' title='bbox 434 895 517 961; x_wconf 89' lang='lat' dir='ltr'><strong>ratio</strong></span> <span class='ocrx_word' id='word_1_30' title='bbox 535 894 662 961; x_wconf 87' lang='lat' dir='ltr'><strong>numeri</strong></span> <span class='ocrx_word' id='word_1_31' title='bbox 678 902 715 960; x_wconf 78' lang='lat'><strong>12</strong></span> <span class='ocrx_word' id='word_1_32' title='bbox 730 893 773 960; x_wconf 89' lang='lat' dir='ltr'><strong>ad</strong></span> <span class='ocrx_word' id='word_1_33' title='bbox 787 903 817 975; x_wconf 82' lang='grc'><strong>7,</strong></span> <span class='ocrx_word' id='word_1_34' title='bbox 833 893 894 959; x_wconf 90' lang='lat' dir='ltr'><strong>hoc</strong></span> <span class='ocrx_word' id='word_1_35' title='bbox 911 901 969 974; x_wconf 90' lang='lat' dir='ltr'><strong>est,</strong></span> <span class='ocrx_word' id='word_1_36' title='bbox 986 892 1067 958; x_wconf 84' lang='lat' dir='ltr'><strong>assis</strong></span> <span class='ocrx_word' id='word_1_37' title='bbox 1084 890 1126 958; x_wconf 88' lang='lat' dir='ltr'><strong>ad</strong></span> <span class='ocrx_word' id='word_1_38' title='bbox 1145 901 1339 981; x_wconf 86' lang='lat' dir='ltr'><strong>septunoem,</strong></span> <span class='ocrx_word' id='word_1_39' title='bbox 1365 890 1473 957; x_wconf 87' lang='lat' dir='ltr'><strong>dicitur</strong></span> 
     </span>
     <span class='ocr_line' id='line_1_6' title="bbox 317 993 1472 1091; baseline -0.002 -26"><span class='ocrx_word' id='word_1_40' title='bbox 317 998 685 1087; x_wconf 65' lang='lat' dir='ltr'><strong>asperquc&#39;aquiparts&#39;ens</strong></span> <span class='ocrx_word' id='word_1_41' title='bbox 698 998 868 1085; x_wconf 55' lang='lat' dir='ltr'><strong>septimam</strong></span> <span class='ocrx_word' id='word_1_42' title='bbox 889 996 923 1061; x_wconf 89' lang='lat' dir='ltr'><strong>iu</strong></span> <span class='ocrx_word' id='word_1_43' title='bbox 940 1001 1004 1083; x_wconf 82' lang='lat' dir='ltr'><strong>qud</strong></span> <span class='ocrx_word' id='word_1_44' title='bbox 1020 993 1181 1091; x_wconf 88' lang='lat' dir='ltr'><strong>locutione</strong></span> <span class='ocrx_word' id='word_1_45' title='bbox 1198 994 1366 1063; x_wconf 89' lang='lat' dir='ltr'><strong>numerale</strong></span> <span class='ocrx_word' id='word_1_46' title='bbox 1386 996 1472 1083; x_wconf 78' lang='lat' dir='ltr'><strong>septi·</strong></span> 
     </span>
     <span class='ocr_line' id='line_1_7' title="bbox 319 1095 1473 1185; baseline -0.002 -20"><span class='ocrx_word' id='word_1_47' title='bbox 319 1124 387 1165; x_wconf 83' lang='lat' dir='ltr'><strong>mue</strong></span> <span class='ocrx_word' id='word_1_48' title='bbox 416 1098 567 1166; x_wconf 87' lang='lat' dir='ltr'><strong>distincte</strong></span> <span class='ocrx_word' id='word_1_49' title='bbox 587 1105 823 1178; x_wconf 87' lang='lat' dir='ltr'><strong>commonstrat,</strong></span> <span class='ocrx_word' id='word_1_50' title='bbox 850 1095 1028 1184; x_wconf 86' lang='lat' dir='ltr'><strong>cujusmodi</strong></span> <span class='ocrx_word' id='word_1_51' title='bbox 1051 1095 1198 1184; x_wconf 86' lang='lat' dir='ltr'><strong>partibus</strong></span> <span class='ocrx_word' id='word_1_52' title='bbox 1217 1095 1371 1185; x_wconf 85' lang='lat' dir='ltr'><strong>aliquotis</strong></span> <span class='ocrx_word' id='word_1_53' title='bbox 1393 1106 1473 1163; x_wconf 84' lang='lat' dir='ltr'><strong>aute-</strong></span> 
     </span>
     <span class='ocr_line' id='line_1_8' title="bbox 318 1198 1473 1288; baseline -0.003 -19"><span class='ocrx_word' id='word_1_54' title='bbox 318 1201 433 1269; x_wconf 89' lang='lat' dir='ltr'><strong>cedens</strong></span> <span class='ocrx_word' id='word_1_55' title='bbox 458 1210 703 1288; x_wconf 76' lang='lat' dir='ltr'><strong>consequentem</strong></span> <span class='ocrx_word' id='word_1_56' title='bbox 731 1198 876 1279; x_wconf 79' lang='lat' dir='ltr'><strong>excedit3</strong></span> <span class='ocrx_word' id='word_1_57' title='bbox 907 1198 1049 1287; x_wconf 88' lang='lat' dir='ltr'><strong>quinque</strong></span> <span class='ocrx_word' id='word_1_58' title='bbox 1071 1220 1148 1265; x_wconf 85' lang='lat' dir='ltr'><strong>vero</strong></span> <span class='ocrx_word' id='word_1_59' title='bbox 1177 1199 1307 1266; x_wconf 88' lang='lat' dir='ltr'><strong>denotat</strong></span> <span class='ocrx_word' id='word_1_60' title='bbox 1328 1208 1412 1287; x_wconf 84' lang='lat' dir='ltr'><strong>quot</strong></span> <span class='ocrx_word' id='word_1_61' title='bbox 1436 1220 1473 1265; x_wconf 86' lang='lat' dir='ltr'><strong>ex</strong></span> 
     </span>
     <span class='ocr_line' id='line_1_9' title="bbox 318 1300 1424 1393; baseline -0.002 -24"><span class='ocrx_word' id='word_1_62' title='bbox 318 1302 475 1391; x_wconf 87' lang='lat' dir='ltr'><strong>ejusmodi</strong></span> <span class='ocrx_word' id='word_1_63' title='bbox 488 1303 634 1392; x_wconf 90' lang='lat' dir='ltr'><strong>partibus</strong></span> <span class='ocrx_word' id='word_1_64' title='bbox 649 1303 755 1393; x_wconf 86' lang='lat' dir='ltr'><strong>ipsum</strong></span> <span class='ocrx_word' id='word_1_65' title='bbox 770 1301 907 1371; x_wconf 87' lang='lat' dir='ltr'><strong>excedit.</strong></span> <span class='ocrx_word' id='word_1_66' title='bbox 952 1300 1022 1367; x_wconf 88' lang='lat' dir='ltr'><strong>Nec</strong></span> <span class='ocrx_word' id='word_1_67' title='bbox 1037 1300 1226 1369; x_wconf 82' lang='lat' dir='ltr'><strong>absimiliter</strong></span> <span class='ocrx_word' id='word_1_68' title='bbox 1240 1302 1275 1367; x_wconf 91' lang='lat' dir='ltr'><strong>in</strong></span> <span class='ocrx_word' id='word_1_69' title='bbox 1289 1301 1424 1369; x_wconf 75' lang='lat' dir='ltr'><strong>ceteris.</strong></span> 
     </span>
    </p>

    <p class='ocr_par' dir='ltr' id='par_1_3' title="bbox 317 1404 1545 3586">
     <span class='ocr_line' id='line_1_10' title="bbox 383 1404 1474 1493; baseline 0.001 -21"><span class='ocrx_word' id='word_1_70' title='bbox 383 1406 504 1475; x_wconf 89' lang='lat' dir='ltr'><strong>Verum</strong></span> <span class='ocrx_word' id='word_1_71' title='bbox 525 1408 574 1491; x_wconf 86' lang='lat' dir='ltr'><strong>(ut</strong></span> <span class='ocrx_word' id='word_1_72' title='bbox 591 1406 745 1491; x_wconf 86' lang='lat' dir='ltr'><strong>diximus)</strong></span> <span class='ocrx_word' id='word_1_73' title='bbox 769 1404 932 1473; x_wconf 85' lang='lat' dir='ltr'><strong>observari</strong></span> <span class='ocrx_word' id='word_1_74' title='bbox 954 1404 1050 1472; x_wconf 91' lang='lat' dir='ltr'><strong>debet</strong></span> <span class='ocrx_word' id='word_1_75' title='bbox 1070 1404 1226 1493; x_wconf 75' lang='lat' dir='ltr'><strong>exceptio,</strong></span> <span class='ocrx_word' id='word_1_76' title='bbox 1249 1404 1337 1493; x_wconf 92' lang='lat' dir='ltr'><strong>quod</strong></span> <span class='ocrx_word' id='word_1_77' title='bbox 1357 1414 1474 1473; x_wconf 84' lang='lat' dir='ltr'><strong>anteco-</strong></span> 
     </span>
     <span class='ocr_line' id='line_1_11' title="bbox 319 1508 1472 1599; baseline 0.001 -24"><span class='ocrx_word' id='word_1_78' title='bbox 319 1509 422 1578; x_wconf 89' lang='lat' dir='ltr'><strong>dentis</strong></span> <span class='ocrx_word' id='word_1_79' title='bbox 441 1533 537 1599; x_wconf 87' lang='lat' dir='ltr'><strong>supra</strong></span> <span class='ocrx_word' id='word_1_80' title='bbox 551 1518 795 1598; x_wconf 83' lang='lat' dir='ltr'><strong>consequentem</strong></span> <span class='ocrx_word' id='word_1_81' title='bbox 809 1531 958 1576; x_wconf 76' lang='lat' dir='ltr'><strong>exossam</strong></span> <span class='ocrx_word' id='word_1_82' title='bbox 972 1531 1037 1575; x_wconf 92' lang='lat' dir='ltr'><strong>non</strong></span> <span class='ocrx_word' id='word_1_83' title='bbox 1056 1508 1152 1577; x_wconf 88' lang='lat' dir='ltr'><strong>debet</strong></span> <span class='ocrx_word' id='word_1_84' title='bbox 1165 1510 1232 1577; x_wconf 87' lang='lat' dir='ltr'><strong>ullo</strong></span> <span class='ocrx_word' id='word_1_85' title='bbox 1246 1508 1341 1576; x_wconf 91' lang='lat' dir='ltr'><strong>modo</strong></span> <span class='ocrx_word' id='word_1_86' title='bbox 1357 1518 1472 1598; x_wconf 76' lang='lat' dir='ltr'><strong>partem</strong></span> 
     </span>
     <span class='ocr_line' id='line_1_12' title="bbox 318 1611 1472 1701; baseline -0.001 -22"><span class='ocrx_word' id='word_1_87' title='bbox 318 1636 416 1681; x_wconf 87' lang='lat' dir='ltr'><strong>unam</strong></span> <span class='ocrx_word' id='word_1_88' title='bbox 438 1612 614 1701; x_wconf 72' lang='lat' dir='ltr'><strong>aliquotam</strong></span> <span class='ocrx_word' id='word_1_89' title='bbox 639 1611 848 1693; x_wconf 87' lang='lat' dir='ltr'><strong>constituere;</strong></span> <span class='ocrx_word' id='word_1_90' title='bbox 870 1611 923 1679; x_wconf 84' lang='lat' dir='ltr'><strong>vel</strong></span> <span class='ocrx_word' id='word_1_91' title='bbox 946 1611 1033 1700; x_wconf 86' lang='lat' dir='ltr'><strong>quod</strong></span> <span class='ocrx_word' id='word_1_92' title='bbox 1056 1612 1173 1679; x_wconf 89' lang='lat' dir='ltr'><strong>unitati</strong></span> <span class='ocrx_word' id='word_1_93' title='bbox 1198 1614 1346 1680; x_wconf 80' lang='lat' dir='ltr'><strong>subnexa</strong></span> <span class='ocrx_word' id='word_1_94' title='bbox 1369 1611 1472 1679; x_wconf 79' lang='lat' dir='ltr'><strong>fractio</strong></span> 
     </span>
     <span class='ocr_line' id='line_1_13' title="bbox 318 1714 1473 1805; baseline -0.001 -23"><span class='ocrx_word' id='word_1_95' title='bbox 318 1716 461 1785; x_wconf 91' lang='lat' dir='ltr'><strong>minimis</strong></span> <span class='ocrx_word' id='word_1_96' title='bbox 488 1715 633 1783; x_wconf 88' lang='lat' dir='ltr'><strong>terminis</strong></span> <span class='ocrx_word' id='word_1_97' title='bbox 661 1715 785 1805; x_wconf 86' lang='lat' dir='ltr'><strong>prolata</strong></span> <span class='ocrx_word' id='word_1_98' title='bbox 812 1737 878 1781; x_wconf 90' lang='lat' dir='ltr'><strong>non</strong></span> <span class='ocrx_word' id='word_1_99' title='bbox 907 1714 1003 1783; x_wconf 89' lang='lat' dir='ltr'><strong>debet</strong></span> <span class='ocrx_word' id='word_1_100' title='bbox 1030 1716 1186 1783; x_wconf 87' lang='lat' dir='ltr'><strong>unitatem</strong></span> <span class='ocrx_word' id='word_1_101' title='bbox 1215 1716 1386 1785; x_wconf 84' lang='lat' dir='ltr'><strong>admittere</strong></span> <span class='ocrx_word' id='word_1_102' title='bbox 1410 1716 1473 1782; x_wconf 89' lang='lat' dir='ltr'><strong>loeo</strong></span> 
     </span>
     <span class='ocr_line' id='line_1_14' title="bbox 318 1814 1472 1909; baseline 0.002 -24"><span class='ocrx_word' id='word_1_103' title='bbox 318 1820 545 1887; x_wconf 79' lang='lat' dir='ltr'><strong>numeratorist</strong></span> <span class='ocrx_word' id='word_1_104' title='bbox 568 1828 645 1886; x_wconf 91' lang='lat' dir='ltr'><strong>tunc</strong></span> <span class='ocrx_word' id='word_1_105' title='bbox 659 1819 745 1886; x_wconf 91' lang='lat' dir='ltr'><strong>enim</strong></span> <span class='ocrx_word' id='word_1_106' title='bbox 765 1818 846 1885; x_wconf 89' lang='lat' dir='ltr'><strong>ratio</strong></span> <span class='ocrx_word' id='word_1_107' title='bbox 860 1841 925 1886; x_wconf 89' lang='lat' dir='ltr'><strong>uon</strong></span> <span class='ocrx_word' id='word_1_108' title='bbox 945 1821 1180 1909; x_wconf 87' lang='lat' dir='ltr'><strong>superpartiens</strong></span> <span class='ocrx_word' id='word_1_109' title='bbox 1201 1819 1270 1903; x_wconf 87' lang='lat' dir='ltr'><strong>erit,</strong></span> <span class='ocrx_word' id='word_1_110' title='bbox 1288 1830 1386 1909; x_wconf 90' lang='lat' dir='ltr'><strong>prout</strong></span> <span class='ocrx_word' id='word_1_111' title='bbox 1404 1814 1472 1887; x_wconf 81' lang='lat' dir='ltr'><strong>hin&#39;c</strong></span> 
     </span>
     <span class='ocr_line' id='line_1_15' title="bbox 318 1920 1472 2012; baseline 0.002 -25"><span class='ocrx_word' id='word_1_112' title='bbox 318 1920 492 1987; x_wconf 81' lang='lat' dir='ltr'><strong>distinctim</strong></span> <span class='ocrx_word' id='word_1_113' title='bbox 525 1921 688 2009; x_wconf 86' lang='lat' dir='ltr'><strong>accipitur,</strong></span> <span class='ocrx_word' id='word_1_114' title='bbox 719 1930 754 1987; x_wconf 90' lang='lat' dir='ltr'><strong>at</strong></span> <span class='ocrx_word' id='word_1_115' title='bbox 788 1922 1092 2009; x_wconf 85' lang='lat' dir='ltr'><strong>superparticularis.</strong></span> <span class='ocrx_word' id='word_1_116' title='bbox 1137 1923 1187 1992; x_wconf 88' lang='lat' dir='ltr'><strong>Ut</strong></span> <span class='ocrx_word' id='word_1_117' title='bbox 1214 1946 1247 1991; x_wconf 83' lang='lat' dir='ltr'><strong>v.</strong></span> <span class='ocrx_word' id='word_1_118' title='bbox 1259 1946 1292 2012; x_wconf 87' lang='lat' dir='ltr'><strong>g.</strong></span> <span class='ocrx_word' id='word_1_119' title='bbox 1324 1924 1408 1991; x_wconf 83' lang='lat' dir='ltr'><strong>assis</strong></span> <span class='ocrx_word' id='word_1_120' title='bbox 1436 1924 1472 1989; x_wconf 87' lang='lat' dir='ltr'><strong>ad</strong></span> 
     </span>
     <span class='ocr_line' id='line_1_16' title="bbox 318 2022 1471 2116; baseline 0.004 -28"><span class='ocrx_word' id='word_1_121' title='bbox 318 2022 504 2090; x_wconf 84' lang='lat' dir='ltr'><strong>dodrantem</strong></span> <span class='ocrx_word' id='word_1_122' title='bbox 525 2023 607 2090; x_wconf 86' lang='lat' dir='ltr'><strong>ratio</strong></span> <span class='ocrx_word' id='word_1_123' title='bbox 627 2022 693 2108; x_wconf 88' lang='lat' dir='ltr'><strong>(vel</strong></span> <span class='ocrx_word' id='word_1_124' title='bbox 711 2024 837 2092; x_wconf 89' lang='lat' dir='ltr'><strong>numeri</strong></span> <span class='ocrx_word' id='word_1_125' title='bbox 854 2032 891 2090; x_wconf 84' lang='lat'><strong>12</strong></span> <span class='ocrx_word' id='word_1_126' title='bbox 907 2024 948 2091; x_wconf 83' lang='lat' dir='ltr'><strong>ad</strong></span> <span class='ocrx_word' id='word_1_127' title='bbox 963 2025 995 2110; x_wconf 76' lang='lat'><strong>9)</strong></span> <span class='ocrx_word' id='word_1_128' title='bbox 1013 2048 1078 2093; x_wconf 93' lang='lat' dir='ltr'><strong>uon</strong></span> <span class='ocrx_word' id='word_1_129' title='bbox 1093 2025 1267 2093; x_wconf 89' lang='lat' dir='ltr'><strong>secundum</strong></span> <span class='ocrx_word' id='word_1_130' title='bbox 1281 2026 1382 2116; x_wconf 87' lang='lat' dir='ltr'><strong>hujus</strong></span> <span class='ocrx_word' id='word_1_131' title='bbox 1395 2026 1471 2094; x_wconf 84' lang='lat' dir='ltr'><strong>diri·</strong></span> 
     </span>
     <span class='ocr_line' id='line_1_17' title="bbox 319 2124 1472 2217; baseline 0.003 -25"><span class='ocrx_word' id='word_1_132' title='bbox 319 2125 418 2193; x_wconf 89' lang='lat' dir='ltr'><strong>sionis</strong></span> <span class='ocrx_word' id='word_1_133' title='bbox 431 2125 625 2208; x_wconf 87' lang='lat' dir='ltr'><strong>institutum,</strong></span> <span class='ocrx_word' id='word_1_134' title='bbox 636 2136 669 2194; x_wconf 85' lang='lat' dir='ltr'><strong>et</strong></span> <span class='ocrx_word' id='word_1_135' title='bbox 683 2124 744 2209; x_wconf 69' lang='grc' dir='ltr'><strong>τὴν</strong></span> <span class='ocrx_word' id='word_1_136' title='bbox 757 2130 815 2210; x_wconf 70' lang='grc' dir='ltr'><strong>τῆς</strong></span> <span class='ocrx_word' id='word_1_137' title='bbox 832 2128 1042 2217; x_wconf 66' lang='grc' dir='ltr'><strong>τεχνολογὰις</strong></span> <span class='ocrx_word' id='word_1_138' title='bbox 1056 2129 1307 2212; x_wconf 45' lang='lat' dir='ltr'><strong>actamquae&amp;</strong></span> <span class='ocrx_word' id='word_1_139' title='bbox 1323 2141 1363 2198; x_wconf 89' lang='lat' dir='ltr'><strong>ut</strong></span> <span class='ocrx_word' id='word_1_140' title='bbox 1376 2129 1472 2217; x_wconf 90' lang='lat' dir='ltr'><strong>loqui·</strong></span> 
     </span>
     <span class='ocr_line' id='line_1_18' title="bbox 317 2228 1471 2323; baseline 0.005 -28"><span class='ocrx_word' id='word_1_141' title='bbox 317 2238 370 2296; x_wconf 84' lang='lat' dir='ltr'><strong>tur</strong></span> <span class='ocrx_word' id='word_1_142' title='bbox 398 2228 634 2319; x_wconf 71' lang='lat' dir='ltr'><strong>Nicomachus}</strong></span> <span class='ocrx_word' id='word_1_143' title='bbox 655 2229 777 2297; x_wconf 89' lang='lat' dir='ltr'><strong>dicetur</strong></span> <span class='ocrx_word' id='word_1_144' title='bbox 807 2231 887 2297; x_wconf 87' lang='lat' dir='ltr'><strong>ratio</strong></span> <span class='ocrx_word' id='word_1_145' title='bbox 918 2232 1162 2322; x_wconf 86' lang='lat' dir='ltr'><strong>superpartiens,</strong></span> <span class='ocrx_word' id='word_1_146' title='bbox 1192 2242 1226 2301; x_wconf 89' lang='lat' dir='ltr'><strong>at</strong></span> <span class='ocrx_word' id='word_1_147' title='bbox 1247 2234 1471 2323; x_wconf 84' lang='lat' dir='ltr'><strong>superparticu-</strong></span> 
     </span>
     <span class='ocr_line' id='line_1_19' title="bbox 318 2332 1470 2422; baseline 0.003 -23"><span class='ocrx_word' id='word_1_148' title='bbox 318 2332 404 2415; x_wconf 87' lang='lat' dir='ltr'><strong>laris,</strong></span> <span class='ocrx_word' id='word_1_149' title='bbox 424 2333 634 2421; x_wconf 87' lang='lat' dir='ltr'><strong>sesquitertia,</strong></span> <span class='ocrx_word' id='word_1_150' title='bbox 649 2334 802 2422; x_wconf 88' lang='lat' dir='ltr'><strong>quoniam</strong></span> <span class='ocrx_word' id='word_1_151' title='bbox 821 2356 857 2400; x_wconf 85' lang='lat' dir='ltr'><strong>as</strong></span> <span class='ocrx_word' id='word_1_152' title='bbox 877 2333 1065 2403; x_wconf 87' lang='lat' dir='ltr'><strong>dodrantem</strong></span> <span class='ocrx_word' id='word_1_153' title='bbox 1086 2336 1212 2405; x_wconf 86' lang='lat' dir='ltr'><strong>excedit</strong></span> <span class='ocrx_word' id='word_1_154' title='bbox 1229 2343 1296 2405; x_wconf 77' lang='lat' dir='ltr'><strong>unt</strong></span> <span class='ocrx_word' id='word_1_155' title='bbox 1313 2336 1470 2405; x_wconf 87' lang='lat' dir='ltr'><strong>dodrantis</strong></span> 
     </span>
     <span class='ocr_line' id='line_1_20' title="bbox 318 2435 1468 2525; baseline 0.002 -23"><span class='ocrx_word' id='word_1_156' title='bbox 318 2445 408 2525; x_wconf 87' lang='lat' dir='ltr'><strong>parte</strong></span> <span class='ocrx_word' id='word_1_157' title='bbox 422 2436 523 2518; x_wconf 72' lang='lat' dir='ltr'><strong>tertis,</strong></span> <span class='ocrx_word' id='word_1_158' title='bbox 539 2436 601 2503; x_wconf 88' lang='lat' dir='ltr'><strong>hoe</strong></span> <span class='ocrx_word' id='word_1_159' title='bbox 615 2444 673 2518; x_wconf 86' lang='lat' dir='ltr'><strong>cst,</strong></span> <span class='ocrx_word' id='word_1_160' title='bbox 689 2444 709 2503; x_wconf 81' lang='grc'>3</span> <span class='ocrx_word' id='word_1_161' title='bbox 724 2435 838 2503; x_wconf 87' lang='lat' dir='ltr'><strong>unciis.</strong></span> <span class='ocrx_word' id='word_1_162' title='bbox 883 2436 1039 2518; x_wconf 81' lang='lat' dir='ltr'><strong>Quamvis</strong></span> <span class='ocrx_word' id='word_1_163' title='bbox 1054 2439 1227 2507; x_wconf 87' lang='lat' dir='ltr'><strong>secondum</strong></span> <span class='ocrx_word' id='word_1_164' title='bbox 1241 2440 1287 2507; x_wconf 90' lang='lat' dir='ltr'><strong>rei</strong></span> <span class='ocrx_word' id='word_1_165' title='bbox 1300 2439 1468 2518; x_wconf 66' lang='lat' dir='ltr'><strong>veritaoem,</strong></span> 
     </span>
     <span class='ocr_line' id='line_1_21' title="bbox 319 2538 1467 2632; baseline 0.002 -23"><span class='ocrx_word' id='word_1_166' title='bbox 319 2541 381 2609; x_wconf 80' lang='lat' dir='ltr'><strong>hae</strong></span> <span class='ocrx_word' id='word_1_167' title='bbox 404 2539 594 2608; x_wconf 87' lang='lat' dir='ltr'><strong>limitatione</strong></span> <span class='ocrx_word' id='word_1_168' title='bbox 620 2538 768 2628; x_wconf 84' lang='lat' dir='ltr'><strong>sepositt,</strong></span> <span class='ocrx_word' id='word_1_169' title='bbox 796 2538 860 2605; x_wconf 91' lang='lat' dir='ltr'><strong>dici</strong></span> <span class='ocrx_word' id='word_1_170' title='bbox 885 2540 986 2628; x_wconf 89' lang='lat' dir='ltr'><strong>possit</strong></span> <span class='ocrx_word' id='word_1_171' title='bbox 1007 2540 1077 2609; x_wconf 74' lang='lat' dir='ltr'><strong>hac</strong></span> <span class='ocrx_word' id='word_1_172' title='bbox 1099 2542 1180 2611; x_wconf 85' lang='lat' dir='ltr'><strong>ratio</strong></span> <span class='ocrx_word' id='word_1_173' title='bbox 1202 2541 1467 2632; x_wconf 83' lang='lat' dir='ltr'><strong>supertripartiens</strong></span> 
     </span>
     <span class='ocr_line' id='line_1_22' title="bbox 317 2650 1466 2749; baseline -0.001 -30"><span class='ocrx_word' id='word_1_174' title='bbox 317 2674 428 2734; x_wconf 88' lang='lat' dir='ltr'><strong>nonas,</strong></span> <span class='ocrx_word' id='word_1_175' title='bbox 449 2660 605 2740; x_wconf 88' lang='lat' dir='ltr'><strong>quatenus</strong></span> <span class='ocrx_word' id='word_1_176' title='bbox 626 2658 664 2717; x_wconf 78' lang='lat'><strong>12</strong></span> <span class='ocrx_word' id='word_1_177' title='bbox 684 2658 812 2739; x_wconf 90' lang='lat' dir='ltr'><strong>superat</strong></span> <span class='ocrx_word' id='word_1_178' title='bbox 831 2656 850 2716; x_wconf 86' lang='grc'>9</span> <span class='ocrx_word' id='word_1_179' title='bbox 871 2672 929 2738; x_wconf 89' lang='lat' dir='ltr'><strong>per</strong></span> <span class='ocrx_word' id='word_1_180' title='bbox 946 2658 977 2733; x_wconf 78' lang='lat'><strong>3,</strong></span> <span class='ocrx_word' id='word_1_181' title='bbox 998 2672 1070 2739; x_wconf 83' lang='lat' dir='ltr'><strong>quse</strong></span> <span class='ocrx_word' id='word_1_182' title='bbox 1088 2661 1136 2719; x_wconf 87' lang='lat' dir='ltr'><strong>est</strong></span> <span class='ocrx_word' id='word_1_183' title='bbox 1155 2650 1182 2749; x_wconf 60' lang='grc' dir='ltr'>ξ</span> <span class='ocrx_word' id='word_1_184' title='bbox 1202 2650 1385 2737; x_wconf 81' lang='lat' dir='ltr'><strong>dodrantis3</strong></span> <span class='ocrx_word' id='word_1_185' title='bbox 1405 2672 1466 2741; x_wconf 78' lang='lat' dir='ltr'><strong>quc</strong></span> 
     </span>
     <span class='ocr_line' id='line_1_23' title="bbox 318 2764 1466 2865; baseline -0.001 -27"><span class='ocrx_word' id='word_1_186' title='bbox 318 2768 430 2839; x_wconf 85' lang='lat' dir='ltr'><strong>fractio</strong></span> <span class='ocrx_word' id='word_1_187' title='bbox 450 2768 632 2860; x_wconf 72' lang='lat' dir='ltr'><strong>aequipollet</strong></span> <span class='ocrx_word' id='word_1_188' title='bbox 650 2769 713 2859; x_wconf 91' lang='lat' dir='ltr'><strong>ipsi</strong></span> <span class='ocrx_word' id='word_1_189' title='bbox 733 2764 769 2865; x_wconf 57' lang='grc' dir='ltr'><strong>ᾗ.</strong></span> <span class='ocrx_word' id='word_1_190' title='bbox 815 2766 935 2835; x_wconf 87' lang='lat' dir='ltr'><strong>Verum</strong></span> <span class='ocrx_word' id='word_1_191' title='bbox 950 2768 1052 2857; x_wconf 86' lang='lat' dir='ltr'><strong>exigit</strong></span> <span class='ocrx_word' id='word_1_192' title='bbox 1065 2768 1178 2836; x_wconf 89' lang='lat' dir='ltr'><strong>harum</strong></span> <span class='ocrx_word' id='word_1_193' title='bbox 1193 2768 1353 2837; x_wconf 87' lang='lat' dir='ltr'><strong>rationum</strong></span> <span class='ocrx_word' id='word_1_194' title='bbox 1368 2764 1466 2837; x_wconf 87' lang='lat' dir='ltr'><strong>discri-</strong></span> 
     </span>
     <span class='ocr_line' id='line_1_24' title="bbox 318 2878 1465 2969; baseline 0.002 -24"><span class='ocrx_word' id='word_1_195' title='bbox 318 2902 402 2963; x_wconf 86' lang='lat' dir='ltr'><strong>meu,</strong></span> <span class='ocrx_word' id='word_1_196' title='bbox 427 2890 465 2947; x_wconf 87' lang='lat' dir='ltr'><strong>ut</strong></span> <span class='ocrx_word' id='word_1_197' title='bbox 490 2878 740 2947; x_wconf 85' lang='lat' dir='ltr'><strong>denominatores</strong></span> <span class='ocrx_word' id='word_1_198' title='bbox 765 2879 851 2968; x_wconf 86' lang='lat' dir='ltr'><strong>ipsas</strong></span> <span class='ocrx_word' id='word_1_199' title='bbox 878 2878 1109 2969; x_wconf 83' lang='lat' dir='ltr'><strong>distinguentes</strong></span> <span class='ocrx_word' id='word_1_200' title='bbox 1133 2882 1303 2949; x_wconf 87' lang='lat' dir='ltr'><strong>efferantur</strong></span> <span class='ocrx_word' id='word_1_201' title='bbox 1333 2882 1465 2951; x_wconf 85' lang='lat' dir='ltr'><strong>terminis</strong></span> 
     </span>
     <span class='ocr_line' id='line_1_25' title="bbox 319 2979 1545 3075; baseline 0.002 -28"><span class='ocrx_word' id='word_1_202' title='bbox 319 2979 563 3069; x_wconf 86' lang='lat' dir='ltr'><strong>simplicissimis</strong></span> <span class='ocrx_word' id='word_1_203' title='bbox 583 2990 616 3048; x_wconf 92' lang='lat' dir='ltr'><strong>et</strong></span> <span class='ocrx_word' id='word_1_204' title='bbox 637 2982 780 3048; x_wconf 89' lang='lat' dir='ltr'><strong>omnium</strong></span> <span class='ocrx_word' id='word_1_205' title='bbox 802 2980 962 3065; x_wconf 82' lang='lat' dir='ltr'><strong>minimi&#39;s3</strong></span> <span class='ocrx_word' id='word_1_206' title='bbox 986 2983 1107 3072; x_wconf 90' lang='lat' dir='ltr'><strong>alioqui</strong></span> <span class='ocrx_word' id='word_1_207' title='bbox 1127 2985 1180 3052; x_wconf 86' lang='lat' dir='ltr'><strong>vel</strong></span> <span class='ocrx_word' id='word_1_208' title='bbox 1201 2984 1271 3075; x_wconf 89' lang='lat' dir='ltr'><strong>ipsa</strong></span> <span class='ocrx_word' id='word_1_209' title='bbox 1291 2986 1373 3053; x_wconf 86' lang='lat' dir='ltr'><strong>ratio</strong></span> <span class='ocrx_word' id='word_1_210' title='bbox 1393 2984 1465 3052; x_wconf 88' lang='lat' dir='ltr'><strong>mul·</strong></span> <span class='ocrx_word' id='word_1_211' title='bbox 1544 2996 1545 3075; x_wconf 66' lang='lat' dir='ltr'>j</span> 
     </span>
     <span class='ocr_line' id='line_1_26' title="bbox 317 3081 1545 3171; baseline 0.003 -22"><span class='ocrx_word' id='word_1_212' title='bbox 317 3081 422 3170; x_wconf 83' lang='lat' dir='ltr'><strong>tiplex</strong></span> <span class='ocrx_word' id='word_1_213' title='bbox 435 3100 509 3148; x_wconf 86' lang='lat' dir='ltr'><strong>cum</strong></span> <span class='ocrx_word' id='word_1_214' title='bbox 523 3082 771 3171; x_wconf 85' lang='lat' dir='ltr'><strong>superpartiente</strong></span> <span class='ocrx_word' id='word_1_215' title='bbox 785 3082 1018 3171; x_wconf 90' lang='lat' dir='ltr'><strong>quodammodo</strong></span> <span class='ocrx_word' id='word_1_216' title='bbox 1032 3086 1205 3168; x_wconf 90' lang='lat' dir='ltr'><strong>coincidet;</strong></span> <span class='ocrx_word' id='word_1_217' title='bbox 1228 3110 1303 3153; x_wconf 89' lang='lat' dir='ltr'><strong>nam</strong></span> <span class='ocrx_word' id='word_1_218' title='bbox 1317 3086 1464 3164; x_wconf 85' lang='lat' dir='ltr'><strong>instando,</strong></span> <span class='ocrx_word' id='word_1_219' title='bbox 1544 3086 1545 3171; x_wconf 57' lang='lat' dir='ltr'><strong>l</strong></span> 
     </span>
     <span class='ocr_line' id='line_1_27' title="bbox 318 3182 1545 3279; baseline -0.001 -25"><span class='ocrx_word' id='word_1_220' title='bbox 318 3186 399 3254; x_wconf 88' lang='lat' dir='ltr'><strong>ratio</strong></span> <span class='ocrx_word' id='word_1_221' title='bbox 422 3192 440 3254; x_wconf 88' lang='grc'><strong>9</strong></span> <span class='ocrx_word' id='word_1_222' title='bbox 463 3184 505 3251; x_wconf 81' lang='lat' dir='ltr'><strong>ad</strong></span> <span class='ocrx_word' id='word_1_223' title='bbox 528 3192 546 3253; x_wconf 84' lang='lat'><strong>3</strong></span> <span class='ocrx_word' id='word_1_224' title='bbox 570 3206 644 3251; x_wconf 87' lang='lat' dir='ltr'><strong>vere</strong></span> <span class='ocrx_word' id='word_1_225' title='bbox 666 3182 730 3250; x_wconf 92' lang='lat' dir='ltr'><strong>dici</strong></span> <span class='ocrx_word' id='word_1_226' title='bbox 753 3196 858 3274; x_wconf 88' lang='lat' dir='ltr'><strong>potest</strong></span> <span class='ocrx_word' id='word_1_227' title='bbox 880 3188 1198 3277; x_wconf 85' lang='lat' dir='ltr'><strong>supersextipartiens</strong></span> <span class='ocrx_word' id='word_1_228' title='bbox 1220 3190 1339 3273; x_wconf 86' lang='lat' dir='ltr'><strong>tertias,</strong></span> <span class='ocrx_word' id='word_1_229' title='bbox 1361 3188 1464 3279; x_wconf 75' lang='lat' dir='ltr'><strong>quiet</strong></span> <span class='ocrx_word' id='word_1_230' title='bbox 1544 3204 1545 3275; x_wconf 52' lang='lat' dir='ltr'><strong>p</strong></span> 
     </span>
     <span class='ocr_line' id='line_1_28' title="bbox 319 3276 1545 3378; baseline 0.002 -22"><span class='ocrx_word' id='word_1_231' title='bbox 319 3288 478 3357; x_wconf 83' lang='lat' dir='ltr'><strong>excedit3</strong></span> <span class='ocrx_word' id='word_1_232' title='bbox 497 3310 555 3355; x_wconf 87' lang='lat' dir='ltr'><strong>sex</strong></span> <span class='ocrx_word' id='word_1_233' title='bbox 573 3287 718 3377; x_wconf 88' lang='lat' dir='ltr'><strong>partibus</strong></span> <span class='ocrx_word' id='word_1_234' title='bbox 737 3288 839 3356; x_wconf 86' lang='lat' dir='ltr'><strong>tertiis</strong></span> <span class='ocrx_word' id='word_1_235' title='bbox 859 3288 960 3378; x_wconf 88' lang='lat' dir='ltr'><strong>ipsius</strong></span> <span class='ocrx_word' id='word_1_236' title='bbox 976 3299 1005 3373; x_wconf 90' lang='lat'><strong>3,</strong></span> <span class='ocrx_word' id='word_1_237' title='bbox 1019 3291 1082 3359; x_wconf 90' lang='lat' dir='ltr'><strong>hoc</strong></span> <span class='ocrx_word' id='word_1_238' title='bbox 1096 3301 1153 3373; x_wconf 88' lang='lat' dir='ltr'><strong>est,</strong></span> <span class='ocrx_word' id='word_1_239' title='bbox 1169 3300 1188 3359; x_wconf 87' lang='grc'>6</span> <span class='ocrx_word' id='word_1_240' title='bbox 1204 3292 1396 3377; x_wconf 88' lang='lat' dir='ltr'><strong>unitatibus;</strong></span> <span class='ocrx_word' id='word_1_241' title='bbox 1417 3290 1465 3358; x_wconf 88' lang='lat' dir='ltr'><strong>sed</strong></span> <span class='ocrx_word' id='word_1_242' title='bbox 1544 3276 1545 3347; x_wconf 71' lang='lat' dir='ltr'><strong>l</strong></span> 
     </span>
     <span class='ocr_line' id='line_1_29' title="bbox 319 3382 1463 3484; baseline -0.002 -21"><span class='ocrx_word' id='word_1_243' title='bbox 319 3382 421 3484; x_wconf 83' lang='lat' dir='ltr'><strong>liquet</strong></span> <span class='ocrx_word' id='word_1_244' title='bbox 442 3393 544 3460; x_wconf 90' lang='lat' dir='ltr'><strong>multo</strong></span> <span class='ocrx_word' id='word_1_245' title='bbox 562 3390 740 3480; x_wconf 90' lang='lat' dir='ltr'><strong>simplicius</strong></span> <span class='ocrx_word' id='word_1_246' title='bbox 760 3403 794 3460; x_wconf 91' lang='lat' dir='ltr'><strong>et</strong></span> <span class='ocrx_word' id='word_1_247' title='bbox 813 3390 1009 3461; x_wconf 87' lang='lat' dir='ltr'><strong>commodius</strong></span> <span class='ocrx_word' id='word_1_248' title='bbox 1028 3394 1111 3462; x_wconf 91' lang='lat' dir='ltr'><strong>hanc</strong></span> <span class='ocrx_word' id='word_1_249' title='bbox 1131 3394 1285 3463; x_wconf 90' lang='lat' dir='ltr'><strong>rationem</strong></span> <span class='ocrx_word' id='word_1_250' title='bbox 1304 3394 1463 3475; x_wconf 82' lang='lat' dir='ltr'><strong>enunciari,</strong></span> 
     </span>
     <span class='ocr_line' id='line_1_30' title="bbox 319 3493 1173 3586; baseline -0.002 -19"><span class='ocrx_word' id='word_1_251' title='bbox 319 3497 453 3567; x_wconf 90' lang='lat' dir='ltr'><strong>dicendo</strong></span> <span class='ocrx_word' id='word_1_252' title='bbox 468 3494 554 3586; x_wconf 91' lang='lat' dir='ltr'><strong>quod</strong></span> <span class='ocrx_word' id='word_1_253' title='bbox 569 3502 587 3562; x_wconf 83' lang='lat'><strong>9</strong></span> <span class='ocrx_word' id='word_1_254' title='bbox 603 3496 646 3562; x_wconf 89' lang='lat' dir='ltr'><strong>sit</strong></span> <span class='ocrx_word' id='word_1_255' title='bbox 659 3493 817 3584; x_wconf 77' lang='lat' dir='ltr'><strong>multiple,</strong></span> <span class='ocrx_word' id='word_1_256' title='bbox 833 3494 930 3584; x_wconf 89' lang='lat' dir='ltr'><strong>tripla</strong></span> <span class='ocrx_word' id='word_1_257' title='bbox 942 3517 1057 3585; x_wconf 89' lang='lat' dir='ltr'><strong>nempe</strong></span> <span class='ocrx_word' id='word_1_258' title='bbox 1071 3500 1128 3563; x_wconf 84' lang='grc' dir='ltr'><strong>τοῦ</strong></span> <span class='ocrx_word' id='word_1_259' title='bbox 1143 3504 1173 3566; x_wconf 84' lang='grc'><strong>3.</strong></span> 
     </span>
    </p>

    <p class='ocr_par' dir='ltr' id='par_1_4' title="bbox 318 3596 1545 4203">
     <span class='ocr_line' id='line_1_31' title="bbox 383 3596 1465 3690; baseline 0.001 -23"><span class='ocrx_word' id='word_1_260' title='bbox 383 3600 417 3667; x_wconf 88' lang='grc' dir='ltr'><strong>Α</strong></span> <span class='ocrx_word' id='word_1_261' title='bbox 439 3599 561 3669; x_wconf 83' lang='lat' dir='ltr'><strong>Graecis</strong></span> <span class='ocrx_word' id='word_1_262' title='bbox 584 3607 692 3666; x_wconf 89' lang='lat' dir='ltr'><strong>autem</strong></span> <span class='ocrx_word' id='word_1_263' title='bbox 712 3598 782 3666; x_wconf 84' lang='lat' dir='ltr'><strong>haec</strong></span> <span class='ocrx_word' id='word_1_264' title='bbox 803 3596 885 3665; x_wconf 88' lang='lat' dir='ltr'><strong>ratio</strong></span> <span class='ocrx_word' id='word_1_265' title='bbox 905 3597 1062 3667; x_wconf 83' lang='lat' dir='ltr'><strong>vocitatur</strong></span> <span class='ocrx_word' id='word_1_266' title='bbox 1082 3599 1180 3685; x_wconf 71' lang='grc' dir='ltr'><strong>λόγος</strong></span> <span class='ocrx_word' id='word_1_267' title='bbox 1201 3601 1364 3690; x_wconf 75' lang='grc' dir='ltr'>ἐπιμερής,</span> <span class='ocrx_word' id='word_1_268' title='bbox 1384 3597 1465 3689; x_wconf 83' lang='lat' dir='ltr'><strong>quasi</strong></span> 
     </span>
     <span class='ocr_line' id='line_1_32' title="bbox 318 3700 1464 3793; baseline -0.001 -20"><span class='ocrx_word' id='word_1_269' title='bbox 318 3704 402 3793; x_wconf 86' lang='lat' dir='ltr'><strong>parti</strong></span> <span class='ocrx_word' id='word_1_270' title='bbox 421 3712 544 3793; x_wconf 86' lang='lat' dir='ltr'><strong>partem</strong></span> <span class='ocrx_word' id='word_1_271' title='bbox 558 3702 729 3790; x_wconf 82' lang='lat' dir='ltr'><strong>adjicieus3</strong></span> <span class='ocrx_word' id='word_1_272' title='bbox 752 3700 904 3790; x_wconf 89' lang='lat' dir='ltr'><strong>quoniam</strong></span> <span class='ocrx_word' id='word_1_273' title='bbox 924 3700 1112 3771; x_wconf 83' lang='lat' dir='ltr'><strong>antecedens</strong></span> <span class='ocrx_word' id='word_1_274' title='bbox 1132 3725 1197 3771; x_wconf 92' lang='lat' dir='ltr'><strong>non</strong></span> <span class='ocrx_word' id='word_1_275' title='bbox 1216 3710 1281 3772; x_wconf 77' lang='lat' dir='ltr'><strong>unt</strong></span> <span class='ocrx_word' id='word_1_276' title='bbox 1301 3705 1370 3774; x_wconf 74' lang='lat' dir='ltr'><strong>solt</strong></span> <span class='ocrx_word' id='word_1_277' title='bbox 1387 3712 1464 3793; x_wconf 79' lang='lat' dir='ltr'><strong>parte</strong></span> 
     </span>
     <span class='ocr_line' id='line_1_33' title="bbox 318 3804 1464 3897; baseline -0.004 -24"><span class='ocrx_word' id='word_1_278' title='bbox 318 3807 461 3896; x_wconf 78' lang='lat' dir='ltr'><strong>aliquotd</strong></span> <span class='ocrx_word' id='word_1_279' title='bbox 479 3814 723 3894; x_wconf 89' lang='lat' dir='ltr'><strong>consequentem</strong></span> <span class='ocrx_word' id='word_1_280' title='bbox 742 3804 878 3886; x_wconf 84' lang='lat' dir='ltr'><strong>excedit,</strong></span> <span class='ocrx_word' id='word_1_281' title='bbox 894 3816 927 3871; x_wconf 89' lang='lat' dir='ltr'><strong>at</strong></span> <span class='ocrx_word' id='word_1_282' title='bbox 945 3814 1060 3893; x_wconf 80' lang='lat' dir='ltr'><strong>prester</strong></span> <span class='ocrx_word' id='word_1_283' title='bbox 1078 3805 1161 3873; x_wconf 88' lang='lat' dir='ltr'><strong>hauc</strong></span> <span class='ocrx_word' id='word_1_284' title='bbox 1181 3808 1244 3873; x_wconf 80' lang='lat' dir='ltr'><strong>alis</strong></span> <span class='ocrx_word' id='word_1_285' title='bbox 1257 3808 1403 3897; x_wconf 71' lang='lat' dir='ltr'><strong>quddam,</strong></span> <span class='ocrx_word' id='word_1_286' title='bbox 1417 3812 1464 3871; x_wconf 87' lang='lat' dir='ltr'><strong>aut</strong></span> 
     </span>
     <span class='ocr_line' id='line_1_34' title="bbox 318 3908 1464 4000; baseline -0.002 -23"><span class='ocrx_word' id='word_1_287' title='bbox 318 3910 390 3977; x_wconf 88' lang='lat' dir='ltr'><strong>aliis</strong></span> <span class='ocrx_word' id='word_1_288' title='bbox 404 3911 557 3998; x_wconf 87' lang='lat' dir='ltr'><strong>partibus.</strong></span> <span class='ocrx_word' id='word_1_289' title='bbox 602 3908 651 3975; x_wconf 90' lang='lat' dir='ltr'><strong>Ut</strong></span> <span class='ocrx_word' id='word_1_290' title='bbox 666 3916 684 3975; x_wconf 84' lang='lat'><strong>5</strong></span> <span class='ocrx_word' id='word_1_291' title='bbox 700 3908 841 3997; x_wconf 88' lang='lat' dir='ltr'><strong>continet</strong></span> <span class='ocrx_word' id='word_1_292' title='bbox 861 3916 879 3975; x_wconf 89' lang='lat'><strong>3</strong></span> <span class='ocrx_word' id='word_1_293' title='bbox 899 3909 1006 3990; x_wconf 81' lang='lat' dir='ltr'><strong>semel,</strong></span> <span class='ocrx_word' id='word_1_294' title='bbox 1022 3916 1056 3975; x_wconf 90' lang='lat' dir='ltr'><strong>et</strong></span> <span class='ocrx_word' id='word_1_295' title='bbox 1074 3909 1143 3998; x_wconf 89' lang='lat' dir='ltr'><strong>ejus</strong></span> <span class='ocrx_word' id='word_1_296' title='bbox 1163 3908 1244 3979; x_wconf 90' lang='lat' dir='ltr'><strong>duas</strong></span> <span class='ocrx_word' id='word_1_297' title='bbox 1262 3912 1398 4000; x_wconf 86' lang='lat' dir='ltr'><strong>quintas,</strong></span> <span class='ocrx_word' id='word_1_298' title='bbox 1412 3910 1464 3975; x_wconf 89' lang='lat' dir='ltr'><strong>hoc</strong></span> 
     </span>
     <span class='ocr_line' id='line_1_35' title="bbox 318 4011 1545 4104; baseline -0.001 -25"><span class='ocrx_word' id='word_1_299' title='bbox 318 4022 377 4094; x_wconf 87' lang='lat' dir='ltr'><strong>cst,</strong></span> <span class='ocrx_word' id='word_1_300' title='bbox 392 4035 490 4079; x_wconf 91' lang='lat' dir='ltr'><strong>uuam</strong></span> <span class='ocrx_word' id='word_1_301' title='bbox 505 4013 650 4102; x_wconf 88' lang='lat' dir='ltr'><strong>quintam</strong></span> <span class='ocrx_word' id='word_1_302' title='bbox 664 4021 696 4080; x_wconf 89' lang='lat' dir='ltr'><strong>et</strong></span> <span class='ocrx_word' id='word_1_303' title='bbox 711 4011 841 4079; x_wconf 87' lang='lat' dir='ltr'><strong>alteram</strong></span> <span class='ocrx_word' id='word_1_304' title='bbox 856 4012 986 4101; x_wconf 83' lang='lat' dir='ltr'><strong>insuper</strong></span> <span class='ocrx_word' id='word_1_305' title='bbox 1003 4013 1168 4101; x_wconf 80' lang='lat' dir='ltr'><strong>quintam3</strong></span> <span class='ocrx_word' id='word_1_306' title='bbox 1190 4024 1223 4081; x_wconf 91' lang='lat' dir='ltr'><strong>et</strong></span> <span class='ocrx_word' id='word_1_307' title='bbox 1247 4022 1283 4081; x_wconf 93' lang='lat'><strong>11</strong></span> <span class='ocrx_word' id='word_1_308' title='bbox 1306 4020 1427 4104; x_wconf 83' lang='lat' dir='ltr'><strong>superat</strong></span> <span class='ocrx_word' id='word_1_309' title='bbox 1446 4019 1461 4075; x_wconf 83' lang='lat'><strong>6</strong></span> <span class='ocrx_word' id='word_1_310' title='bbox 1544 4016 1545 4103; x_wconf 67' lang='lat' dir='ltr'><strong>l</strong></span> 
     </span>
     <span class='ocr_line' id='line_1_36' title="bbox 318 4114 1461 4203; baseline 0.003 -25"><span class='ocrx_word' id='word_1_311' title='bbox 318 4114 387 4200; x_wconf 88' lang='lat' dir='ltr'><strong>ejus</strong></span> <span class='ocrx_word' id='word_1_312' title='bbox 401 4124 490 4201; x_wconf 87' lang='lat' dir='ltr'><strong>parte</strong></span> <span class='ocrx_word' id='word_1_313' title='bbox 505 4114 639 4182; x_wconf 80' lang='lat' dir='ltr'><strong>dimidio</strong></span> <span class='ocrx_word' id='word_1_314' title='bbox 659 4114 716 4202; x_wconf 83' lang='lat'><strong>(3),</strong></span> <span class='ocrx_word' id='word_1_315' title='bbox 733 4123 766 4181; x_wconf 88' lang='lat' dir='ltr'><strong>et</strong></span> <span class='ocrx_word' id='word_1_316' title='bbox 784 4115 880 4181; x_wconf 72' lang='lat' dir='ltr'><strong>tertis</strong></span> <span class='ocrx_word' id='word_1_317' title='bbox 897 4115 962 4203; x_wconf 82' lang='lat'>(2);</span> <span class='ocrx_word' id='word_1_318' title='bbox 986 4114 1107 4184; x_wconf 88' lang='lat' dir='ltr'><strong>scilicet</strong></span> <span class='ocrx_word' id='word_1_319' title='bbox 1125 4122 1390 4193; x_wconf 77' lang='lat' dir='ltr'><strong>11=o÷3÷tr</strong></span> <span class='ocrx_word' id='word_1_320' title='bbox 1414 4114 1461 4203; x_wconf 82' lang='lat' dir='ltr'><strong>(ita</strong></span> 
     </span>
    </p>
   </div>
   <div class='ocr_carea' id='block_1_3' title="bbox 823 4248 967 4316">
    <p class='ocr_par' dir='ltr' id='par_1_5' title="bbox 823 4248 967 4316">
     <span class='ocr_line' id='line_1_37' title="bbox 823 4248 967 4316; baseline 0 -17"><span class='ocrx_word' id='word_1_321' title='bbox 823 4248 832 4281; x_wconf 92' lang='lat'>¹</span> <span class='ocrx_word' id='word_1_322' title='bbox 852 4250 914 4316; x_wconf 77' lang='lat' dir='ltr'><strong>Peg.</strong></span> <span class='ocrx_word' id='word_1_323' title='bbox 928 4262 967 4313; x_wconf 80' lang='lat'><strong>31.</strong></span> 
     </span>
    </p>
   </div>
   <div class='ocr_carea' id='block_1_4' title="bbox 0 0 1588 5192">
    <p class='ocr_par' dir='ltr' id='par_1_6' title="bbox 0 0 1588 5192">
     <span class='ocr_line' id='line_1_38' title="bbox 0 0 1588 5192; baseline 0 0"><span class='ocrx_word' id='word_1_324' title='bbox 0 0 1588 5192; x_wconf 95' lang='lat' dir='ltr'><strong> </strong></span> 
     </span>
    </p>
   </div>
  </div>
 </body>
</html>
