3167 5192
125 348 224 398 naor.
239 333 356 417 xuni]
467 348 654 402 menoses
676 352 949 405 nsrnnnrrron.
1224 346 1288 413 287

77 567 86 582 ·
122 524 182 591 sed
197 525 217 590 ὁ
232 525 319 592 δεῖνα
334 526 545 594 inverecundo
558 538 683 616 erepat:
698 528 829 594 omnino
843 550 919 595 sane
934 528 1061 616 dignus,
1074 530 1125 598 oui
1138 532 1288 601 talionem

121 630 198 716 quis
213 631 409 711 remetiatur,
425 640 458 697 et
471 630 553 697 illud
566 632 707 720 increpet
720 631 942 720 Euripideum.

612 774 694 837 Ἐπεὶ
712 776 749 838 τὰ
766 776 809 855 μή
829 776 904 838 rotat
932 772 935 779 Ἰ

371 876 473 956 Λέγειν
492 872 623 953 ἐτόλμας,
643 875 737 953 πλῆθε
757 875 804 935 καὶ
824 874 860 935 rd
879 874 921 953 μὴ
942 876 1026 955 φίλα.

186 1005 261 1074 Sed
284 1006 376 1072 illum
402 1005 488 1071 soleo
512 1006 648 1071 nimium
678 1006 811 1087 morari,
846 1008 957 1093 (uuum
987 1008 1088 1075 obiter
1116 1009 1285 1094 adnotabo,

116 1110 205 1198 quod
225 1109 440 1176 Nioomaohus
454 1109 635 1176 Gernsenus
653 1108 688 1173 in
710 1107 854 1190 Musiois,
871 1114 935 1196 qut
955 1111 1077 1177 ratione
1098 1114 1151 1179 vel
1173 1114 1287 1182 autho-

117 1216 219 1281 ritate
240 1213 341 1279 fretus
362 1213 478 1293 neseio,
500 1212 609 1279 ordine
630 1221 808 1301 permutato
834 1213 953 1303 σχέσιν
974 1215 1071 1282 habet
1092 1240 1148 1305 pro
1171 1218 1284 1305 specie,

116 1318 226 1403 λόγον
238 1341 297 1407 pro
311 1340 444 1405 genere;
466 1310 597 1404 Σχέσις,
620 1316 734 1404 inquit,
752 1314 850 1399 λόγος
875 1317 988 1404 (ἐστὶν)
1014 1319 1048 1385 ἐν
1069 1320 1197 1409 ἑκάστῳ
1218 1321 1286 1389 δισ-

32 1484 37 1493 ,
116 1422 272 1505 πήματι
284 1417 471 1507 μετροπικός
485 1422 542 1501 τῆς
556 1417 811 1503 demissam)

182 1535 221 1591 2.
252 1523 331 1589 Post
345 1545 446 1610 genus
459 1522 494 1588 in
509 1521 720 1589 accidentium
731 1520 968 1589 definitionibus
983 1524 1126 1610 subjecta
1140 1525 1284 1614 proxime

117 1622 262 1713 spectari
281 1622 409 1704 debent,
424 1622 459 1688 in
476 1620 685 1689 relationibus
700 1621 756 1709 qui
776 1620 925 1687 dicuntur
943 1622 1081 1689 termini.
1126 1623 1214 1690 Hinc
1228 1624 1285 1691 ad-

116 1738 214 1795 verto
227 1726 375 1815 proxime
388 1724 445 1792 τὸν
458 1725 678 1813 στοιχειοντὴν,
695 1748 766 1791 oum
782 1725 992 1793 Geometrioae
1012 1726 1152 1794 materiae
1167 1727 1286 1795 dicaret

116 1830 341 1909 Elementnm,
370 1828 624 1916 magnitudinem
652 1828 851 1894 solummodo
880 1828 1039 1895 rationum
1068 1829 1281 1897 definiendam

115 1933 310 2021 suscepisse.
341 1930 430 1997 Hine
443 1931 578 1998 habetur
590 1931 742 2015 μεγεθῶν,
757 1954 902 2020 proquo,
919 1932 1075 2023 siquidem
1090 1934 1170 2001 ratio
1186 1957 1284 2021 gene·

115 2038 279 2103 ralissime
293 2034 475 2102 definienda
488 2044 580 2116 esset,
600 2034 751 2101 substitui
772 2035 900 2101 deberet
923 2039 986 2102 τῶν
1009 2040 1122 2103 ποσῶν
1143 2045 1198 2103 aut
1220 2040 1284 2105 τῶν

115 2140 217 2229 ὅρων·
241 2141 326 2206 sient
346 2138 433 2227 apud
453 2138 616 2205 Thm'nem
641 2137 853 2225 Smyrnaeum,
875 2138 980 2222 Λόγος
1003 2138 1037 2207 δέ
1059 2141 1149 2207 ἐστιν
1171 2139 1282 2209 ὄναιτ’

118 2245 284 2328 ἀνάλογον
305 2243 393 2310 δυοῖν
414 2240 498 2341 ὅρον
519 2241 677 2327 ὁμογενῶν
698 2241 719 2325 ἡ
741 2240 822 2330 πρὸς
844 2239 1010 2325 ἀλλήλους
1031 2243 1112 2310 ποιὰ
1133 2244 1280 2334 σχέσις’·

118 2360 148 2415 et
180 2348 416 2414 Nicomachum
444 2348 479 2413 in
508 2346 738 2427 Arithmetieis,
769 2344 875 2429 Λόγος
906 2346 977 2412 ἐστι
1006 2344 1062 2411 δύο
1091 2345 1173 2434 ὅρων
1200 2349 1282 2436 πρὸς

119 2449 289 2535 ἀλλήλους
306 2450 449 2540 σχέσις’.

185 2553 405 2643 Reprehendit
424 2562 528 2619 sutem
546 2561 705 2618 auctorem
725 2558 868 2617 nostium
889 2549 1012 2617 Remus
1032 2550 1091 2617 hae
1113 2550 1154 2615 de
1176 2558 1279 2637 eausa,

118 2659 205 2748 qnod
219 2657 479 2745 magnitudinum
493 2654 648 2721 rationem
663 2652 792 2719 seorsim
807 2651 975 2732 definierit,
991 2675 1090 2740 quum
1105 2652 1184 2718 ratio
1205 2677 1279 2721 oon-

118 2764 208 2828 venit
229 2761 379 2827 omnibns
400 2759 512 2825 rebus:
539 2757 696 2822 Εῑοοολυο
717 2754 845 2841 (inquit)
869 2766 927 2819 toto
950 2754 1029 2822 libro
1046 2768 1215 2845 perpetuus
1236 2770 1281 2823 eet

119 2870 243 2957 Loyiooe
265 2879 294 2932 et
314 2864 536 2942 Aritbmeticoe,
556 2860 602 2927 ad
617 2860 819 2949 posteriorem
840 2858 1004 2925 materiam
1025 2860 1064 2926 de
1085 2861 1279 2949 magnitudi-

119 2974 210 3039 nibus
224 2968 390 3055 rugaret

181 3072 375 3162 Respondeo
388 3070 536 3159 primum,
548 3067 661 3133 saltem
672 3067 714 3133 ab
727 3066 789 3132 hoo
803 3065 871 3155 ipso
886 3087 1013 3133 censore
1027 3066 1177 3155 majorem
1192 3090 1282 3135 eom-·

118 3180 202 3247 mitti
227 3176 407 3255 elenchum,
433 3173 489 3263 qui
517 3172 670 3239 rationem
699 3168 839 3236 numeris
867 3168 989 3257 alligat,
1020 3171 1160 3239 materiae
1187 3194 1277 3260 aeque

119 3282 246 3373 speciali
271 3289 303 3346 et
325 3278 432 3344 minna
455 3284 555 3364 aptae:
587 3273 700 3340 Altero
726 3272 854 3361 (inquit)
879 3275 1063 3361 quantitatis
1085 3277 1276 3362 comparatio

119 3402 160 3455 est
174 3413 190 3455 e
203 3384 417 3455 numeratione
430 3382 600 3469 conjuncto,
613 3392 642 3445 et
655 3379 773 3445 dr'oitar
786 3378 879 3457 νοιίο,
891 3400 959 3463 qaae
969 3388 1122 3465 apecmtm
1136 3375 1275 3463 'quotiens

120 3514 301 3579 consequens
325 3489 362 3554 aia
386 3485 575 3552 συοοοᾶουιο
600 3480 815 3549 σουοίυοοοου“.
860 3479 959 3559 Quasi
984 3500 1060 3544 vero
1086 3477 1274 3564 quantitatis

120 3590 301 3661 omnimoda
328 3586 520 3677 comparatio
548 3584 759 3651 numerationi
781 3580 976 3661 subderetur,
998 3578 1138 3645 numeris
1160 3601 1275 3647 eonve-

120 3698 197 3764 niret
211 3693 318 3761 omnis
331 3690 422 3772 ratio,
437 3689 490 3755 vel
503 3687 642 3757 numeris
656 3685 794 3775 exprimi
808 3694 924 3773 posset.
965 3680 1052 3751 Satis
1068 3689 1200 3763 eonstat,
1215 3704 1274 3748 neo

179 3834 190 3865 ¹
207 3834 310 3883 Nioom.
323 3831 391 3879 Mor.
403 3828 445 3877 lib
458 3840 476 3877 1.
489 3844 514 3890 p.
527 3841 567 3886 24.
707 3822 719 3854 ¹
735 3824 798 3888 Gap.
815 3836 852 3886 19.
984 3818 996 3852 ⁸
1013 3819 1069 3869 Lib.
1083 3830 1113 3867 11.
1126 3836 1151 3883 p.
1165 3816 1206 3869 6ο.

442 3911 453 3941 ⁴
469 3909 546 3957 Sobel.
563 3922 599 3967 13.
756 3906 767 3937 ⁸
783 3904 865 3953 Astu.
879 3916 908 3955 11.
923 3919 944 3953 2.

169 4198 207 4267 (ο)
242 4198 318 4252 Naxt
329 4200 359 4251 to
370 4196 515 4265 theganus
527 4197 556 4251 in
568 4213 585 4251 a
596 4194 740 4253 definition
752 4209 794 4249 we
804 4192 874 4247 have
886 4190 934 4246 tha
950 4186 1142 4259 subject—the
1153 4180 1282 4241 relation'

123 4284 150 4336 ol
157 4288 207 4338 two
218 4280 406 4352 mgnitudes.

172 4368 293 4423 Remus’s
311 4366 449 4437 objection
464 4367 528 4422 thot
542 4366 704 4436 magnitudo
715 4365 738 4418 is
750 4368 797 4418 too
809 4377 915 4417 narrow
928 4376 945 4415 n
959 4358 1082 4429 subject:
1100 4350 1257 4413 answered:

172 4460 191 4506 l.
227 4453 273 4507 Ha
292 4452 318 4506 is
335 4468 429 4520 wrong
445 4453 473 4506 in
492 4452 630 4520 oonfining
647 4450 719 4504 ratio
736 4454 767 4503 to
784 4446 922 4502 numbers.
