3167 5192
103 385 193 435 1111.
210 368 323 454 xxia]
439 384 627 434 1111111111
649 383 922 446 usrnnuumom.
1197 368 1261 439 359

100 554 246 621 nifestnm
261 556 335 637 erit,
350 553 482 643 hujusce
500 554 695 621 definitionis
713 555 813 623 verba
831 559 1051 646 perscrutanti,
1066 556 1187 624 nullam
1207 558 1262 623 hic

99 656 135 723 de
155 658 237 723 facto
261 659 501 745 generationem
523 659 649 746 attingi
672 659 730 725 sed
751 660 880 747 aliquod
902 662 1059 728 duntaxat
1080 674 1262 750 symptoma

98 772 228 847 quatuor
247 761 388 827 subinde
409 762 537 848 quantis
556 763 747 829 conveniens
768 764 869 845 innui,
892 766 1008 853 quibus
1028 788 1069 830 ex
1089 765 1260 851 hypothesi

98 863 179 949 quod
193 864 253 929 illo
268 864 413 950 gaudent
427 874 649 951 symptomata,
662 888 777 931 nomen
791 865 914 933 inditur
928 868 1059 934 eandem
1073 867 1260 947 habentium

98 967 248 1033 rationem
265 990 325 1033 seu
338 969 631 1056 proportionalium.

155 1069 180 1137 J
181 1094 234 1135 am
250 1070 295 1136 ad
309 1059 529 1158 exceptionem
544 1071 750 1137 Hobbianam
762 1070 945 1159 respondeo,
959 1071 1044 1157 quod
1058 1071 1118 1137 etsi
1132 1092 1260 1161 prorsus

98 1171 296 1259 impossibile
322 1173 521 1253 concedatur,
547 1196 603 1260 per
628 1174 711 1239 hanc
734 1174 948 1240 definitionem
974 1185 1109 1261 quatuor
1131 1197 1262 1263 propor-

98 1275 229 1342 tionales
252 1276 454 1363 quantitates
476 1276 644 1363 expiscari,
662 1278 757 1361 (sicut
780 1276 976 1363 impossibile
995 1287 1079 1341 este
1100 1277 1259 1343 radiorum

96 1380 228 1466 paritate
253 1378 411 1445 circulum
431 1379 582 1459 invenire,
605 1379 757 1444 tentando
775 1379 895 1444 scilicet
915 1390 947 1445 et
966 1380 1166 1467 experiendo,
1182 1403 1260 1445 num

98 1481 213 1568 singuli
236 1481 275 1546 in
293 1480 398 1567 figura
419 1480 581 1569 proposita
602 1480 658 1567 qui
679 1480 788 1545 insunt
810 1480 928 1545 infiniti
950 1481 1031 1546 radii
1049 1504 1140 1567 pares
1162 1484 1260 1567 sunt)

98 1593 200 1649 tamen
220 1584 257 1649 id
280 1583 368 1669 quod
386 1582 440 1648 hic
459 1582 563 1648 solum
585 1582 759 1649 intenditur
780 1591 813 1647 et
835 1584 959 1664 suffieit,
975 1584 1145 1650 admodum
1168 1585 1260 1652 facile

98 1696 142 1750 ost
161 1686 392 1766 demonstrare,
416 1685 502 1772 quod
524 1697 660 1772 quatuor
681 1686 845 1751 nonnuliis
867 1686 1003 1772 quantis,
1028 1688 1071 1773 (v.
1081 1710 1112 1773 g.
1137 1687 1260 1754 duobus

104 1810 188 1875 teque
211 1788 293 1854 altis
316 1787 621 1873 parallelogrammis
644 1798 676 1854 et
699 1812 808 1854 eorum
828 1788 980 1873 basibus)
1001 1789 1069 1854 haeo
1087 1789 1261 1877 proprietas

102 1890 327 1957 universaliter
346 1890 513 1956 conveniat
523 1916 531 1972 ;
556 1891 649 1975 (siout
669 1902 701 1956 et
722 1891 814 1957 facile
836 1890 930 1956 fuerit
944 1914 962 1957 1
977 1890 1060 1957 datis
1070 1892 1259 1980 quibusdam

103 1994 339 2061 conditionibus
363 1993 528 2060 ostendere
553 1993 688 2080 figuram
714 1994 853 2081 aliquam
879 1993 995 2061 habere
1021 1994 1126 2061 radios
1151 2018 1261 2061 omnes

101 2096 178 2162 inter
198 2119 234 2163 se
258 2096 378 2183 pares).
422 2095 478 2160 Ad
500 2095 582 2161 illud
605 2096 696 2160 nulla
716 2096 885 2184 requiritur
906 2120 962 2185 per
983 2120 1094 2163 omnes
1113 2120 1261 2164 numeros

102 2198 336 2285 multiplicatio,
351 2196 461 2263 nullus
476 2197 566 2263 labor
580 2196 732 2280 infinitus,
749 2208 785 2263 ut
799 2198 961 2264 multoties
976 2208 1147 2266 ostensum.
1192 2199 1262 2287 Igi-

102 2310 148 2365 tur
160 2300 230 2365 haec
246 2299 383 2385 objectio
396 2298 479 2363 nihil
494 2298 598 2364 efficit.

162 2403 228 2471 Sed
246 2426 360 2491 porro;
382 2402 455 2467 Noa
476 2416 521 2468 est
545 2402 672 2488 (inquit)
697 2402 838 2489 definitio
860 2402 933 2480 1111,
951 2402 1007 2466 sed
1026 2402 1210 2488 hypotheses,
1232 2416 1260 2467 et

103 2508 222 2593 quidem
244 2506 408 2587 11111111
428 2530 490 2571 noa
503 2505 713 2594 priacapiam,
733 2506 811 2590 puio
833 2503 1082 2569 demorastrabib's
1103 2517 1156 2585 est,
1171 2518 1200 2569 et
1221 2507 1260 2571 ab

104 2610 218 2677 Hobhrb
233 2610 474 2676 demonstratur.

162 2714 290 2801 Regero
304 2714 451 2800 primum,
467 2709 553 2799 quod
568 2708 700 2775 eandem
715 2708 871 2775 rationem
886 2709 1039 2775 habentia
1059 2710 1110 2775 vel
1130 2733 1261 2799 propor-

105 2814 234 2881 tionalia
247 2823 367 2903 quanta
385 2812 517 2879 vocitari
539 2809 703 2877 debuerint
723 2811 764 2875 ab
784 2792 929 2891 Euclide,
946 2834 1016 2897 quae
1036 2812 1259 2899 proprietatem

107 2920 246 2985 obtinent
259 2919 320 2983 hae
334 2916 369 2982 in
384 2916 567 2982 defiuitione
581 2914 748 3000 signatam,
764 2936 822 2979 nec
838 2914 892 2979 ille
911 2937 970 2979 nec
990 2914 1071 2979 alius
1091 2916 1259 3002 quisquam

108 3020 341 3102 demonstravit,
367 3029 423 3084 aut
448 3017 586 3106 potuerit
610 3016 833 3083 demonstrare.
879 3014 952 3081 Hoc
977 3016 1062 3082 enim
1089 3018 1192 3083 solum
1218 3022 1259 3085 ab

109 3120 247 3191 Euclidis
264 3123 366 3189 libero
385 3121 542 3210 pendebat
558 3119 697 3185 arbitrio.
741 3118 816 3184 Nou
832 3118 930 3205 igitur
944 3118 1072 3185 omnino
1088 3144 1196 3186 verum
1212 3133 1260 3187 est

108 3226 183 3294 hanc
196 3227 413 3294 definitionem
428 3225 469 3290 ab
484 3225 554 3312 ipso
568 3222 666 3288 fuisse
681 3221 936 3288 demonstratam.

168 3330 323 3411 Secundo,
343 3338 381 3393 ut
398 3326 487 3415 prius
506 3325 586 3404 dieo,
607 3323 689 3388 nihil
709 3324 830 3389 officere
850 3323 1025 3391 definitioni
1046 3326 1156 3408 cuivis,
1173 3328 1259 3414 quod

110 3435 284 3522 proprietas,
300 3457 320 3498 a
333 3436 399 3519 qua
413 3429 572 3508 definitur,
587 3426 688 3514 possit
702 3426 742 3492 de
757 3428 898 3513 subjecto
916 3451 971 3516 per
988 3428 1083 3493 aliam
1099 3430 1258 3515 quandam

111 3538 279 3619 passionem
299 3534 431 3625 definito
448 3531 673 3610 demonstrari3
697 3529 776 3595 alias
796 3530 885 3595 nulla
905 3531 1047 3597 definitio
1065 3532 1150 3597 bona
1169 3532 1259 3599 foret.

112 3635 189 3706 Sane
215 3637 379 3706 nonnulla
408 3659 458 3701 res
486 3632 689 3705 πολιηταθεῖς
720 3632 841 3717 (multis
870 3634 1071 3721 passionibus
1102 3635 1255 3722 praeditae)

111 3742 223 3825 possint
236 3740 452 3828 compluribus
472 3736 575 3803 modis
593 3734 756 3800 commode
776 3734 853 3799 satis
873 3745 906 3800 et
925 3746 1009 3801 reete
1029 3736 1170 3805 definiri:
1194 3739 1258 3805 sint

100 3844 245 3951 'exemplo
260 3843 379 3909 conicae
396 3840 560 3919 sectiones,
576 3860 647 3924 quae
667 3860 739 3903 cum
760 3836 930 3903 admodum
951 3840 1048 3903 variis
1066 3840 1169 3905 modis
1185 3865 1258 3929 pro-

112 3947 192 4033 gigni
206 3948 340 4036 possint,
364 3948 431 4033 (per
452 3951 597 4007 motuum
618 3940 854 4027 dependentias,
877 3952 909 4007 et
930 3963 987 4028 per
1007 3953 1150 4009 motuum
1173 3966 1258 4010 com-

111 4053 270 4135 positiones
281 4046 527 4125 diversimodas;
544 4067 599 4131 per
614 4044 772 4108 variorum
787 4066 950 4131 corporum
967 4045 1128 4121 sectiones
1140 4070 1257 4135 perque

765 4258 817 4265 .-

158 4400 228 4457 luat
238 4402 262 4457 it
272 4402 298 4456 is
309 4404 358 4457 not
370 4416 387 4454 a
398 4400 542 4456 definitior
553 4398 605 4455 but
617 4416 634 4454 a
645 4398 811 4469 hypothesis,
824 4397 941 4453 because
957 4396 980 4451 it
992 4396 1016 4451 is
1028 4396 1238 4453 demonstrable.

154 4488 223 4543 Ans.
258 4488 305 4543 He
323 4490 423 4542 cannot
439 4489 557 4557 prevent
574 4485 673 4541 lluclid
691 4501 722 4539 so
739 4483 867 4552 defining.
