3167 5192
0 352 1 355 ¹
93 379 261 466 monna]
448 397 636 449 nncrronna
655 395 799 448 orrrcn.
1101 372 1146 438 45

149 561 227 630 XV.
273 567 307 630 3.
337 563 440 645 Hinc,
465 585 576 630 omnca
600 563 643 630 ab
667 585 732 630 uno
756 573 886 651 puncto,
912 559 1146 649 divergentium
1158 579 1216 648 lug.
1230 595 1270 648 ²9·

90 665 247 732 radiorum
269 666 383 734 reflexi
403 689 512 734 ruraua
534 667 707 754 divergunt
727 676 880 754 tanquam
898 666 941 733 ab
954 666 1053 733 altero
1067 687 1147 753 quo-

90 768 160 835 dam
173 793 240 836 uno
254 771 457 858 prodeuntea.

150 871 268 952 Quoad
282 885 437 962 punctum
451 874 547 961 longe
564 872 713 940 dissitum
736 875 806 959 (acu
823 871 993 962 parallelos
1014 871 1055 938 ad
1077 894 1148 940 sen-

90 992 157 1037 sum
170 972 282 1039 radica
296 973 484 1061 ejaculante)
500 983 589 1063 patet
602 996 621 1040 e
634 972 821 1062 penultima.
866 971 981 1052 Quoad
993 981 1148 1059 punctum

88 1096 105 1139 a
119 1075 316 1143 sensibiliter
328 1075 422 1141 finita
435 1076 588 1143 dismtia
600 1077 739 1156 radians,
759 1097 802 1141 ex
819 1074 934 1141 ultima
947 1085 1045 1164 patet,
1061 1073 1148 1163 quod

88 1178 229 1245 omnium
245 1181 290 1246 ab
304 1181 337 1246 A
353 1180 587 1267 divergentium
600 1177 888 1248 radiorum.reflexi
902 1176 1052 1268 protracti
1072 1201 1147 1244 con·

89 1292 216 1348 currunt
230 1282 268 1348 in
283 1285 317 1349 Z
317 1309 326 1364 ;
351 1283 492 1371 adeoque
505 1283 700 1350 videbuntur
714 1282 755 1349 ab
769 1305 807 1350 eo
821 1304 1016 1369 promanare.

150 1487 250 1559 XVI.
297 1489 386 1556 Hinc
406 1501 559 1578 punctum
581 1491 616 1556 Z
630 1490 690 1557 erit
709 1490 811 1579 ipsius
829 1491 862 1556 A
888 1492 1043 1578 (respectu
1064 1491 1148 1558 oculi

89 1591 214 1677 uspiam
229 1593 407 1677 constituti)
425 1594 532 1679 imago
545 1594 783 1682 perfectissima.
816 1593 983 1681 Siquidem
997 1594 1149 1682 imaginis

88 1695 246 1761 vocabulo
260 1695 309 1761 nil
324 1695 413 1762 aliud
427 1695 582 1782 intelligo,
597 1719 694 1784 quam
708 1695 814 1762 locum
834 1719 854 1762 a
868 1717 932 1783 quo
946 1695 1052 1784 plures
1066 1695 1149 1762 radii

93 1796 180 1882 (quot
195 1799 321 1865 scilicet
339 1798 503 1866 afficiendo
517 1799 602 1865 visui
620 1799 789 1885 sufficiunt)
811 1799 956 1866 similiter
975 1799 1148 1886 divergere‚

91 1919 146 1966 seu
174 1902 343 1969 dimanare
366 1904 526 1985 videntur,
556 1913 652 1991 atque
681 1927 753 1971 cum
782 1927 802 1970 a
830 1903 990 1992 primariis
1016 1903 1149 1992 objectis

90 1997 325 2070 diffunduntur.
369 2003 508 2070 Proinde
522 2003 664 2092 cujusvis
679 2003 740 2070 hoc
755 2004 851 2070 modo
864 2003 1017 2070 radiantia
1032 2003 1149 2092 objccfi

89 2098 176 2170 locus
191 2128 360 2194 apparens,
375 2106 428 2173 vel
443 2107 548 2194 imago
562 2106 713 2173 facillime
728 2106 963 2174 determinatur.

152 2308 273 2378 XVII.
318 2309 450 2376 Exhinc
471 2309 568 2376 etiam
593 2307 704 2376 eadem
729 2315 833 2398 opert,
860 2309 949 2375 visua
975 2309 1149 2396 imaginem

90 2395 307 2502 mahamet
332 2413 414 2494 aa,
440 2434 499 2478 seu
524 2411 662 2477 manus
686 2409 872 2499 principalis
901 2412 973 2498 (aa
997 2411 1149 2478 nimirum

89 2517 144 2604 qui
174 2543 234 2607 per
259 2517 344 2584 oculi
369 2525 512 2583 centrum
538 2518 628 2604 (puta
663 2515 702 2599 0)
733 2515 871 2601 transit)
903 2526 936 2581 et
963 2514 1150 2582 reflectionis

92 2621 195 2707 (quod
222 2620 348 2702 vocant)
375 2627 530 2706 punctum
548 2617 813 2686 determinantur.
858 2617 1013 2684 Connexa
1037 2641 1151 2707 nempe

89 2735 179 2788 recta
201 2721 261 2788 ΟΖ
269 2719 416 2786 eritaxis
430 2721 508 2802 iate3
524 2743 582 2788 nec
595 2742 662 2787 non
675 2718 745 2808 ejua
758 2742 833 2788 cum
843 2719 910 2792 EF
917 2719 1095 2788 intcrsectio
1105 2722 1150 2804 N,

90 2835 248 2911 punctum
261 2823 460 2892 reflectionia.

158 3024 295 3094 XVIII.
339 3025 454 3107 Quoad
473 3025 535 3093 hoc
553 3019 743 3093 reflectionia
762 3035 917 3118 punctum
934 3027 1062 3095 unicam
1076 3029 1153 3096 sub·

90 3128 241 3215 jicicmna
269 3130 575 3198 annotatiunculam.
614 3130 776 3198 Radiante
804 3142 924 3222 puncto
945 3133 989 3214 A,
1015 3144 1048 3199 ct
1069 3133 1154 3200 oculi

94 3246 202 3300 centro
228 3233 258 3298 Ο
278 3233 354 3299 fixis
380 3234 593 3315 manentibus,
619 3246 705 3300 recta
731 3233 914 3322 Gatoptrica
934 3236 1001 3301 EF
1018 3246 1155 3324 ponatur

94 3347 187 3404 rcctae
198 3335 325 3403 cuidam
342 3337 402 3404 ΟΡ
410 3336 572 3426 parallela‚
585 3337 642 3402 aed
655 3337 799 3423 alioquin
814 3338 879 3404 nitu
889 3339 1152 3422 indeterminata5

94 3452 187 3508 erunt
201 3441 308 3509 omnia
320 3441 511 3508 reflectionia
524 3451 644 3528 puncta
658 3441 692 3506 in
707 3441 899 3528 Hyperbold.
930 3441 991 3522 Sit,
1011 3443 1153 3529 inquam,

95 3544 163 3611 ΑΡ
176 3544 218 3612 ad
242 3545 303 3612 ΟΡ
316 3543 594 3632 perpendicularis,
615 3553 649 3608 et
665 3543 845 3610 biaccentur
858 3544 926 3609 ΑΡ
939 3543 974 3608 in
993 3545 1037 3625 X,
1059 3555 1155 3633 atque
1167 3561 1225 3626 lug.
1237 3573 1277 3625 30·

96 3646 158 3716 ΡΟ
172 3649 207 3713 in
229 3647 263 3713 Y
265 3672 276 3728 ;
291 3658 324 3714 et
341 3670 397 3735 per
412 3647 451 3713 X
461 3645 596 3714 ducatur
609 3645 681 3712 Χθ
695 3644 738 3710 ad
751 3643 812 3711 Po
826 3643 988 3732 parallela,
1006 3645 1085 3714 item
1099 3670 1156 3735 per

103 3751 278 3819 Yducatur
300 3753 368 3818 YH
376 3750 417 3818 ad
428 3751 496 3816 ΑΡ
504 3749 656 3837 parallela
663 3774 672 3830 ;
693 3757 728 3813 ct
740 3748 779 3814 X
781 3749 822 3830 θ,
845 3749 913 3814 ΥΠ
921 3762 1107 3817 concurrant
1121 3751 1156 3818 in

103 3856 146 3937 03
169 3864 238 3921 tum
258 3853 462 3943 Aaymptotia
487 3852 559 3935 06,
587 3851 654 3920 GH
661 3874 718 3939 per
737 3850 844 3939 ipsum
867 3851 1067 3942 Odcscripta
1080 3877 1156 3921 con-

97 3959 231 4046 cipiatur
244 3957 426 4047 Hyperbola
438 3956 550 4038 Ro&
574 3955 643 4024 haec
661 3977 719 4043 per
733 3953 841 4021 omnia
859 3954 1074 4024 reflectionum
1089 3957 1156 4025 dic-

97 4073 201 4128 tarum
215 4071 336 4150 puncta
348 4061 507 4128 transibit.
551 4059 638 4126 Nam
657 4068 820 4146 utcunque
840 4056 935 4123 ducta
953 4059 1020 4124 EF
1032 4059 1074 4125 ad
1094 4061 1156 4130 Po

95 4164 249 4254 parallela
261 4165 449 4253 Hyperbolae
462 4163 559 4231 Ros
569 4172 713 4230 occurrat
727 4161 769 4228 ad
782 4162 823 4227 N
822 4187 830 4243 3
847 4171 879 4227 et
893 4160 1049 4229 ducantur
1063 4175 1156 4233 recta

94 4270 173 4349 AN,
191 4268 265 4349 0N;
282 4267 354 4334 dico
369 4266 525 4354 angulum
538 4267 642 4333 ANE
652 4266 771 4353 angulo
792 4265 889 4334 ΘΝΕ
897 4265 1026 4353 aquari.
1061 4267 1157 4337 Secet

30 4389 39 4397 “
96 4372 181 4438 enim
195 4371 377 4459 APipsam
391 4371 458 4436 EF
465 4370 500 4436 in
514 4371 564 4452 B;
581 4379 615 4437 ct
628 4369 762 4436 ducatur
782 4370 845 4451 OQ
859 4368 900 4436 ad
913 4371 982 4435 AB
992 4371 1154 4460 parallelo.

96 4475 151 4558 Et,
163 4496 206 4540 ex
217 4473 403 4564 Hyperbole
415 4479 539 4560 natura,
553 4483 603 4542 eat
622 4473 706 4544 OD:
729 4473 824 4541 0er
848 4474 933 4542 YO:
952 4474 1026 4542 DN
1029 4501 1040 4560 3
1057 4498 1156 4565 quare
