3167 5192
97 430 182 483 uror.
198 414 306 501 xxm]
421 429 609 484 menoare
629 431 904 486 nmmum.
1179 419 1245 487 att

89 598 297 690 penplm’am
321 597 480 687 equalem,
509 600 614 686 major
637 600 796 687 majorae,
822 602 926 669 minor
949 600 1111 671 maltoreaa.
1155 602 1243 692 Fapo

96 702 270 790 (seeundum
293 724 410 791 nempe
431 700 649 770 definitionem
669 702 871 790 Euclidem)
898 706 1047 773 mlteaaoe
1070 720 1144 775 artat
1160 730 1241 797 pro·

91 806 279 896 patronolea.
325 806 372 873 Id
382 805 467 895 quod
480 808 576 892 (recte
590 806 649 892 ais)
658 806 785 895 fabam»
798 808 925 897 oouja’oa't
937 809 1128 879 Ptolemoetoe.

149 910 194 976 At
203 933 288 992 vero,
299 910 452 999 preclare
465 932 585 990 censor,
599 910 671 976 hare
683 910 927 997 argumentatio,
939 912 1036 1000 juxta
1050 913 1238 999 diverbium,

93 1013 171 1080 ota
187 1018 247 1099 γῆς
268 1013 339 1080 οὔτ’
361 1012 495 1102 οὐρανοῦ
514 1012 663 1096 &amaea
688 1015 873 1083 nullatenus
891 1016 1022 1104 attingit
1041 1027 1097 1083 aut
1118 1025 1239 1107 spectat

92 1116 168 1203 quod
184 1140 250 1206 prae
263 1116 417 1183 manibus
435 1125 485 1183 est
497 1116 670 1203 negotium,
690 1125 742 1183 ast
757 1117 801 1183 ab
820 1139 857 1183 eo
876 1117 1004 1205 longius
1024 1142 1120 1207 quam
1139 1142 1160 1186 a
1178 1120 1240 1188 tel-

91 1217 151 1287 lure
163 1218 278 1285 ooelum
291 1226 485 1286 removetur.
522 1216 592 1285 Ubi
606 1217 799 1286 definitionis
809 1219 973 1288 Euclideae
986 1220 1055 1289 ulla
1068 1224 1122 1292 hio
1135 1224 1240 1314 appli-

92 1320 187 1387 catio?
205 1319 263 1387 ubi
277 1318 597 1408 aequemultiplieium
616 1319 725 1409 aliqua
743 1322 889 1390 mentio?
909 1323 967 1390 ubi
980 1324 1060 1413 quid
1074 1326 1125 1393 his
1143 1329 1236 1396 affine

92 1423 137 1489 rel
149 1422 260 1503 simile,
274 1445 344 1510 quo
359 1420 532 1489 deducatur
549 1421 799 1511 peripheriarum
818 1447 892 1491 oum
911 1426 978 1493 suis
992 1428 1150 1495 subterreis
1166 1450 1238 1519 pro-

92 1524 324 1613 portionalitas?
367 1523 541 1591 Enimvero
554 1547 658 1613 neque
671 1524 842 1614 adfigitur,
861 1550 965 1616 neque
984 1530 1093 1619 colligi
1109 1532 1235 1619 poterit,

92 1627 146 1695 tale
167 1629 341 1717 quiequam
369 1652 389 1695 e
416 1627 603 1696 delinitione
631 1634 749 1712 nostrl,
778 1653 844 1697 non
873 1654 1036 1721 perperam
1064 1634 1235 1703 intellecti.

92 1728 279 1798 Contrarium
299 1738 388 1797 oerte
407 1730 619 1819 oonsequitur,
638 1741 673 1798 et
689 1742 773 1799 reate
791 1732 954 1821 colligitur
974 1735 1108 1825 abipso
1129 1736 1238 1806 Ptole-

92 1856 170 1915 meo,
189 1858 208 1903 e
228 1832 504 1923 propositionibus
524 1834 770 1904 elementaribus
795 1836 946 1905 derivatis
970 1860 1014 1907 ex
1042 1838 1113 1923 hae,
1142 1838 1235 1930 eique

93 1938 507 2027 oognatissubsequantibus
520 1936 758 2006 delinitionibus
771 1938 955 2009 Euclidaeis.
1320 2022 1322 2025 ¹

145 2040 194 2109 lle
206 2042 308 2131 gratis
323 2041 387 2110 hoo
399 2039 502 2108 dioere
515 2039 691 2124 videamur,
710 2063 808 2109 unam
823 2042 1036 2113 adscribamus
1050 2044 1234 2115 facillimam

94 2146 270 2218 mannan

150 3288 219 3362 Sint
238 3318 334 3365 arcus
355 3298 419 3366 duo
440 3300 511 3383 ΖΑ,
532 3300 607 3382 ΖΜ,
628 3299 684 3368 ille
709 3298 880 3389 quadrans,
906 3296 960 3362 hio
981 3303 1112 3363 sextans
1136 3294 1236 3361 totius

98 3388 351 3469 circumferentia.
395 3403 478 3471 Dico
502 3427 594 3472 arcus
619 3405 690 3486 ZA,
712 3404 784 3469 ΖΜ
801 3425 867 3468 non
892 3422 962 3468 esse
986 3397 1236 3487 proportionales

98 3493 154 3561 luit
169 3501 328 3570 euboensis
346 3505 417 3587 ΖΑ,
436 3506 510 3589 ΖΜ,
530 3506 627 3595 juxta
644 3513 786 3573 nostram
805 3501 1032 3569 definitionem.
1077 3494 1237 3586 Multipli-

100 3608 193 3669 oeutur
212 3607 302 3673 enim
324 3608 544 3677 anteoedantes
568 3610 628 3677 ΖΑ
653 3632 711 3699 per
736 3628 904 3674 numerum
929 3600 1175 3691 quaternarium,
1205 3608 1238 3667 et

101 3718 311 3793 wusmnentes
331 3710 402 3777 ZM
422 3735 479 3801 per
498 3734 666 3780 numerum
695 3710 874 3790 senarium
904 3706 1006 3795 liquet
1026 3702 1238 3793 quadruplam

101 3821 176 3872 ‘mus
189 3812 374 3897 quadrantis
387 3814 447 3881 ΖΑ
463 3816 582 3906 aequari
596 3814 744 3905 sextuplo
759 3835 850 3881 araus
865 3810 1052 3880 sextantalis
1066 3809 1138 3875 ΖΜ
1152 3812 1237 3897 (oum

101 3910 252 3999 utrumque
279 3914 452 4005 multiplex
487 3916 644 4005 integram
678 3918 826 4006 adseqw
857 3912 969 3983 eironli
1000 3910 1237 4003 peripheriam).

102 4000 207 4078 Vtrum
219 4015 421 4107 quadruplex
438 4020 566 4086 chordae
584 4020 644 4085 ΖΑ
664 4019 771 4085 minus
789 4027 840 4086 est
859 4015 1008 4105 sextuplo
1023 4014 1149 4084 chordas
1162 4014 1237 4098 ΖΜ,

102 4109 253 4192 usmete
273 4119 394 4188 soilioet
414 4120 561 4211 inseripti
579 4122 697 4189 oiroulo
716 4120 864 4209 quadrati
886 4118 1054 4210 perimetro
1076 4118 1239 4207 hexagoni

103 4207 193 4282 eidem
205 4218 365 4312 inseripti:
387 4220 477 4313 Ergo
491 4224 593 4313 liquet
605 4223 801 4314 peripherias
814 4223 886 4307 ZA,
901 4224 972 4292 ΖΜ
983 4246 1048 4291 non
1062 4244 1130 4293 esse
1141 4224 1240 4313 juxta

107 4527 132 4582 ω
144 4446 293 4599 &mlx
330 4459 487 4532 Aooordr‘ng
502 4465 534 4518 to
551 4460 601 4518 the
617 4460 684 4531 Des.
699 4460 748 4519 tlre
764 4476 813 4518 aro
827 4460 918 4518 worrld
934 4468 984 4519 not
999 4460 1036 4518 be
1053 4454 1240 4533 proportional
