3167 5192
135 396 231 449 eser.
248 380 310 468 ru]
430 396 618 449 nncr10sas
638 397 877 450 esonmmea.
1131 384 1192 454 191

135 567 311 656 eodemque
332 567 438 656 posito
458 566 564 655 quoad
588 567 737 636 ultimum
760 590 879 650 casum,
901 567 936 634 in
957 590 1021 656 qno
1042 568 1194 658 parabola
1251 629 1253 634 .

135 671 175 738 fit
183 696 193 752 ;
212 682 367 759 punctum
381 670 426 736 M
433 671 583 738 continno
597 671 764 738 velocitate
777 681 896 740 crescet
910 671 1083 759 aequaliter.
1123 669 1193 740 Nee

136 775 278 842 absimili
302 773 397 842 modo
420 774 544 861 quevis
566 774 630 842 alia
652 774 738 842 linea
758 775 817 843 uli
840 780 944 844 motus
966 774 1192 864 compositione

134 877 289 966 producte
301 877 425 966 concipi
439 887 553 966 potest

202 977 268 1048 Sed
282 988 318 1045 ut
340 1001 378 1046 eo
399 1001 464 1067 quo
482 979 642 1050 tendimus
664 980 835 1068 aliquando
856 981 1095 1069 perveniemus3
1119 1003 1194 1068 uge-

134 1082 212 1149 dnm
233 1081 399 1152 rideamus
420 1083 535 1170 sequid
555 1083 591 1150 in
615 1109 681 1152 rem
702 1086 956 1153 Motdearots'com
981 1084 1129 1152 utilitatis
1150 1106 1194 1150 ex

133 1184 318 1272 hujusmodi
339 1187 505 1276 suppositt
524 1187 680 1258 linearum
701 1188 903 1275 generatione
922 1188 1095 1278 poterimus
1109 1186 1193 1254 indi-

134 1288 226 1376 pisci.
273 1287 494 1376 Simplicitatis
517 1298 624 1356 autem
647 1300 679 1355 et
701 1289 935 1378 perspicuitatis
958 1293 1054 1354 cause
1076 1310 1193 1376 suppo-

134 1413 248 1461 namus
271 1389 404 1458 alterum
434 1413 476 1457 ex
502 1391 554 1457 hia
582 1391 733 1473 motibus,
761 1401 855 1460 rectae
883 1391 1034 1458 nimirum
1058 1389 1193 1478 paralle-

133 1493 264 1560 lismum
285 1495 451 1575 servantis,
474 1517 544 1562 esse
565 1518 688 1584 semper
708 1495 908 1577 uniformem,
927 1504 960 1564 et
981 1517 1127 1584 quaenam
1150 1517 1193 1560 ex

134 1597 265 1664 alterins
282 1597 386 1686 quoad
399 1596 600 1664 velocitatem
614 1597 815 1685 generalibus
829 1597 1014 1664 differentiis
1028 1595 1191 1684 generales

133 1711 298 1786 emergent
320 1700 475 1766 linearum
497 1701 720 1790 productorum
738 1701 920 1768 affectiones
935 1699 1114 1767 adnitamur
1133 1697 1192 1765 eli-

134 1825 213 1870 eere.
257 1802 452 1870 Adnitamur
472 1804 614 1893 inquam,
630 1815 664 1872 st
683 1804 832 1896 proxime
845 1803 988 1870 lectione.

417 2040 909 2064 Ἠ...-

552 2227 684 2295 LECT.
706 2227 768 2294 IV.

131 2411 464 2568 PROPOSITUM
484 2421 534 2479 est
550 2413 644 2479 nobis
659 2437 677 2479 ε
692 2413 919 2501 compositione
935 2421 1081 2480 motuum
1099 2413 1190 2500 (que-

206 2515 270 2583 lem
291 2538 436 2602 proxime
456 2513 693 2602 descripsimus)
682 2517 906 2603 )emergentss
926 2515 1079 2581 linearum
1096 2516 1190 2580 affec-

131 2617 234 2684 tiones
248 2617 408 2705 indagare
419 2641 456 2684 ao
476 2641 643 2706 exponere.
688 2616 878 2698 Quorsum
869 2617 1026 2706 imprimis
1047 2615 1257 2697 methodistg.
1274 2633 1312 2684 ι8.

131 2727 228 2787 cause
250 2731 357 2809 repete
381 2721 410 2787 si
435 2731 521 2789 reeta
539 2723 615 2815 ¹AZ
632 2744 689 2812 per
714 2731 832 2789 rectam
858 2721 933 2787 AY
950 2721 1013 2787 sibi
1037 2731 1189 2810 perpetuo

130 2823 284 2911 parallelo
309 2823 425 2889 feratur
449 2823 656 2905 uniformiter,
672 2833 705 2891 et
727 2822 762 2889 in
783 2829 822 2890 et
841 2847 967 2912 quoque
983 2833 1137 2913 punctum
1151 2823 1196 2910 M

130 2925 328 2992 uniformiter
350 2924 541 3016 deportetur,
563 2927 678 3015 quevis
699 2926 877 3007 velocitate,
900 2925 987 2992 lines
1011 2934 1096 2992 recta
1117 2947 1189 3012 pro-

129 3031 245 3098 veniet
292 3029 466 3099 Sumuntur
491 3031 576 3098 enim
606 3029 678 3097 duae
704 3029 827 3120 quaevis
854 3029 947 3096 lineae
973 3027 1101 3095 mobilis
1126 3027 1195 3093 ΑΖ
1296 3059 1302 3068 ·

129 3135 310 3223 positiones,
326 3135 367 3201 ud
387 3136 421 3200 B
440 3134 559 3202 seilicet
579 3144 613 3202 et
634 3133 664 3202 0
669 3159 678 3217 3
701 3133 830 3222 etquis
850 3143 955 3200 motus
977 3156 1033 3222 per
1047 3132 1188 3221 AYpo-

129 3237 215 3304 nitur
235 3238 411 3319 uniformis,
434 3249 526 3305 erunt
551 3237 682 3304 deemsa
709 3237 823 3326 Spotsb
836 3237 911 3318 AB,
934 3235 1004 3303 Ao
1022 3235 1062 3302 sd
1082 3259 1127 3318 se,
1150 3243 1187 3302 ut

134 3341 308 3429 Tempore,·
330 3341 387 3408 sed
410 3351 442 3408 et
467 3344 508 3409 ob
529 3353 653 3408 motum
678 3341 866 3408 uniformem
892 3341 1003 3429 puncti
1026 3341 1071 3405 Μ
1089 3341 1186 3406 etiam

128 3454 220 3508 rectae
235 3443 311 3523 BM,
333 3445 401 3510 OM
416 3467 450 3511 se
471 3444 635 3511 habeth
656 3456 693 3510 ut
714 3444 824 3510 eadem
842 3453 1002 3534 tempora3
1026 3453 1073 3508 est
1088 3441 1187 3529 igitur

128 3547 224 3613 AB:
246 3547 356 3615 Aes
374 3546 472 3613 ΒΜ·
464 3546 567 3613 ·οΜ.
611 3545 709 3613 Unde
728 3545 831 3636 liquet
844 3557 962 3636 puncta
975 3544 1019 3626 A,
1035 3545 1082 3634 Μ,
1098 3545 1159 3610 M
1149 3569 1185 3611 sn
1225 3535 1229 3545 ’

128 3653 193 3714 unt
213 3654 299 3715 reete
319 3649 405 3714 linet
426 3648 572 3715 existere.
616 3645 755 3737 Parique
771 3648 893 3716 ratione
907 3658 1030 3715 constet
1044 3627 1128 3714 idem
1144 3647 1184 3715 de

127 3752 254 3840 punctis
269 3753 551 3841 omnibuseunque,
563 3752 681 3841 quibus
691 3762 844 3840 punctum
857 3753 901 3818 M
904 3775 960 3841 per
974 3761 1076 3818 totum
1091 3773 1183 3818 suum

128 3875 253 3922 cursum
272 3855 401 3937 insistit,
417 3867 474 3923 ant
487 3855 647 3922 eoineidit.

193 3957 398 4048 Supponatur
415 3958 554 4026 seeundo
573 3969 727 4048 punctum
744 3960 788 4024 Μ
797 3968 885 4025 motu
900 3958 1049 4026 continuo
1064 3957 1182 4024 ineres-

127 4071 215 4127 eente
232 4059 355 4145 deferri,
381 4063 492 4151 (juxte
513 4064 689 4152 quamlibet
710 4062 889 4130 velocitatis
908 4062 1072 4144 rationem,
1087 4083 1182 4148 regn·

126 4165 185 4231 lari
206 4165 301 4232 modo
320 4189 507 4256 quoeunque
528 4167 576 4233 nil
598 4167 737 4249 interest,
753 4190 795 4234 sn
814 4166 979 4256 irregulari
988 4167 1010 4252 ;)
1034 4165 1085 4232 aio
1106 4189 1181 4254 rup-

123 4269 307 4356 posits'onem
335 4269 416 4336 hose
444 4271 615 4337 coocseetara’
634 4271 876 4358 propositarum
911 4269 1066 4336 lineorum
1100 4291 1180 4356 quas

127 4396 313 4459 apportentur
321 4373 529 4462 proprietates
540 4373 717 4461 ponsrode·
743 4371 865 4460 (quales
878 4371 937 4438 nni
950 4370 1008 4436 teli
1023 4369 1178 4437 linearum

126 4472 233 4559 generi
260 4474 482 4542 convenientes
507 4484 590 4542 certe
615 4483 745 4562 praestst
770 4496 813 4540 ex
838 4473 990 4542 unimodt
1017 4469 1178 4540 communi
