3167 5192
283 298 348 369 164
623 310 810 363 ascarouas
831 309 1105 361 uaaxanrmca.
1261 344 1262 347 ,
1288 292 1398 379 [sacr.
1416 308 1453 357 x

284 489 397 557 merito
420 486 559 555 viderint
577 487 660 575 ipsi;
682 486 764 552 mihi
783 485 875 552 nulla
895 485 1169 573 προσωποληψία
1187 478 1304 572 placet,
1327 504 1456 551 omnes-

284 614 350 680 qne
370 590 538 678 reciprocae
560 588 741 657 affectiones
762 590 833 678 pari
855 589 925 655 loco
948 598 1033 657 sunt.
1077 587 1119 653 Id
1140 598 1266 653 tantum
1287 586 1386 653 nobis
1411 608 1454 651 ex

287 716 348 760 usu
363 692 457 759 fuerit
471 691 635 759 advertere
654 692 845 781 positionem
864 691 933 779 ejus
956 691 1089 777 (ratione
1109 690 1293 771 subnixam,
1313 699 1353 756 ut
1369 689 1455 755 vidi-

288 820 369 878 mus,
396 805 429 863 et
450 795 655 884 experientiae
680 804 837 883 quantum
863 794 981 861 scimus
1006 804 1167 883 perpetue
1191 794 1452 876 consentaneam)

287 900 526 967 Mathematicis
546 921 615 965 esse
633 898 909 987 pernecessariam.
953 897 997 963 Ei
1019 896 1177 985 siquidem
1196 896 1349 963 innititur
1365 897 1456 983 quie·

288 1003 369 1091 quid
383 1027 425 1070 ex
437 1024 602 1091 corporum
616 1003 773 1091 pulsione,
785 1026 842 1069 seu
855 1002 890 1067 vi
904 1002 1042 1090 pulsiva,
1055 1000 1221 1067 deducitur
1234 1000 1269 1065 in
1285 999 1456 1067 Machani-
1561 1091 1562 1094 Ἴ

288 1108 353 1189 cis3
384 1106 537 1195 quioquid
559 1130 601 1173 ex
622 1116 768 1173 motuum
790 1106 1003 1194 dependentia
1028 1105 1189 1172 suboritur
1209 1105 1244 1170 in
1267 1104 1457 1171 Geometrit
1561 1101 1562 1130 ³

221 1262 225 1269 .
285 1208 408 1297 (qualis
433 1217 483 1276 est
507 1207 609 1274 illaa
638 1208 782 1276 Cartesio
811 1208 992 1295 excogitata
1020 1207 1456 1296 elegantissimam
1561 1217 1562 1242 1

289 1310 444 1378 linearum
464 1310 644 1400 descriptio,
664 1312 699 1377 in
719 1312 788 1399 ejus
805 1311 997 1392 Geometrit,
1018 1333 1090 1398 quae
1108 1310 1291 1397 regularum
1311 1309 1457 1376 trusione

289 1415 342 1481 vel
357 1415 499 1503 impulsu
513 1421 599 1481 certa
612 1414 735 1483 ratione
749 1415 895 1481 ordinato
909 1413 1094 1502 peragitur,)
1108 1412 1232 1501 quodsi
1243 1412 1352 1499 plures
1364 1436 1458 1501 mag-

289 1518 451 1586 nitudines
465 1518 551 1585 idem
565 1519 704 1607 spatium
719 1518 816 1585 simul
831 1528 961 1607 possent
975 1539 1137 1605 occupare,
1152 1516 1206 1583 vel
1220 1515 1308 1604 quod
1320 1516 1457 1603 perinde

291 1622 422 1705 dicatu,
441 1646 507 1690 una
528 1623 629 1712 possit
650 1623 748 1689 aliam
769 1632 942 1711 penetrare,
961 1644 1025 1688 non
1044 1644 1110 1687 una
1130 1620 1308 1687 necessario
1329 1620 1458 1687 cederet

290 1726 391 1807 alteri,
417 1726 475 1793 sed
500 1726 633 1792 immota
657 1726 829 1813 persistens
856 1725 947 1792 alteri
973 1726 1141 1791 transitum
1166 1725 1305 1811 praebere
1334 1732 1456 1811 posset,

291 1829 377 1894 unde
390 1852 476 1894 vana
489 1829 570 1895 foret
586 1828 743 1917 pulsiouis
763 1828 949 1917 suppositio,
964 1829 1073 1895 nullus
1092 1827 1259 1895 resultaret
1277 1829 1332 1912 (ex
1351 1826 1457 1893 scieu-

291 1931 380 1997 tifica
393 1931 507 1998 saltem
522 1932 720 2017 necessitate)
743 1934 884 1999 effectus.
929 1932 1044 2019 Itaque
1065 1930 1241 1997 necessario
1263 1930 1457 2018 supponitur

291 2059 313 2101 a
326 2035 563 2102 Mathematicis
577 2037 837 2122 magnitudinum
851 2035 1144 2124 impenetrabilitas,
1160 2034 1294 2121 ideoque
1311 2056 1379 2099 non
1397 2034 1456 2099 abs

289 2162 325 2205 re
339 2139 401 2205 fuit
414 2140 500 2207 illius
516 2164 588 2207 curn
602 2141 725 2209 ratione
739 2163 938 2227 consensum,
951 2140 1099 2229 quodque
1109 2161 1174 2206 non
1188 2138 1301 2205 illicite
1315 2138 1455 2228 supponi

292 2241 416 2324 debeat,
433 2242 617 2311 ostendisse.

357 2344 433 2411 Pari
452 2346 524 2434 jure
546 2346 618 2415 vice
641 2350 735 2413 versa
760 2347 898 2435 supponi
921 2356 1036 2434 potest,
1059 2344 1145 2434 quod
1167 2344 1258 2411 nulla
1280 2343 1454 2432 singularis

292 2447 479 2535 magnitudo
493 2449 585 2537 plura
600 2448 697 2514 simul
715 2448 820 2536 spatia
836 2449 937 2537 possit
954 2471 1113 2536 occupare
1157 2446 1244 2513 Nam
1260 2469 1345 2513 unus
1364 2458 1453 2513 actus

250 2564 253 2569 ’
289 2552 437 2639 pluribus
457 2554 610 2641 potentiis
629 2552 808 2619 satisfacere
829 2552 958 2639 nequit;
982 2574 1040 2618 nec
1061 2550 1257 2640 possibilitas
1277 2560 1317 2618 ut
1337 2550 1452 2618 Petrus

291 2666 324 2721 et
340 2655 486 2723 Socrates
501 2657 652 2737 existant,
668 2654 737 2721 solt
755 2654 844 2721 Petri
864 2656 1036 2722 existentia
1055 2654 1239 2744 completur.
1285 2654 1372 2721 Item
1391 2660 1453 2743 qut

291 2759 412 2824 ratione
432 2758 606 2845 singularis
625 2781 690 2823 una
708 2756 897 2844 magnitudo
917 2757 1010 2847 plura
1029 2758 1134 2846 spatia
1155 2757 1325 2845 possideat,
1342 2758 1451 2825 &dem

290 2860 536 2949 quibuscunque
550 2862 662 2949 spatiis
676 2860 877 2949 possidendis
892 2861 1035 2929 sufficiat.
1080 2860 1188 2927 Possit
1203 2860 1303 2948 igitur
1317 2884 1451 2949 ganum

290 2963 468 3051 papaveris,
485 2975 541 3031 aut
558 2964 697 3032 arenulae
716 2965 940 3033 minutissime
957 2964 1146 3053 magnitudo
1161 2964 1313 3054 quicquid
1327 2966 1450 3053 uspiam

291 3077 340 3133 est
354 3067 451 3155 spatii
468 3068 598 3156 replere,
613 3068 735 3157 totique
752 3069 916 3158 possibilis
936 3071 1168 3158 magnitudinis
1187 3070 1339 3137 infinitati
1359 3092 1451 3137 coex-

290 3170 400 3252 tendi;
423 3170 509 3258 quod
522 3194 616 3239 nemo
630 3194 727 3239 sanus
741 3172 776 3237 in
791 3174 935 3240 animum
949 3173 1043 3241 facile
1061 3173 1192 3241 inducat
1209 3173 1359 3261 cogitare
1405 3171 1450 3239 Ut

158 3346 162 3353 ,
290 3284 483 3363 preteream,
496 3276 582 3363 qnod
596 3276 706 3343 eadem
721 3276 910 3364 magnitudo
924 3278 1017 3366 plura
1032 3277 1134 3367 spatia
1148 3275 1332 3365 occupando
1345 3275 1450 3365 plures

290 3377 503 3459 extensiones,
525 3378 772 3459 terminationes,
796 3390 828 3445 et
849 3379 986 3468 reliquas
1008 3379 1245 3468 magnitudines
1271 3380 1450 3447 affectiones

290 3482 462 3564 sortiretur,
481 3482 567 3549 unde
585 3505 651 3549 non
670 3505 736 3548 una
751 3482 941 3570 magnitudo
961 3494 1122 3573 perstaret,
1143 3491 1177 3549 at
1196 3484 1231 3549 in
1250 3483 1357 3572 plures
1377 3505 1450 3550 eva·

290 3584 387 3652 deret.
432 3582 502 3650 Nec
520 3584 644 3650 inutilis
664 3594 715 3650 est
735 3585 805 3650 haec
827 3585 1013 3673 suppositi0,
1029 3585 1085 3652 sed
1103 3608 1257 3674 perquam
1275 3584 1450 3653 necessaria
1562 3570 1563 3601 l

291 3686 539 3755 Mathematicis.
566 3687 652 3753 Nam
664 3711 707 3755 ex
717 3694 756 3754 ea
766 3688 924 3777 dependet
938 3690 1091 3779 quicquid
1105 3691 1147 3757 ab
1161 3689 1227 3755 illis
1241 3688 1449 3777 depositione

289 3790 499 3857 determinatt
520 3790 707 3878 supponitur
727 3801 784 3856 aut
806 3792 1047 3859 demonstratur.
1091 3790 1178 3859 Nam
1198 3790 1368 3879 quomodo,
1383 3810 1448 3857 ec.

289 3915 354 3958 non
368 3892 486 3958 flustra
500 3892 690 3980 supponitur
705 3904 761 3960 aut
775 3893 954 3960 ostenditur
972 3904 1126 3983 punctum
1146 3893 1276 3981 aliquod
1296 3895 1382 3961 intra
1398 3892 1449 3959 vel

289 4002 382 4059 extra
396 3994 550 4059 circulum
565 3995 747 4082 quempiam
762 3995 909 4078 existere,
925 3997 952 4061 si
967 3998 1069 4083 possit
1086 3997 1182 4063 simul
1201 3998 1286 4062 intra
1305 4020 1343 4062 ac
1361 4006 1448 4063 extra

290 4096 451 4162 existere?
500 4096 667 4176 Quomodo
687 4099 811 4165 dicatur
830 4099 893 4165 ista
911 4098 997 4166 linea
1016 4123 1088 4165 curn
1109 4100 1169 4166 hac
1187 4099 1285 4166 talem
1306 4108 1362 4165 aut
1380 4108 1447 4165 tan·

289 4210 360 4265 tum
383 4199 536 4286 angulum
557 4202 686 4284 efficere,
707 4203 734 4268 si
755 4211 862 4290 posset
882 4203 982 4269 alium
1003 4203 1099 4269 situm
1121 4212 1197 4270 tunc
1218 4206 1284 4269 una
1305 4202 1446 4269 obtinens
1562 4256 1563 4274 t

345 4416 389 4472 No
401 4408 562 4486 magnitude
574 4432 624 4471 can
637 4432 739 4489 oocupy
751 4420 857 4476 several
869 4436 964 4490 spaces
976 4424 1006 4475 at
1018 4419 1067 4485 tlte
1080 4435 1155 4475 same
1167 4419 1245 4475 timo.
