3167 5192
407 267 471 336 168
712 284 899 336 cursiones
921 283 1161 336 occurrerem.
1317 265 1424 352 [sucu.
1443 283 1471 332 1.

404 453 483 521 dum
510 457 615 539 refert,
643 463 751 524 utrum
776 456 894 524 lineam
921 479 963 522 ex
992 454 1167 522 innumeris
1192 454 1329 542 punctis,
1360 476 1401 520 an
1425 477 1472 520 ex

403 557 568 638 indefinite
602 561 711 648 parvis
744 559 873 626 lineolis
906 563 1112 648 compositam
1150 558 1387 645 intelligamus;
1421 557 1473 624 ita

402 661 535 749 perinde
549 673 608 745 est,
628 675 734 730 utrum
750 674 876 752 tempus
891 687 934 729 ex
954 664 1156 743 instantibus,
1177 685 1218 728 en
1233 685 1274 728 ex
1289 660 1471 728 innumeris

403 763 537 832 minutis
561 765 770 852 tempusculis
799 765 971 832 conflatum
997 787 1232 854 supponemus3
1262 787 1321 832 nos
1351 765 1470 832 saltem

403 865 553 934 brevitati
567 868 767 934 consulentes
786 891 843 957 pro
864 868 1059 956 temporibus
1079 868 1315 955 quantumlibet
1335 868 1469 954 exiguis

402 970 565 1052 instantia,
581 971 641 1038 hoc
656 982 704 1039 est
722 993 780 1059 pro
800 971 998 1060 tempuscula
1016 972 1317 1060 representantibus
1336 971 1468 1038 lineolis

337 1126 340 1130 ,
403 1085 520 1161 puncta
544 1098 609 1142 non
631 1075 812 1142 verebimur
838 1077 1021 1163 usmpare3)
1053 1075 1185 1142 cuilibet
1214 1076 1285 1141 dico
1310 1076 1469 1163 temporis

401 1186 562 1244 momento
576 1178 728 1264 competit
743 1178 923 1245 velocitatis
944 1177 1061 1264 aliquis
1081 1177 1208 1265 godus,
1229 1200 1322 1265 quem
1343 1177 1467 1244 mobile

400 1287 478 1344 tunc
498 1279 614 1346 habere
628 1279 871 1368 concipiendum
885 1289 952 1360 est3
976 1279 1028 1346 cui
1042 1279 1156 1366 gradui
1170 1279 1340 1365 respondet
1354 1278 1468 1367 eliqua

400 1380 524 1448 decursi
532 1382 629 1470 spatii
639 1381 820 1468 longitud03
836 1385 922 1469 (num
935 1382 987 1447 hic
1002 1381 1121 1449 mobile
1133 1392 1285 1470 tanquam
1296 1392 1464 1469 punctum,

399 1493 432 1551 et
445 1484 584 1573 spatium
598 1484 729 1573 proinde
740 1485 959 1552 tantummodo
974 1507 1033 1552 ceu
1046 1484 1179 1572 longum
1190 1485 1427 1552 consideramus
1438 1487 1462 1569 3)

398 1586 477 1675 quia
489 1609 564 1654 vero
578 1587 728 1676 temporis
743 1597 903 1654 momenta
917 1587 1023 1675 quoad
1035 1610 1102 1654 rem
1123 1588 1225 1676 ipsam
1240 1588 1428 1676 neutiquam
1445 1613 1466 1655 a

398 1713 435 1758 se
456 1690 644 1779 dependent,
667 1691 803 1779 supponi
825 1692 941 1780 poterit
963 1691 996 1757 in
1018 1692 1165 1784 proximo
1186 1692 1319 1758 instanti
1341 1693 1465 1760 mobile

398 1793 534 1880 gradum
543 1794 721 1861 velocitatis
732 1795 841 1876 alium,
858 1795 968 1880 (alium
979 1793 1110 1883 inquam
1120 1795 1173 1860 vel
1185 1794 1337 1882 equalem
1348 1796 1463 1883 priori,

397 1896 452 1964 vel
464 1896 499 1962 in
513 1898 628 1985 qutvis
643 1900 845 1986 proportione
865 1900 1048 1985 diversum)
1068 1900 1243 1980 admittere,
1259 1899 1310 1964 cui
1324 1899 1463 1986 proinde

397 1999 600 2087 respondebit
613 2000 679 2067 alia
693 2001 789 2088 spatii
804 2001 981 2088 longitudo,
1001 2001 1059 2068 tali
1073 2000 1273 2089 proportione
1287 1999 1463 2086 respiciens

396 2103 543 2192 priorem,
559 2104 648 2193 quali
661 2105 841 2172 velocitatis
856 2104 909 2171 bic
928 2104 1045 2191 gradus
1065 2104 1305 2194 praecedentem.
1347 2102 1462 2183 Quum

395 2208 483 2274 enim
511 2208 663 2298 temporis
691 2208 848 2274 instantis
874 2231 1003 2295 prorsus
1033 2208 1169 2296 aequalia
1200 2207 1266 2274 sint
1294 2207 1377 2274 inter
1413 2233 1461 2291 se,

395 2309 579 2398 spetialium
604 2309 844 2398 longitudinum
870 2310 950 2376 ratio
973 2335 992 2377 a
1018 2311 1087 2378 solt
1107 2311 1311 2378 velocitatum
1333 2311 1461 2378 ratione

394 2414 597 2504 dependebit,
616 2416 709 2504 eique
727 2415 860 2504 proinde
881 2438 939 2503 pur
960 2417 1029 2498 crit,
1052 2425 1108 2482 eut
1130 2415 1260 2496 similis,
1280 2414 1459 2504 (quodnisi

392 2539 451 2608 pro
476 2519 641 2587 verissimo
667 2531 819 2600 sumatur,
843 2518 931 2584 baud
952 2519 1019 2586 ullo
1041 2519 1135 2586 modo
1157 2519 1333 2584 mensurari
1352 2520 1458 2607 possit

392 2621 562 2705 velocitas3
577 2647 653 2689 nem
667 2645 687 2688 a
701 2622 769 2689 solt
782 2623 957 2712 spatiorum
971 2622 1082 2689 eodem
1097 2630 1237 2710 tempore
1252 2621 1456 2690 decursorum

393 2725 461 2809 (vel
474 2725 585 2794 eodem
600 2727 745 2810 instanti)
767 2725 969 2814 proportione
987 2725 1192 2793 velocitetum
1211 2725 1294 2792 iuter
1308 2749 1342 2794 se
1356 2726 1456 2795 oolla-

391 2838 496 2896 terum
507 2831 689 2896 immediate
699 2829 751 2896 vel
765 2830 903 2898 mediate
917 2831 997 2898 ratio
1009 2837 1149 2910 texatur,
1161 2840 1193 2896 et
1208 2831 1306 2896 altera
1320 2831 1454 2899 alterius

390 2940 535 3018 respectu
543 2931 765 2999 denominatur
779 2933 896 3017 tanta3)
910 2933 1056 3000 similiter
1070 2934 1098 2999 si
1113 2955 1169 3021 per
1183 2934 1290 3000 omnia
1300 2935 1454 3022 temporis

390 3032 531 3118 cujusvis
555 3044 717 3100 momenta
741 3033 798 3121 qui
819 3035 1013 3102 conveniunt
1034 3035 1112 3124 ipsis
1133 3035 1310 3102 velocitatis
1332 3037 1453 3123 gradus

389 3135 601 3221 assignentur,
622 3136 850 3224 aggregabitur
871 3160 913 3204 ex
934 3137 975 3205 iis
996 3147 1152 3227 quantum
1174 3138 1335 3225 quiddam,
1358 3141 1452 3228 cujus

388 3239 534 3326 partibus
548 3241 716 3329 quibusvis
730 3239 933 3308 decursorum
948 3241 1121 3330 spatiorum
1136 3251 1241 3329 partes
1255 3242 1451 3330 respectivae,

389 3342 451 3409 boc
479 3354 529 3410 est
556 3344 670 3410 iisdem
696 3344 893 3432 temporibus
915 3344 1139 3434 respondentes
1168 3345 1342 3432 particule,
1360 3346 1451 3435 juste

387 3447 673 3534 proportionautur,
690 3447 831 3535 adeoque
844 3458 1000 3535 quantum
1015 3447 1199 3534 egredibus
1215 3448 1286 3515 istis
1300 3459 1449 3517 constans

387 3560 615 3637 repraesentans
635 3550 832 3637 magnitudo,
849 3551 987 3638 spatium
1008 3573 1134 3638 quoque
1148 3549 1315 3618 decursum
1330 3575 1449 3638 reprae·

387 3661 511 3720 seutare
525 3653 645 3741 possit;
661 3663 816 3740 quatenus
830 3676 945 3742 nempe
959 3653 1085 3742 qualem
1100 3653 1195 3741 spatii
1207 3662 1312 3740 partes
1325 3665 1448 3742 tempo·

386 3753 475 3821 ribus
489 3756 626 3843 singulis
640 3767 774 3845 peractoe
788 3758 1021 3846 proportionem
1035 3757 1118 3822 inter
1132 3777 1166 3824 se
1181 3765 1317 3836 servent,
1333 3775 1445 3824 exacte

386 3857 508 3924 referat
554 3857 661 3939 Quum
686 3859 794 3946 igitur,
825 3869 935 3948 utpote
956 3883 1052 3948 quam
1075 3858 1321 3947 aequubilissime
1342 3859 1444 3926 fluens

385 3983 442 4048 per
462 3960 590 4042 lineam,
612 3971 650 4026 ut
670 3962 927 4049 praemonuimus,
950 3971 1067 4030 rectam
1090 3961 1252 4051 aptissime
1273 3985 1445 4051 reproesen·

384 4073 479 4144 tetur,
504 4064 606 4151 etqui
625 4065 660 4130 in
675 4064 811 4152 singulis
827 4067 977 4152 temporis
996 4065 1190 4132 instantibus
1212 4066 1369 4134 habentur
1388 4066 1444 4134 alii

383 4188 422 4230 ec
435 4165 502 4246 alii,
524 4168 653 4234 sibimet
667 4168 816 4256 aquales,
839 4179 896 4234 eut
918 4168 1102 4256 inequales,
1125 4167 1303 4235 velocitatis
1325 4170 1443 4256 gradus

381 4289 441 4355 per
454 4268 555 4336 lineas
568 4268 692 4353 itidem,
712 4282 751 4338 ut
764 4273 853 4360 prius
868 4270 964 4338 etiam
979 4271 1175 4338 insinuatum
1190 4283 1248 4353 est,
1271 4285 1371 4342 rectas
1386 4295 1443 4342 ex·

382 4367 578 4456 primantur3
598 4382 725 4440 etcum
746 4373 783 4447 bi
801 4373 978 4442 velocitatis
1001 4373 1119 4460 gradus
1142 4373 1276 4462 singula
1292 4373 1441 4465 temporis
