3167 5192
151 400 247 450 nucr.
261 383 299 468 1.]
455 399 642 450 nucrronus
663 400 906 450 nsouarmcrs.
1147 383 1211 453 169
1298 409 1302 416 ·

150 577 314 636 momenta
326 564 384 633 alii
398 587 435 631 ac
455 564 513 630 alii
526 576 699 654 permeent,
723 565 971 655 independenter
985 589 1005 632 a
1024 589 1058 634 se
1072 565 1210 636 invisam

151 695 189 738 ac
208 669 411 757 impermixte
420 693 430 750 ;
452 668 562 756 itaque
581 669 608 734 si
627 692 684 757 per
702 669 796 735 linea
816 678 941 756 tempus
956 672 1210 758 repraesentantis

150 773 259 839 omnia
286 781 405 860 puncta
433 770 632 856 trajiciantur
655 779 749 836 rectae
774 771 821 837 sic
850 771 1022 859 disposita,
1050 783 1086 839 ut
1111 773 1210 841 altera

150 876 241 942 nulla
259 875 341 940 nulli
362 874 453 940 alteri
472 874 639 954 coincidet,
661 875 723 941 boc
736 884 786 941 est
806 875 842 940 iu
857 875 922 940 situ
942 875 1095 962 parallelo
1105 903 1113 956 ;
1137 899 1209 965 quse

148 976 283 1043 resultat
303 976 379 1042 hius
400 975 581 1063 superficies
602 975 700 1062 plana
717 978 785 1064 (pro
799 977 977 1064 quantitate
992 981 1152 1066 temporis,
1177 991 1209 1048 at

148 1077 324 1165 positorum
352 1076 531 1144 velocitatis
559 1077 716 1163 graduum
740 1078 862 1146 ratione
892 1078 1111 1166 determinata)
1136 1105 1208 1169 gra·

148 1182 249 1248 duum
277 1181 455 1248 velocitatis
484 1191 693 1268 aggregatum
722 1183 924 1250 exactissime
951 1184 1080 1264 referst3
1116 1185 1208 1273 cujus

148 1285 325 1375 superficiei
350 1296 456 1374 partas
485 1307 558 1352 cnm
586 1284 773 1373 respectiris
805 1287 853 1370 (ut
880 1287 1079 1375 praedictum)
1112 1289 1207 1376 spatii

146 1389 267 1477 peracti
280 1389 424 1478 partibus
438 1388 687 1476 proportionales
701 1386 775 1469 sint,
789 1389 906 1476 poterit
920 1389 954 1455 id
969 1391 1071 1478 spatio
1081 1413 1208 1480 quoque

147 1492 400 1580 repraesentando
424 1491 679 1558 commodissime
700 1491 855 1578 adaptari.
900 1493 969 1558 Ista
993 1516 1069 1560 vero
1098 1517 1207 1583 super·

145 1595 233 1662 ficies
250 1595 418 1662 brevitatis
439 1601 535 1662 causa
554 1595 671 1662 dehinc
689 1595 903 1683 appellabitur
922 1596 1074 1664 velocitas
1094 1621 1207 1685 aggre-

147 1711 232 1787 gata,
254 1699 307 1766 vel
328 1699 426 1787 spatii
444 1698 710 1787 repraesentativa.
754 1697 869 1786 Neque
883 1721 1065 1787 quenquam
1079 1701 1205 1783 afficiat,

146 1826 222 1870 nam
249 1802 466 1869 submovenda
493 1802 587 1868 nobis
616 1800 686 1868 hacc
720 1825 852 1883 remora,
886 1802 972 1890 quod
1000 1803 1141 1870 diximus
1171 1805 1206 1871 in

146 1905 284 1993 singulis
297 1905 447 1994 temporis
461 1905 656 1972 instantibus
673 1906 908 1992 longitudinem
923 1907 1063 1995 aliquam
1081 1907 1204 1990 confici,

145 2010 239 2097 quasi
259 2009 328 2076 duri
349 2033 442 2098 posse
462 2021 585 2076 motum
610 2010 847 2078 instantaneum
874 2011 1072 2080 affirmarem.
1118 2010 1205 2079 Nam

145 2114 250 2202 posito
274 2123 417 2201 tempora
437 2137 456 2180 a
476 2113 646 2179 momentis
667 2113 823 2202 componi,
847 2115 943 2181 etiarn
964 2115 1058 2182 lineas
1079 2139 1207 2205 compo-

145 2226 260 2283 nentur
277 2239 295 2282 a
317 2217 463 2305 punctis,
484 2215 616 2304 quodsi
635 2216 728 2282 lineas
747 2217 924 2304 inaequales
941 2229 1206 2306 componanture

144 2320 273 2408 punctis
292 2319 436 2399 infinitis,
459 2319 588 2384 sibimet
609 2318 843 2404 aequinumeris,
867 2319 1042 2385 necessario
1065 2321 1207 2406 sequitur

144 2421 301 2488 linearum
326 2432 454 2509 puncta,
480 2422 577 2508 juxta
602 2420 740 2486 similem
765 2421 944 2509 cumipsis
971 2421 1205 2508 proportionem

129 2525 315 2613 'inaequulia
331 2525 415 2604 fore3
436 2524 578 2611 adeoque
596 2547 653 2612 per
673 2523 891 2610 longitudines
911 2523 946 2589 iu
964 2524 1206 2612 aequitempora·

143 2629 213 2692 neis
226 2628 396 2693 momentis
410 2626 556 2694 decmsas
571 2627 730 2694 duntaxat
742 2626 952 2714 intelligenda
962 2637 1037 2694 sunt
1047 2625 1204 2714 ejusmodi

143 2728 316 2817 inaequalia
340 2737 467 2819 puncta,
492 2730 649 2818 equibus
674 2739 742 2796 tota
763 2728 896 2796 decursa
919 2728 1087 2817 longitudo
1112 2731 1203 2817 quasi

143 2832 308 2902 conflatur.

209 2935 269 3003 Sin
298 2935 360 3002 hoc
386 2936 542 3003 absonum
571 2936 710 3024 cuipiam
740 2933 896 3018 videatur,
927 2947 959 3004 ct
987 2937 1077 3004 nullo
1107 2959 1202 3004 sensu

141 3049 247 3106 motus
281 3037 468 3106 admittatur
499 3039 728 3119 instantaneus,
759 3062 798 3106 eo
828 3039 1050 3106 recunendum
1081 3050 1118 3106 ut
1146 3061 1204 3127 per

140 3140 310 3207 instantias
334 3139 382 3205 nil
403 3140 500 3221 alind,
524 3162 622 3227 quam
646 3140 830 3208 indefinitas
851 3140 1001 3230 temporis
1030 3140 1202 3228 particulas

140 3238 376 3325 intelligamus3
402 3239 521 3326 quibus
543 3239 754 3328 respondeant
779 3251 863 3307 certo
889 3238 1067 3307 velocitatis
1088 3239 1217 3325 gradu„

140 3340 204 3407 alio
226 3351 320 3429 atque
339 3341 412 3422 alio,
433 3363 582 3428 percursa
598 3342 905 3410 indefinite‘miuuta
927 3343 1063 3430 spatiola
1083 3343 1201 3409 veloci-

140 3444 217 3510 tatis
236 3444 389 3531 gradibus
406 3443 701 3531 adproportionata3
730 3454 799 3509 tum
818 3453 925 3510 autem
946 3443 1200 3531 repraesentando

139 3548 269 3634 singulo
294 3547 433 3635 cuipiam
457 3545 635 3613 velocitatis
661 3546 775 3632 gradui
799 3569 855 3634 per
881 3545 1114 3634 tempusculum
1140 3545 1199 3611 ali·

140 3651 226 3740 quod
255 3661 387 3733 retento,
414 3651 484 3717 loco
514 3648 607 3716 lineae
634 3660 729 3715 recta
757 3649 968 3716 substituatur
996 3659 1120 3738 oportet
1140 3673 1199 3716 cx·

123 3755 252 3843 ,ignum
265 3753 485 3841 rectaugulum
499 3753 584 3819 dicto
599 3752 797 3839 tempuscula
812 3751 1017 3839 applicatum.
1061 3750 1198 3818 Perinde

137 3858 242 3939 fuerit,
257 3881 296 3924 ac
309 3857 419 3924 eodem
433 3857 552 3924 recidet
565 3856 626 3921 hoc
639 3879 682 3921 an
695 3855 752 3922 illo
765 3855 860 3922 modo
875 3877 909 3920 se
923 3877 972 3921 res
988 3855 1123 3936 habeat;
1146 3863 1197 3920 ast

138 3959 313 4048 simplicior
331 3969 364 4026 at
377 3959 490 4025 clarior
507 3957 633 4024 videtur
652 3957 855 4039 istemodus,
877 3980 971 4045 quem
991 3957 1079 4045 prius
1099 3977 1198 4044 expo·

138 4065 272 4145 suimus,
298 4063 350 4130 cui
376 4063 508 4151 proinde
532 4062 665 4152 posthac
689 4060 882 4127 insistamus.

204 4165 254 4234 Ut
267 4166 404 4247 redeam,
420 4177 452 4233 et
465 4164 669 4252 recolligam
692 4163 786 4230 sicuti
800 4187 857 4251 per
871 4161 979 4228 omnia
994 4161 1088 4230 linea
1102 4171 1195 4228 rectu

138 4280 257 4359 puncta
280 4271 403 4338 traduci
425 4280 560 4358 possunt
584 4267 746 4357 parallelae
762 4275 866 4347 rectas,
888 4265 1110 4352 magnitudine
1138 4288 1196 4353 pro

137 4370 245 4440 lubitu
257 4397 359 4463 pares,
381 4373 435 4440 val
456 4373 603 4461 impares,
626 4393 644 4438 a
663 4371 781 4459 quibus
798 4368 981 4456 aggregatis
1001 4367 1197 4457 superficiale

136 4475 269 4562 planum
288 4487 434 4566 exurgat,
450 4477 497 4544 ita
508 4475 550 4544 ad
568 4474 697 4563 singula
711 4472 862 4562 temporis
877 4470 1030 4542 nstantia
1044 4469 1196 4557 applicari

181 4595 262 4646 au.
288 4598 327 4646 11.
1067 4575 1108 4638 22
