3167 5192
104 392 201 441 nncr.
219 374 268 460 u]
444 388 632 439 cancrosus
653 387 928 437 uarunnrrrcn.
1219 370 1262 438 87

103 568 236 648 propter
256 558 391 625 nimiam
408 557 511 625 solent
531 555 726 623 evidentiam
747 555 918 643 negligere.
972 554 1024 621 Οὐ
1046 555 1210 639 λαμβάνει
1231 582 1264 622 τι

105 663 269 746 σημαίνει,
285 660 323 728 τὸ
337 662 396 727 ἴσα
409 659 476 727 ἀπὸ
491 661 571 727 ἴσων
585 658 726 749 ἀφελεῖν,
743 657 793 725 ὅτι
811 658 978 747 γνώριμον,
994 659 1039 725 ait
1051 658 1263 727 Aristoteles².

173 766 283 834 Simili
303 766 398 831 modo
416 764 625 853 pronunciata
641 763 788 852 quaedam
806 787 862 851 per
880 763 1068 852 implicitum
1088 762 1264 831 discursum

104 868 180 933 elici
194 878 338 956 possunt,
357 890 399 934 ex
418 866 583 955 suppositt
600 866 646 931 rei
665 867 816 954 subjecte
835 866 1047 953 generatione.
1091 865 1141 933 Ut
1159 868 1264 955 posito

105 972 262 1039 circulum
291 970 366 1037 oriri
394 993 436 1037 ex
465 980 558 1035 rectae
586 970 680 1035 lineoe
707 969 934 1049 circumducta,
963 993 1027 1037 uno
1056 982 1148 1039 rectae
1171 972 1264 1039 istius

105 1086 261 1155 extremo,
284 1074 371 1162 quod
392 1084 535 1141 centrum
557 1073 689 1152 dicatur,
715 1072 783 1139 fixo
809 1083 1021 1161 permanente,
1048 1074 1123 1139 inde
1146 1074 1263 1157 subito,

106 1189 217 1245 mente
238 1179 298 1244 vix
325 1200 438 1267 parum
460 1176 647 1265 peragitatt‚
674 1174 807 1241 infertur
831 1176 988 1262 ejusmodi
1007 1178 1261 1265 pronunciatum,

107 1304 221 1348 omnes
239 1306 260 1347 a
274 1281 384 1347 circuli
398 1290 505 1347 centro
525 1280 567 1345 ed
582 1280 739 1345 ambitum
754 1280 823 1367 ejus
838 1278 941 1347 ductae
962 1290 1055 1347 rectae
1074 1279 1169 1349 lineoe
1190 1291 1265 1349 sunt

105 1383 247 1472 aequales
261 1384 344 1451 inter
357 1406 401 1450 se.
446 1383 531 1448 Item
546 1381 630 1469 quod
645 1404 717 1468 quae
730 1392 824 1447 recte
839 1381 932 1447 lineae
946 1404 980 1447 se
994 1406 1058 1449 non
1073 1383 1265 1451 intersecant

104 1496 318 1575 praeterquam
341 1487 376 1552 in
398 1486 492 1553 unico
511 1494 640 1572 puncto,
665 1507 706 1549 ex
730 1484 933 1568 generatione
957 1496 1050 1551 rectae
1069 1486 1161 1553 liueae
1184 1510 1266 1576 pree-

547 1592 655 1667 strntst,
671 1610 728 1675 per
742 1587 872 1653 tacitam
893 1589 1053 1675 quandam
1067 1601 1268 1676 argumenta

357 1670 378 1709 Ρ
544 1688 664 1754 tionem
690 1688 780 1755 velut
803 1689 1020 1777 imprudentes
1045 1690 1193 1778 colligere
1216 1693 1265 1759 vi-

264 1725 364 1889 s
543 1792 683 1859 deamur.
730 1792 861 1860 Scilicet
886 1817 959 1869 cum
981 1805 1067 1864 recte
1092 1794 1177 1862 linea
1201 1798 1269 1863 AB
1337 1783 1339 1789 ¹

110 1873 287 1942 ’,Ἰ
443 1884 491 1921 “”
540 1894 694 1984 producte
722 1896 932 1985 (concipiatur
960 1922 1003 1965 ex
1032 1900 1194 1986 continuo)
1226 1902 1266 1967 li-

162 1905 259 2106 J
540 2021 635 2065 neam
654 2000 720 2063 EF
728 1999 905 2081 intersecat,
926 2025 991 2068 non
1014 2002 1077 2089 nisi
1095 2003 1129 2068 in
1147 2016 1266 2091 puncto

541 2104 595 2168 AE
616 2126 687 2169 eam
708 2104 895 2171 intersecare
924 2106 1034 2194 possit.
1080 2106 1155 2173 Non
1185 2130 1266 2197 opus

107 2213 214 2269 estex
229 2203 303 2269 aliis
316 2202 453 2270 ediscere
469 2205 537 2271 haec
551 2206 716 2295 principia,
732 2230 829 2295 quam
844 2232 886 2275 ex
901 2210 1128 2277 vocabulonrm
1149 2213 1267 2300 quibus

108 2318 270 2389 constant,
286 2308 534 2390 delinitionibus,
553 2333 610 2377 seu
624 2312 902 2399 explicationibus.
949 2313 1013 2381 Sed
1032 2315 1185 2383 hactenns
1202 2318 1268 2385 dis·

108 2423 263 2479 sertatum
286 2412 330 2478 sit
355 2412 506 2479 adversus
532 2414 725 2503 praeeipuum
746 2413 950 2503 ἐπιχείρημα,
980 2441 1044 2504 quo
1064 2418 1268 2487 Mathemati-

108 2536 220 2581 oarum
246 2513 551 2581 demonstrationum
575 2515 796 2583 certitudinem
822 2526 961 2583 evertere
981 2531 1135 2587 conantur
1157 2522 1270 2591 adver·

109 2617 206 2698 sarii;
229 2640 326 2704 quam
349 2617 596 2706 disputationem
620 2620 733 2686 claudo
760 2620 890 2687 Luculli
911 2622 1017 2688 verbis
1037 2623 1122 2710 apud
1143 2623 1270 2692 Cicero-

109 2745 203 2789 nem:
234 2722 365 2789 Necerae
392 2735 436 2789 eat
456 2736 490 2788 ιιι
511 2723 648 2789 Leccam
669 2726 704 2789 ιἰι
727 2724 811 2790 lelna
824 2725 1020 2813 pmtdcrr‘bue
1043 2727 1196 2815 impositos
1218 2730 1271 2796 da·

102 2825 221 2912 primi,
237 2824 284 2890 ar'c
298 2825 439 2890 animam
446 2824 627 2913 permeatis
641 2824 753 2891 eodm.
1010 2906 1013 2911 Ι

179 2926 246 2993 Sed
273 2925 371 2991 aliam
397 2937 549 3013 praeterea
576 2926 757 2992 machinam
786 2926 965 3012 admovent,
997 2954 1062 2997 non
1090 2932 1270 3003 certitudini

111 3028 243 3119 quidem
253 3052 291 3093 ac
303 3028 481 3110 evidentiae,
494 3029 551 3095 sed
560 3029 711 3116 dignitati
726 3040 822 3118 atque
837 3036 1027 3119 prestantiae
1037 3036 1270 3107 Mathematum

112 3133 277 3201 detrahere
291 3134 463 3200 studentes.
507 3133 601 3214 Quod
616 3133 701 3200 enim
716 3132 936 3203 Mathematici
952 3136 1112 3207 discursus
1125 3165 1191 3210 non
1206 3143 1272 3209 sint

112 3237 407 3318 demonstrationes,
427 3237 617 3318 scientifice,
638 3238 820 3325 potissimae,
841 3240 1047 3331 perfectaeque
1066 3245 1140 3313 inde
1162 3246 1271 3313 conni-

111 3352 225 3408 tuntur
244 3340 370 3419 inferre,
390 3340 476 3428 quod
496 3363 568 3406 eum
589 3342 668 3406 scire
688 3342 730 3407 sit
749 3366 815 3409 rem
838 3366 894 3431 per
914 3368 1042 3411 causam
1064 3370 1270 3435 cognoscere3

115 3444 305 3530 (secundum
320 3443 504 3510 Aristotelis
518 3444 660 3524 offatm,
677 3444 877 3513 ἐπίστασθαι
892 3446 1031 3529 οἰόμεθα,
1048 3448 1126 3516 ὅταν
1143 3452 1272 3536 εἴδωμεν

112 3549 172 3631 τὴν
197 3546 318 3631 αἰτίαν)
337 3548 575 3615 Matlwmaticne
598 3558 705 3614 tamen
729 3549 902 3638 (ipsissima
928 3560 1002 3616 sunt
1022 3553 1119 3617 verba
1141 3553 1271 3637 Pererii,

113 3674 178 3719 non
192 3650 347 3737 ignobilis
362 3648 577 3738 Peripatetici)
600 3675 695 3738 neque
714 3654 887 3720 maneat
906 3656 1066 3721 carentiam
1080 3658 1272 3743 quantitati,

115 3779 209 3842 neqrre
223 3754 400 3841 affoetr'onea
418 3755 483 3841 qua
503 3767 625 3834 tractat,
641 3769 741 3843 prout
758 3770 890 3822 νιιιιιιιιιι
906 3783 927 3823 α
948 3758 1010 3825 teli
1025 3760 1163 3840 meantia,
1179 3784 1274 3848 neque

117 3858 257 3925 declarat
269 3882 323 3923 aaa
331 3882 392 3945 per
403 3858 552 3946 propriae
566 3882 686 3939 warns,
693 3884 757 3947 per
771 3885 850 3947 qaas
864 3863 971 3929 ineunt
986 3866 1164 3951 qmnts'tati,
1179 3888 1275 3953 aeque

119 3962 236 4048 conficit
249 3961 523 4029 ᾱινιαναιναιιὶνιιι
536 3986 621 4041 anna,
633 3986 674 4029 cre
686 3964 872 4051 prodebatis
886 3968 1030 4055 propriis
1044 3979 1072 4033 ιι
1083 3992 1147 4056 per
1159 3992 1202 4049 se,
1221 3971 1277 4037 red

121 4088 157 4129 en
169 4065 380 4131 eommam'buo
394 4078 422 4131 et
428 4089 491 4153 per
504 4066 655 4132 aeddena.
701 4064 756 4132 Sic
769 4066 829 4133 illi.

514 4176 524 4209 ¹
541 4190 560 4227 ι,
573 4176 672 4242 Audet
684 4178 751 4229 Port.
764 4195 819 4243 cap.
835 4192 871 4229 ιο.

171 4314 251 4371 Some
263 4315 382 4370 Axioms
392 4314 536 4388 implicitly
546 4280 672 4375 involved
683 4320 711 4374 in
723 4283 896 4377 nannenus

172 4400 318 4473 Objection
330 4402 362 4457 ot
375 4402 518 4462 Peren'us:
535 4404 776 4463 Mathematicians
788 4408 824 4463 do
835 4410 885 4465 not
895 4423 993 4465 reason
1004 4408 1075 4465 trum
1087 4410 1136 4467 the
1150 4426 1276 4467 camuros

127 4486 177 4542 rud
188 4504 285 4545 causer
296 4490 328 4545 of
337 4488 440 4559 arinca
