3167 5192
24 551 49 590 1

543 377 668 428 omrro
690 377 927 427 susurrorem.
973 439 977 446 Ι
1269 361 1312 428 19

154 552 254 638 stirpe
282 549 441 640 prognati,
471 549 528 637 qui
555 550 609 618 vel
638 549 760 638 ingenii
788 549 917 617 laudem
945 548 1076 629 ambiat,
1106 558 1163 614 aut
1184 569 1313 635 operam

156 652 376 740 Philosophiae
398 652 511 718 seriam
533 651 698 732 devoveat,
714 674 779 717 nou
801 651 950 739 opinione
971 650 1191 738 magnifactas,
1207 651 1314 718 studio

154 757 317 842 quesitas,
340 755 497 841 praeconio
520 754 709 821 celebratas:
745 778 825 842 quos
847 777 957 820 omncs
978 755 1013 819 in
1034 777 1150 841 genere
1170 754 1314 842 quolibet

155 858 304 944 ingenuae
320 857 508 923 Litcraturae
522 857 703 924 indecorum
720 859 763 922 sit
777 859 966 946 aequiparari
980 859 1081 938 vobis,
1094 857 1313 945 turpissimum

154 959 362 1026 antecellere:
386 960 558 1047 praesertim
579 983 651 1024 cum
671 959 910 1042 Universitatis,
930 961 1017 1048 quod
1038 961 1239 1049 profitemini,
1255 983 1315 1026 no·

153 1091 231 1134 meu
245 1066 428 1155 adimplere,
444 1066 539 1132 decus
554 1077 740 1147 sustentare,
756 1090 821 1132 non
839 1067 1040 1134 alienatione
1058 1067 1201 1142 valeatis,
1216 1090 1313 1154 quam

154 1170 184 1234 si
211 1169 390 1256 omnigenae
415 1169 574 1249 Scientiae,
601 1169 725 1238 liberali
752 1170 881 1256 ingenio
906 1170 1024 1257 diguae,
1054 1193 1119 1236 non
1144 1171 1312 1257 vulgarem

153 1272 250 1338 vobis
265 1272 411 1359 peritiam
426 1271 613 1352 vindicetis;
636 1282 669 1338 et
682 1272 746 1338 nisi
761 1273 813 1338 vel
833 1271 1052 1338 invidentibus
1073 1272 1218 1340 felicitati
1238 1295 1312 1339 ves·

153 1386 224 1454 trae,
240 1375 294 1440 vel
307 1375 424 1440 famam
442 1374 675 1448 aemulantibus,
690 1397 801 1440 ansam
816 1375 990 1440 detrahatis
1004 1376 1210 1456 obtrectandi,
1226 1372 1313 1464 quod
1343 1419 1346 1423 -

153 1477 210 1543 vel
225 1477 260 1542 in
274 1476 394 1564 linguis
409 1476 595 1557 ediscendis,
612 1500 669 1543 ceu
683 1500 808 1565 semper
821 1477 967 1552 infantes,
983 1488 1108 1546 atatem
1123 1477 1310 1558 conteratis;

153 1580 219 1660 vel,
242 1603 284 1645 cx
306 1579 455 1645 obsoletae
477 1581 645 1646 resumtis
666 1579 833 1646 ruderibus
853 1581 981 1668 putidas
1001 1581 1134 1647 fabellas
1156 1593 1310 1661 eruentes,

152 1683 301 1749 veritatis
320 1682 508 1768 indagandae
529 1705 637 1748 curam
657 1684 832 1770 respuatis;
854 1684 907 1750 rel
928 1684 1110 1750 inconsulta
1130 1707 1235 1750 rerum
1254 1706 1313 1749 na·

152 1792 238 1866 tura,
260 1786 450 1874 sincereque
468 1787 600 1852 rationis
619 1809 681 1852 usu
698 1786 893 1873 posthabito,
913 1788 1082 1853 verborum
1102 1787 1213 1853 inanes
1231 1786 1313 1874 pha·

153 1889 248 1968 laras,
276 1897 308 1954 et
335 1888 433 1954 fucati
462 1890 615 1955 sermonis
641 1889 821 1976 praestigias
849 1889 1021 1970 affectetis3
1051 1889 1103 1956 vel
1129 1888 1312 1976 sophisticis

152 1992 284 2057 demum
304 1991 401 2064 tricis,
421 2000 454 2057 et
475 1990 622 2056 futilibus
644 1991 779 2078 argutiis
802 1990 960 2078 impliciti,
983 1991 1106 2057 steriles
1129 1991 1218 2056 fixas
1236 2013 1312 2056 con·

153 2105 307 2174 serentes,
323 2094 453 2159 lubricis
468 2093 656 2160 inhaerentes
671 2093 870 2180 conjecturis,
886 2103 919 2159 et
932 2094 1053 2159 incerta
1069 2094 1220 2181 dogmate
1232 2116 1311 2159 ven-

152 2198 295 2279 tilantes,
311 2198 412 2263 otium
427 2197 613 2277 abutamini,
629 2219 756 2285 operam
775 2195 904 2277 ludatis,
921 2197 1051 2285 ingenia
1064 2209 1170 2264 restra
1183 2195 1309 2262 vexetis

151 2313 187 2368 et
201 2301 384 2388 torqueatis.

221 2401 302 2482 Quae
316 2401 350 2469 in
365 2425 423 2468 vos
441 2403 596 2491 (improbe
610 2403 709 2470 fateor
723 2414 756 2472 ct
770 2404 938 2485 immerito,
950 2427 1033 2492 saepo
1048 2414 1155 2471 mmen
1169 2413 1202 2472 ct
1216 2402 1310 2488 serio)

147 2514 307 2592 congesta
321 2505 488 2592 opprobria
501 2505 554 2571 vel
569 2505 682 2572 eluatis
704 2506 807 2585 facile,
830 2506 883 2572 rel
904 2507 1034 2572 omniuo
1056 2505 1214 2585 devitetis,
1229 2505 1314 2570 divi-
1436 2587 1441 2597 ι

148 2631 231 2675 nem
252 2609 348 2676 modo
367 2608 528 2676 Mathesin
550 2615 614 2698 qut
634 2633 691 2698 par
712 2619 762 2676 cst
785 2609 955 2694 diligentie
978 2608 1218 2674 consectemini:
1241 2604 1315 2672 Ma-

150 2713 272 2792 thesin,
296 2713 471 2780 subtilitate
493 2736 556 2780 non
576 2715 712 2802 spinosa,
735 2713 922 2780 difficultate
942 2712 1128 2799 neutiquam
1149 2711 1312 2799 perplexi,

150 2815 377 2902 disquisitione
400 2816 530 2882 minime
552 2819 756 2898 contentiosa,
783 2815 943 2882 studiosos
967 2815 1090 2881 animos
1112 2824 1311 2880 exercentem

149 2918 272 2999 valide,
296 2942 361 2985 non
383 2943 464 2985 vanc
488 2919 698 3002 deludentem,
724 2942 789 2986 non
814 2919 929 2986 misere
952 2918 1212 2999 discruciautem3
1242 2919 1312 2985 sine

151 3029 268 3110 pugna
284 3022 473 3104 vincentem,
496 3023 564 3088 sinc
583 3029 700 3112 pompa
720 3023 987 3112 triumphantem
1010 3022 1130 3109 absque
1148 3022 1182 3087 vi
1196 3044 1313 3109 cogen-

150 3137 232 3205 tem,
257 3127 335 3192 citra
351 3127 507 3214 jacturam
528 3127 683 3193 libertatis
703 3126 848 3192 absolute
869 3125 1102 3192 dominantem:
1126 3147 1192 3190 non
1212 3125 1314 3190 imbe-

151 3227 241 3294 cillae
254 3228 329 3295 fidei
338 3229 470 3295 subdole
484 3239 656 3296 struentem
670 3230 813 3310 insidias,
829 3229 887 3295 scd
897 3239 1025 3294 armatae
1038 3228 1154 3294 rationi
1169 3239 1312 3316 apertum

152 3332 294 3398 Martem
313 3333 508 3414 inferentem,
525 3333 682 3420 integram
695 3332 837 3421 palmam
851 3342 1101 3421 extorquentem,
1113 3331 1314 3398 inevitabiles

151 3445 283 3500 catenas
302 3434 515 3522 injicientem
539 3446 617 3523 quot
630 3437 736 3515 verba,
752 3445 802 3501 tot
815 3435 942 3500 oracula
955 3434 1158 3514 fundentem
1173 3443 1314 3521 quotque

152 3561 253 3626 opera
266 3549 453 3626 patrantem,
470 3549 519 3606 tot
529 3540 674 3606 edentem
694 3538 866 3619 miracula3
882 3537 965 3602 nihil
977 3538 1171 3603 effirticntem
1186 3548 1313 3617 temere,

150 3639 210 3706 vel
234 3641 340 3728 inepte
363 3642 565 3724 molientem
589 3642 645 3709 sed
669 3643 820 3708 universa
845 3640 1010 3729 perspicue
1035 3640 1313 3721 demonstrantem,

152 3754 302 3832 prompte
321 3754 541 3833 peragentem
564 3768 629 3812 non
652 3745 801 3812 Scieutiac
820 3745 966 3811 fallacem
979 3745 1127 3810 umbram
1145 3742 1315 3809 obtruden-

153 3859 233 3926 tem,
249 3847 305 3914 sed
319 3848 512 3937 ipsissimam
523 3849 629 3915 animo
643 3849 817 3917 Scientiam
833 3851 1039 3936 ingerentem,
1055 3847 1107 3914 cui
1121 3846 1315 3917 adhaerescat

152 3949 298 4032 firmiter,
323 3973 420 4039 quam
441 3953 590 4019 continuo
613 3953 784 4040 possideat,
808 3977 829 4018 a
851 3959 916 4041 qut
936 3975 1100 4040 nunquam
1121 3962 1177 4018 aut
1202 3965 1314 4042 sponte

156 4054 309 4136 discedat,
338 4065 396 4120 aut
425 4055 494 4121 ulla
514 4057 549 4122 vi
578 4056 774 4146 depellatur:
812 4055 976 4123 Mathesin
1004 4057 1116 4138 denuo,
1146 4057 1314 4148 principiis

155 4157 257 4222 menti
276 4157 379 4238 claris,
399 4158 601 4246 experientiae
623 4159 842 4226 consentaneis
863 4159 1036 4240 suffultm,
1060 4170 1162 4227 certas
1186 4162 1313 4228 conclu-

155 4259 262 4326 siones
289 4259 478 4336 elicientem,
500 4261 635 4328 utilibus
659 4261 780 4348 regulis
806 4262 1010 4344 instructam
1029 4263 1188 4350 jucundas
1210 4287 1314 4351 quaes·

156 4362 259 4430 tiones
274 4363 475 4444 euadentem,
491 4363 653 4430 mirabiles
673 4365 805 4432 effectus
818 4365 1064 4453 producentem
1087 4367 1202 4432 artium
1220 4371 1313 4455 (pene

155 4463 322 4550 dixissem)
341 4464 484 4534 omnium
495 4465 674 4533 foecundam
688 4475 860 4555 parentem,
873 4466 1085 4536 scientiarum
1096 4469 1314 4538 inconcussam
