3167 5192
121 405 216 456 auor.
233 391 287 477 ιι]
430 409 617 461 morronus
638 390 878 461 cucumerem.
1115 395 1178 461 177

121 571 228 640 drocus
248 575 389 664 obliquos
407 576 583 665 supmficics
596 592 747 645 conantur
761 578 910 659 dcinctt'rt',
929 600 1065 644 seucum
1079 574 1184 666 cylin-

120 678 221 746 dnae
233 681 450 769 superfictbbuo
465 684 563 762 rectu,
579 682 690 749 aliave
705 682 918 769 quadantenus
932 683 1062 770 coquinis
1071 705 1180 770 supcr-

113 781 245 866 ficc'cbus
259 785 363 869 qrtoad
367 785 601 872 proportionem
615 809 804 873 comparare.

189 885 382 973 Supponunt
399 887 537 974 denique
559 887 717 953 consimili
736 897 829 975 pacto
849 888 1046 974 superficiem
1068 909 1180 975 qnam-

121 987 174 1054 vis
194 989 324 1077 planam
353 990 472 1056 directo
493 999 583 1056 motu
606 990 668 1056 sibi
697 991 848 1079 parallelo
871 991 1027 1078 progredi,
1059 991 1183 1058 scilicet

121 1100 158 1156 ut
177 1093 329 1179 praedicto
346 1093 450 1168 modo,
472 1093 600 1179 singula
619 1093 721 1180 ipsius
743 1103 863 1181 puncta
881 1092 983 1160 lineas
1005 1105 1107 1160 rectas
1124 1094 1182 1161 de·

122 1196 271 1277 scribant,
301 1197 385 1263 inter
410 1219 445 1263 sc
472 1219 573 1285 pares,
599 1219 637 1262 ac
658 1196 844 1283 parallelas}
876 1198 930 1263 vel
954 1207 991 1263 ut
1015 1197 1084 1284 ejus
1113 1198 1179 1264 sin-

122 1299 208 1386 gulae
229 1309 322 1366 rectoe
346 1300 392 1384 (id
413 1299 499 1386 quod
523 1299 599 1366 inde
622 1301 830 1384 consectatur)
858 1300 970 1389 planas
999 1301 1180 1389 superficies

122 1402 434 1489 parallelogrammus
456 1402 627 1489 effingant;
649 1403 826 1490 cujusmodi
849 1414 938 1470 motu
960 1404 1182 1471 describuntur

122 1503 307 1590 prismatica
332 1525 467 1591 quaeque
493 1502 731 1590 cylindricaque
761 1526 909 1591 corpora;
948 1504 1005 1570 illa
1029 1506 1180 1571 nimimm

123 1605 204 1693 ipsa,
240 1605 279 1672 de
308 1628 442 1693 quorum
468 1605 694 1694 superficiebus
728 1629 805 1671 mox
838 1607 971 1692 egimus,
1002 1608 1181 1695 quibusque

123 1708 223 1773 simili
248 1709 320 1796 jure
345 1718 478 1797 possunt
501 1708 654 1796 adaptari,
681 1731 752 1797 quae
776 1709 1003 1796 superficiebus
1029 1711 1099 1776 istis
1130 1735 1181 1778 os-

123 1809 285 1876 tendimus
314 1811 491 1878 convcnire.
545 1810 656 1878 Veluti
693 1810 779 1899 quod
809 1810 970 1899 parallelis
999 1812 1103 1899 planis
1133 1813 1182 1877 in-

124 1914 263 2000 terjectae
296 1913 476 2002 superficies
509 1915 658 2003 ipsomm,
691 1925 724 1981 ct
758 1915 830 2003 ipsa
865 1937 994 2002 corpora
1030 1916 1183 1984 lateribus

124 2017 191 2081 suis
224 2019 293 2103 (seu
323 2017 497 2084 directricis
529 2027 623 2083 recta
652 2016 797 2106 partibus
825 2017 1021 2102 respectivis)
1053 2039 1183 2106 propor-

18 2129 20 2132 ’
124 2120 296 2188 tionantur.
341 2119 436 2200 Quod
458 2130 491 2186 et
514 2120 542 2186 si
562 2119 695 2186 definita
716 2119 900 2213 hujusmodi
925 2143 1056 2207 corpora
1076 2122 1183 2209 planis

124 2222 259 2290 laterum
273 2224 370 2290 alicui
383 2224 544 2312 parallelis
559 2233 713 2304 secentur,
724 2245 908 2290 communes
923 2225 1077 2291 sectiones
1091 2236 1183 2292 erunt

123 2327 424 2415 Porollcloqrammo
441 2328 547 2415 (quale
560 2337 609 2393 eet
622 2329 769 2411 EEBB).
806 2325 902 2405 Quin,
923 2337 960 2392 ut
974 2328 1082 2414 paucis
1097 2351 1182 2394 com-

124 2429 244 2517 plectar
258 2430 369 2511 multa,
393 2453 465 2517 quae
484 2431 521 2496 dc
538 2428 763 2517 Supcrflcc‘cbua
780 2441 835 2494 aut
853 2428 971 2494 Solicinio
985 2429 1183 2496 strematictb

125 2557 164 2598 uc
183 2533 375 2619 Cylindricsit
392 2534 495 2599 stricte
509 2533 603 2598 dictis
620 2531 794 2618 permutabo
813 2531 1017 2597 enuncientur
1036 2545 1093 2596 cut
1104 2555 1183 2618 pro-

125 2637 240 2700 bantur
258 2636 392 2722 ameum,
412 2635 499 2721 quod
517 2657 556 2700 ea
568 2633 718 2722 pleraque
733 2633 855 2720 justam
876 2631 1056 2718 analogiam
1077 2635 1184 2700 obscr-

126 2735 242 2817 vando,
266 2735 423 2803 universis
448 2745 628 2822 congruunt
647 2735 708 2800 hoc
730 2734 824 2800 modo
848 2734 1022 2821 progenitis
1047 2737 1183 2822 quantis.

126 2839 240 2926 Neque
260 2838 329 2926 jam
351 2838 392 2904 de
413 2839 612 2928 progressivo
633 2847 724 2904 motu
745 2837 910 2925 quidpiam
932 2838 1083 2904 succurrit
1104 2837 1185 2926 adji-

126 2939 293 3022 ciendum3
314 2940 461 3029 quasdam
474 2940 561 3008 enim
575 2938 775 3024 δυσδιήγητα
788 2938 932 3006 constuite
947 2939 1097 3007 videntur
1109 2942 1185 3008 reti·

125 3044 236 3112 cenda.

191 3147 291 3216 Porro
315 3149 471 3238 simplicia
499 3157 605 3216 motus
633 3147 767 3218 alterum
797 3171 909 3236 genus,
939 3147 1025 3236 quod
1054 3149 1185 3217 adhibet

126 3252 289 3332 Mathoni,
312 3263 361 3320 est
382 3251 584 3333 circumlatio,
607 3277 661 3318 acu
679 3265 778 3319 motae
797 3253 1015 3336 cunnensium
1038 3253 1093 3340 qui
1116 3263 1185 3320 tum

126 3352 249 3419 scilicet
277 3353 420 3433 efficitur,
448 3375 521 3418 cum
547 3352 677 3418 dimotae
701 3352 933 3438 magnitudinis
960 3353 1112 3440 quiddam
1138 3357 1187 3441 (ut

126 3466 281 3546 punctum
296 3455 426 3542 aliquod
440 3465 519 3543 puta
533 3455 636 3536 lineae,
651 3455 705 3520 vel
726 3454 904 3542 superficiei
921 3457 1019 3540 linea)
1037 3456 1138 3532 fixum
1154 3469 1187 3526 et

126 3562 297 3628 immotum
314 3560 468 3640 consistit,
490 3559 569 3624 dum
588 3558 619 3623 ei
632 3557 722 3623 velut
735 3558 888 3624 innodata
906 3580 942 3624 ac
956 3559 1106 3624 adstricta
1119 3570 1188 3627 tota

126 3664 251 3750 reliqua
263 3663 462 3748 magnitudo,
477 3663 574 3750 juxta
591 3661 740 3748 quamvis
760 3660 953 3746 assignatam
972 3660 1186 3745 directionem,

127 3765 362 3850 circumagitur.
408 3763 596 3852 Cujusmodi
619 3770 725 3827 motus
751 3761 991 3848 generalissima
1015 3765 1188 3851 proprietas

126 3878 187 3949 est,
212 3877 249 3933 ut
271 3889 404 3955 quaeque
425 3867 556 3933 mobilis
581 3876 700 3953 puncta
721 3866 799 3931 dum
821 3867 858 3931 in
877 3889 941 3932 uno
964 3866 1070 3954 ahquo
1092 3867 1188 3954 plano

127 3982 306 4037 uansvcrse
326 3980 504 4050 moventur,
522 3966 689 4035 circulares
709 3969 838 4054 singula
857 3969 1051 4057 peripherias
1072 3971 1188 4036 descri-

127 4076 227 4154 bant3
254 4083 287 4139 et
312 4073 441 4161 quidem
466 4074 583 4153 omnia,
610 4095 682 4160 quae
706 4072 742 4138 in
768 4073 879 4138 eodem
904 4095 978 4152 uno,
1005 4095 1061 4160 per
1085 4073 1188 4138 finum

127 4187 283 4267 punctum
308 4186 492 4245 transeunte
515 4176 614 4264 plano
635 4185 812 4256 moventur,
835 4175 1013 4262 parallelas,
1037 4198 1094 4249 seu
1114 4199 1188 4241 con·

5 4294 6 4313 ¹
129 4281 293 4361 centricas,
313 4290 347 4346 et
361 4280 483 4346 similes
503 4279 586 4346 inter
600 4303 653 4359 se;
676 4301 748 4367 quac
767 4301 842 4345 vero
862 4279 896 4342 in
919 4277 1052 4344 diversis
1072 4279 1188 4366 planis,

128 4385 261 4465 similes,
280 4395 336 4451 aut
349 4384 532 4465 dissimiles,
554 4393 648 4472 prout
662 4383 890 4471 hypothesium
906 4381 1009 4468 exigit
1024 4383 1190 4452 arbitraria

130 4485 309 4554 diversitas.
340 4487 413 4554 Prae
424 4487 544 4566 ceteris
556 4497 662 4555 autom
672 4486 809 4574 propria,
822 4486 1189 4575 maximequenaturalis

176 4607 206 4655 n.
221 4608 257 4654 n.
304 4609 342 4655 11.
1060 4592 1101 4654 23
