3167 5192
103 358 211 409 Lacr.
228 345 310 431 xm]
378 350 379 355 ’
458 360 644 413 mortorum
666 359 940 411 mariammes.
1217 342 1281 409 195

179 528 257 595 Hoc
276 528 376 616 igitur
397 541 585 618 argumento
605 529 773 619 praecipuo,
795 528 969 595 maximam
991 525 1279 595 verisimilitudinis

105 631 255 717 speeiem
272 656 338 721 prae
358 656 392 700 se
412 634 529 701 ferente
550 634 701 715 defuncti,
716 633 850 699 alterum
870 632 945 697 huie
964 632 1200 699 eueoenturiaru
1220 655 1278 718 ag-

105 732 308 817 grediamur,
333 746 371 801 ut
396 736 567 803 adversarii
593 736 766 816 confidunt,
794 735 881 802 haud
904 736 1012 801 minus
1035 734 1219 800 Aehilleum
1244 743 1278 801 et

105 834 282 916 invictum,
301 839 358 905 sed
370 850 406 905 ut
420 839 501 905 mihi
516 838 652 919 videtur,
668 838 815 905 enervius
830 848 862 903 et
876 838 1025 926 pusillius
1039 837 1150 903 multo.
1178 836 1277 923 Ejus-

105 937 186 1004 dem
204 938 381 1026 (inquiunt)
403 941 464 1007 loci
483 941 639 1029 possessio
661 940 714 1007 vel
733 940 865 1027 repletio
884 940 1056 1028 aequalitati
1075 949 1227 1007 extranea
1244 949 1278 1007 et

104 1042 328 1108 accidentaria
343 1056 407 1124 est3
431 1067 490 1110 nec
505 1045 611 1109 minus
627 1043 763 1130 aquales
778 1052 855 1109 sunt
869 1042 1115 1129 magnitudines,
1130 1044 1192 1109 etsi
1210 1065 1276 1109 non

102 1145 300 1231 possideant
330 1148 465 1213 eundem
494 1148 608 1227 locum,
639 1170 736 1235 quam
765 1148 794 1213 si
822 1148 962 1213 maxime
990 1146 1182 1235 possideant.
1230 1146 1276 1212 Et

101 1248 226 1333 figurae
242 1249 413 1317 dissimiles
428 1251 565 1318 eundem
585 1250 689 1317 locum
704 1273 857 1339 occupare
871 1259 1042 1339 nequeunt,
1057 1249 1120 1315 nisi
1136 1249 1275 1338 partium

100 1355 194 1419 situs
211 1362 448 1421 transmutetur.
500 1355 587 1435 Quid
599 1368 700 1421 autam
717 1354 832 1441 (aiunt)
847 1368 947 1421 motus
965 1368 994 1421 et
1015 1354 1107 1434 lectra
1123 1367 1152 1419 et
1171 1367 1275 1419 baua-

99 1457 245 1523 mnaso
273 1456 319 1521 ad
345 1458 551 1543 equalitatem
579 1460 736 1545 spectant?
781 1459 931 1546 Pyramea
956 1458 1049 1537 enim,
1075 1458 1169 1523 dmm
1197 1458 1274 1523 dam

100 1572 217 1625 namnet
231 1560 391 1647 pyratam,
406 1584 467 1625 nou
482 1562 586 1625 minus
601 1574 646 1625 eet
667 1560 798 1646 <equalis
821 1560 869 1644 (ut
889 1572 924 1625 ut
944 1584 1005 1624 nou
1026 1558 1154 1644 similes)
1177 1583 1273 1645 quam

101 1665 169 1729 ubi
185 1662 431 1749 transformatur
433 1688 451 1745 ,·
472 1676 564 1751 atque
583 1664 659 1729 dam
677 1664 759 1729 alebi
775 1677 878 1729 maeret
899 1663 1031 1751 equatio
1045 1674 1088 1729 est
1103 1662 1150 1747 (ut
1164 1676 1199 1729 ut
1212 1686 1275 1728 noa

101 1768 240 1851 abatem)
264 1790 327 1833 nou
347 1769 451 1835 miuus
472 1792 567 1854 qaam
589 1768 646 1833 ubi
665 1768 850 1833 obeundam
874 1768 973 1834 boum
996 1782 1143 1835 owvetur.
1186 1768 1275 1855 Erpa

103 1894 172 1935 uon
190 1870 296 1957 mageis
316 1892 356 1934 ea
377 1882 513 1957 respectu
532 1870 578 1935 od
596 1870 695 1935 locum
716 1870 898 1958 (adsumpti
916 1870 1054 1958 partium
1074 1892 1174 1958 quum
1192 1892 1274 1959 opus

104 1984 158 2037 est
173 1971 432 2059 transpositione)
448 1972 532 2037 debet
542 1973 705 2059 oequalt'tos
720 1973 856 2059 definiri,
872 1997 966 2059 quam
980 1974 1067 2039 bottw
1084 1998 1123 2039 ee
1142 1997 1175 2060 oo
1192 1973 1276 2061 qaod

97 2078 211 2162 poser’t
232 2099 296 2141 esee
310 2078 461 2163 princeps
487 2076 725 2162 Troosylvam'oe
748 2076 807 2161 (sie
827 2077 912 2143 enim
935 2088 1157 2162 argumentum
1178 2100 1273 2145 suum

105 2180 208 2245 etiam
223 2178 290 2245 sale
305 2178 466 2259 condiunt,
482 2202 523 2245 ne
537 2179 616 2245 forte
630 2190 798 2267 putrescat,
814 2181 990 2247 autminus
1005 2181 1131 2270 sapiat).

177 2282 300 2351 Verum
318 2283 502 2370 respondeo,
518 2294 691 2372 respectum
716 2284 757 2349 ad
778 2285 918 2371 spatium
939 2286 1069 2372 abipso
1090 2284 1272 2373 oocupabile

107 2409 175 2453 non
191 2408 262 2453 esse
279 2386 493 2472 magnitudini
511 2387 613 2452 cuivis
635 2386 880 2453 aonidentarium
903 2396 958 2453 aut
979 2388 1200 2467 extrinsecum,
1216 2387 1273 2451 sed

108 2490 139 2556 ei
161 2488 350 2569 necessario,
369 2489 543 2575 intimaque
565 2512 763 2569 connexum3
791 2490 873 2555 sieut
894 2490 979 2555 aetui
1000 2490 1101 2555 cuivis
1123 2489 1273 2555 convenit

108 2592 285 2658 intrinseca
304 2592 367 2659 sibi
381 2602 516 2657 connata
530 2591 647 2681 σχέσις
661 2592 902 2679 adpetentiam,
918 2592 969 2657 eui
983 2591 1159 2679 respondet,
1175 2614 1272 2679 quam

108 2695 260 2785 complet.
313 2693 389 2761 Non
414 2696 527 2782 magis,
554 2696 694 2783 inquam,
719 2695 951 2781 magnitudinis
974 2705 1096 2761 naturae
1121 2695 1271 2762 convenit

110 2798 329 2877 essentialiter,
343 2809 379 2863 ut
394 2799 588 2881 terminetur,
601 2799 800 2881 extendatur,
813 2800 960 2888 componi
974 2799 1074 2888 possit
1088 2809 1144 2865 aut
1158 2798 1270 2881 dividi,

109 2902 161 2967 rel
184 2910 223 2967 ut
243 2902 308 2967 alio
328 2902 442 2989 quovis
460 2904 611 2969 attributo
632 2902 778 2989 gaudeat,
799 2926 896 2991 quam
913 2914 950 2969 ut
969 2912 1090 2969 tantam
1112 2902 1270 2990 talemque

111 3006 159 3071 sui
175 3006 384 3093 (rapacitatem
401 3006 538 3089 (tantum
552 3016 584 3073 et
599 3006 662 3072 tale
683 3006 834 3093 spatium)
855 3006 1037 3094 adimpleat.
1082 3006 1137 3072 Ex
1157 3007 1270 3094 hujus-

110 3133 172 3196 que
197 3109 424 3198 suppositionis
450 3109 536 3177 fonte
562 3109 671 3175 multa
697 3109 932 3175 Mathematieie
957 3110 1141 3177 neeessan‘ae
1166 3110 1269 3199 hypo-

110 3214 217 3279 theses
231 3223 429 3301 promanant,
445 3223 482 3279 ut
496 3236 537 3280 ex
553 3213 686 3279 antehae
701 3213 835 3278 ostensis
849 3214 927 3279 eatis
941 3223 1059 3302 pateat.

175 3314 287 3394 Porro,
303 3316 364 3381 etsi
378 3315 661 3402 magnitudinibus,
684 3338 742 3380 ceu
761 3315 889 3397 talibus,
910 3337 976 3380 non
994 3315 1142 3402 obtingat
1160 3339 1269 3381 neees-

112 3419 204 3498 sario,
221 3416 389 3483 definitum
403 3428 440 3484 ut
455 3419 558 3484 locum
576 3430 631 3485 aut
652 3418 759 3499 situm,
774 3418 860 3484 hune
878 3419 933 3484 vel
950 3419 1053 3499 illum,
1068 3417 1268 3505 possideant3

111 3532 218 3587 tamen
239 3520 306 3586 illis
324 3532 361 3587 ut
379 3522 555 3609 equalibus
576 3522 751 3589 necessario
773 3521 931 3604 convenit,
947 3533 985 3588 ut
1006 3521 1139 3587 eandem
1160 3520 1269 3608 aliquo

164 3776 221 3833 For
232 3776 355 3849 equality
366 3796 384 3835 a
394 3778 514 3849 possible
525 3781 675 3837 numeriani
686 3780 807 3850 identity
817 3779 842 3835 ie
853 3777 992 3849 required

165 3863 205 3919 IL
242 3864 301 3920 'Phe
319 3868 551 3935 nortmannus
570 3870 679 3937 against
698 3868 747 3923 the
766 3866 912 3923 delinition
929 3866 961 3920 oi
977 3862 1099 3935 equality
1117 3863 1154 3933 by
1172 3862 1271 3919 eoinei-

113 3951 251 4021 deneeis,
273 3952 346 4007 'lhat
368 3952 418 4008 the
441 3956 592 4025 ooeupying
615 3972 696 4025 space
715 3954 740 4009 is
759 3971 796 4009 an
816 3952 968 4009 aoeidental
988 3950 1223 4021 aeeompaniment
1241 3953 1273 4008 of

113 4036 240 4107 equality.
276 4041 305 4093 A
316 4038 444 4109 pyramid
462 4040 487 4095 is
505 4044 554 4095 not
575 4040 623 4097 the
641 4040 696 4095 less
715 4040 797 4111 equal
812 4039 907 4095 before
925 4036 993 4093 tban
1008 4036 1120 4092 atterit
1135 4036 1186 4093 bae
1199 4036 1270 4093 been

114 4123 281 4179 transferred
294 4128 324 4179 to
336 4124 460 4181 minoida
471 4126 537 4181 with
551 4126 667 4183 another
678 4126 811 4198 pyramid
847 4125 905 4180 'ibe
921 4124 1044 4195 equality
1055 4123 1154 4179 should
1169 4127 1219 4179 not
1234 4123 1271 4181 be

115 4208 222 4265 defined
240 4210 278 4281 by
298 4211 337 4267 its
359 4210 444 4283 being
463 4229 493 4267 so
512 4213 690 4283 transferred,
710 4230 763 4283 any
782 4228 860 4271 more
883 4212 952 4269 tban
971 4228 989 4265 a
1009 4226 1075 4265 man
1097 4209 1170 4267 from
1189 4209 1273 4283 being

115 4297 231 4367 lussibly
241 4298 338 4368 prinae
349 4298 381 4352 of
389 4298 590 4370 ltansylvania.

164 4384 230 4439 Ara
267 4383 308 4439 'l'o
319 4400 425 4455 ooeupy
437 4402 518 4456 space
528 4386 553 4441 is
564 4384 694 4441 esseutial
706 4388 737 4441 to
834 4384 919 4453 'tuda
931 4386 981 4439 not
992 4382 1152 4441 aoeidental.

163 4468 201 4524 l'o
211 4486 316 4541 oeeupy
327 4469 379 4527 the
390 4488 465 4528 same
476 4487 558 4542 spaes
569 4471 593 4527 is
605 4471 735 4529 essential
746 4474 777 4527 te
823 4470 871 4527 ml
882 4469 1065 4541 magnimdee.
