3167 5192
118 392 226 443 usur.
244 378 322 463 ua]
456 396 643 447 mentones
664 397 939 451 narnnmncm
1231 388 1292 454 111

190 564 227 631 E
254 566 373 654 quibus
397 566 572 633 observetis
596 564 697 633 obiter
722 566 895 633 consectari
918 567 1053 650 videtur,
1080 571 1166 658 quod
1189 574 1292 639 omnis

116 668 371 751 demonstratio,
387 692 451 758 quo
465 670 508 735 sit
526 670 691 736 efficaciter
709 670 792 751 talia,
807 671 1039 758 quodammodo
1059 687 1216 762 supponat
1234 702 1292 765 exj

115 772 294 838 istentiam
309 772 390 852 Dei3
411 795 477 838 non
490 783 614 839 tantum
636 795 678 838 ex
699 782 788 861 parte
809 773 968 841 facultatis
990 779 1217 863 cognoscentia,
1234 780 1290 846 sed

114 876 226 941 etiam
242 898 286 941 ex
299 886 389 964 parte
403 875 519 963 objecti
534 874 663 943 scibilis.
694 874 824 963 Optime
839 877 966 963 quidem
981 880 1103 946 notavit
1118 878 1289 959 Oartesius,

116 1001 186 1065 qno
204 978 354 1045 absolute
368 978 446 1044 certi
460 978 560 1045 simus
574 978 739 1046 veritatem
753 1002 813 1045 nos
827 981 992 1067 attingere,
1007 984 1125 1071 requiri
1142 993 1179 1050 ut
1198 986 1290 1053 iuno·

115 1094 231 1149 tescat
245 1082 413 1149 facultates
431 1091 555 1149 nostras
574 1083 643 1148 veri
661 1083 909 1170 apprehensivas
928 1108 965 1152 ac
984 1086 1206 1175 dijudicativas
1223 1089 1290 1157 fore

116 1186 288 1267 sinceras3
304 1185 339 1251 id
351 1184 438 1272 qnod
451 1207 517 1250 non
530 1184 659 1250 aliunde
672 1208 769 1271 quam
780 1208 823 1251 ex
838 1186 1008 1253 conditoris
1022 1190 1122 1255 nostri
1137 1192 1287 1278 potentis,

115 1290 283 1369 bonitate,
307 1288 485 1354 sinceritate
507 1298 651 1354 constare
674 1311 767 1377 posse
790 1290 926 1357 videtur.
970 1290 1018 1357 At
1041 1316 1115 1359 vero
1138 1296 1288 1384 quoniam

116 1391 356 1480 principiorum
370 1390 698 1456 indemonstrabilium
712 1414 839 1479 quoque
856 1394 983 1476 veritas,
998 1420 1040 1463 ex
1060 1410 1149 1486 parte
1171 1401 1287 1488 objecti

116 1495 249 1582 pendet
262 1519 283 1560 a
295 1494 439 1583 possibili
457 1517 561 1559 rerum
581 1494 813 1582 suppositarum
832 1497 1011 1579 existentis,
1032 1500 1085 1566 vel
1107 1503 1286 1586 effectione3

116 1598 234 1664 omnis
247 1608 355 1663 autem
369 1596 564 1685 possibilitas
578 1596 745 1663 intrinsece
759 1608 910 1665 connotat
920 1612 1095 1689 respectum
1107 1604 1148 1669 ad
1159 1629 1286 1673 eausam

114 1702 175 1769 rel
205 1700 392 1790 potentiam,
418 1722 489 1787 quar
514 1709 618 1787 potest
643 1700 772 1781 efficere,
799 1712 835 1767 ut
860 1704 1000 1770 existant
1025 1728 1096 1793 quae
1122 1709 1287 1796 possibilia

117 1805 288 1885 dicuntur,
305 1814 362 1869 aut
377 1802 607 1890 concipiuntur.
652 1800 741 1889 Ergo
760 1802 985 1873 demonstratio
1005 1810 1155 1896 supponit
1174 1822 1286 1899 poten·

116 1910 206 1975 tiam
220 1908 408 1975 effectricem
422 1906 573 1987 omnium,
585 1930 657 1993 quae
671 1908 733 1972 suh
746 1908 943 1995 possibilium
957 1911 1078 1979 ratione
1092 1915 1286 2003 concipimus

117 2025 153 2081 et
167 2014 400 2102 supponimus;
422 2010 484 2077 hoe
498 2020 556 2090 est,
571 2010 747 2096 potentiam
761 2010 904 2077 divinam
919 2012 1104 2081 immensam
1120 2028 1152 2083 et
1166 2018 1285 2085 incom-

117 2115 384 2205 prehensibilem,
406 2122 517 2201 utpote
539 2134 612 2199 quac
636 2120 742 2199 potest
766 2113 878 2179 effecta
900 2114 983 2191 dare,
1006 2141 1203 2209 quaeeunque
1225 2146 1284 2189 nos

118 2220 293 2308 concipere
306 2218 448 2283 valemus
462 2226 500 2282 ut
512 2215 695 2303 possibilia3
718 2226 751 2281 ct
765 2240 806 2282 ex
823 2218 958 2305 paritate
974 2222 1104 2288 rationis
1122 2224 1186 2290 alia
1202 2248 1284 2313 prae·

119 2334 213 2390 terea
234 2324 402 2389 innumera
424 2346 445 2387 a
465 2320 559 2386 nobis
582 2342 647 2385 non
669 2320 904 2408 comprehensa.
950 2322 1118 2412 Supponit,
1141 2328 1281 2415 inquam,

120 2428 230 2493 omnis
246 2423 470 2492 demonstratio
488 2444 581 2489 veras
600 2421 811 2510 hypotheses;
834 2424 951 2489 veritas
970 2424 1157 2513 hypothesis
1177 2430 1283 2498 innuit

118 2533 179 2613 rei,
196 2553 270 2618 quac
290 2528 427 2618 ponitur,
450 2525 653 2593 existentiam
673 2526 877 2615 possibilem3
901 2526 970 2593 haec
991 2530 1185 2617 possibilitas
1207 2556 1283 2599 con·

119 2646 214 2703 notat
240 2633 427 2701 effeehicem
450 2630 498 2697 rei
522 2652 668 2711 causam;
703 2630 795 2713 (alias
816 2630 1011 2717 impossibile
1033 2632 1112 2699 foret
1133 2658 1203 2701 eam
1225 2660 1283 2705 ex·

120 2740 247 2822 istere3)
272 2736 416 2804 effectrix
432 2734 573 2802 omnium
592 2756 687 2800 causa
700 2734 789 2801 Deus
808 2745 864 2801 est.
910 2734 1023 2803 Omnis
1041 2737 1139 2825 igitur
1152 2740 1283 2809 demon·

120 2844 235 2910 stratio
249 2840 399 2928 supponit
412 2837 613 2905 existentiam
628 2836 701 2903 Dei.
732 2836 798 2905 Sed
813 2839 894 2905 hanc
909 2839 943 2905 ἐν
956 2840 1089 2930 παρόδῳ
1102 2856 1278 2932 susceptam

121 2944 429 3035 argumentationem
442 2941 527 3008 ultra
540 2941 688 3029 persequi
702 2962 767 3007 non
780 2942 869 3008 libet.

185 3050 218 3116 E
233 3049 328 3115 dietis
341 3049 436 3113 etiam
452 3046 594 3133 sequitur
607 3044 719 3111 confici
729 3068 822 3133 posse
833 3046 1112 3117 demonstrationes
1123 3051 1163 3118 de
1174 3054 1278 3136 rebus,

121 3178 192 3243 quoe
206 3174 372 3239 nunquam
386 3150 569 3228 extiterunt,
590 3158 646 3214 aut
664 3147 802 3215 existent
820 3151 945 3239 uspiam
954 3176 963 3232 3
986 3154 1061 3242 quia
1079 3178 1193 3243 nempe
1213 3158 1280 3223 suf-

121 3258 187 3323 fieit
208 3256 251 3321 ad
273 3252 579 3332 demonstrationem,
601 3261 639 3315 nt
659 3250 852 3338 hypotheses
874 3254 1080 3324 adsumantur
1101 3282 1194 3340 verae,
1218 3260 1278 3327 hoc

120 3372 167 3427 est
181 3382 256 3448 qnae
270 3358 392 3424 nullam
405 3356 571 3444 implicant
584 3352 801 3422 ἅσυστασίαν.

183 3463 252 3529 Ex.
274 3484 322 3548 gr.
358 3458 535 3525 Existimat
556 3457 711 3524 Galilaeus
733 3482 768 3525 se
790 3483 908 3526 novam
934 3462 973 3529 de
999 3474 1088 3528 motu
1113 3464 1277 3532 scientiam

121 3566 309 3645 condidisse,
330 3562 536 3651 supponendo
556 3561 668 3648 gravia
688 3562 872 3628 naturaliter
892 3586 1002 3629 versus
1023 3577 1165 3631 centrum
1187 3577 1278 3635 terrae

120 3669 234 3737 deferri
252 3678 343 3733 motu
358 3664 556 3731 uniformiter
576 3664 760 3745 accelerato3
789 3664 862 3749 (hoe
883 3676 941 3746 est,
960 3666 1006 3731 its
1025 3678 1061 3733 ut
1082 3668 1110 3733 is
1132 3692 1152 3732 a
1173 3669 1278 3755 quiete

120 3772 268 3839 recedens
290 3768 467 3858 equalibus
488 3768 637 3834 continuo
657 3769 852 3857 temporibus
871 3768 1005 3856 aequalia
1026 3770 1088 3835 sibi
1110 3769 1278 3841 celeritatis

121 3884 282 3942 momenta
303 3872 519 3960 superaddat3)
544 3870 629 3958 quod
650 3872 679 3936 si
698 3870 815 3938 falsum
836 3871 878 3937 sit
899 3872 957 3958 (uti
972 3896 1037 3940 non
1051 3896 1277 3965 usquequaque

172 4076 220 4131 All
231 4072 450 4131 demonstration
462 4089 594 4144 supposes
604 4074 653 4129 the
664 4075 804 4131 existence
815 4074 846 4131 of
856 4073 925 4130 (lod

168 4162 259 4217 'l'here
280 4176 345 4229 may
366 4158 403 4213 be
425 4158 518 4228 proofs
539 4158 703 4228 conseming
724 4158 911 4228 noneristing
933 4156 1032 4227 things.
1077 4156 1151 4212 'lhus
1171 4158 1277 4217 Galileo

122 4246 213 4303 thinks
228 4248 264 4303 he
280 4247 332 4301 has
348 4244 470 4300 founded
486 4262 504 4299 a
519 4260 580 4299 new
600 4245 706 4301 sdence
724 4245 756 4299 of
771 4245 876 4299 motion
895 4243 931 4313 by
947 4242 1087 4314 assuming
1107 4244 1170 4299 thut
1189 4244 1276 4317 heavy

16 4343 17 4350 ’
123 4330 215 4390 bodies
226 4334 275 4389 nu
286 4332 355 4388 with
365 4348 384 4387 a
393 4331 497 4387 motion
508 4332 654 4401 uniformly
664 4331 843 4401 accelerated,
854 4331 917 4387 that
928 4331 960 4401 is,
971 4330 1020 4387 the
1031 4331 1147 4400 velocity
1158 4331 1277 4388 increas-

124 4420 169 4490 ing
181 4438 212 4477 aa
227 4420 276 4477 the
291 4421 374 4476 tima:
390 4417 478 4473 which
495 4417 519 4472 if
532 4418 557 4473 it
573 4417 609 4473 be
626 4420 676 4473 not
692 4421 764 4489 true,
782 4420 830 4488 yet
846 4417 1015 4474 oondnsions
1032 4434 1095 4489 may
1109 4418 1146 4473 be
1163 4416 1276 4475 demon-

127 4506 227 4563 stand
244 4522 280 4561 on
297 4504 347 4560 the
363 4502 529 4573 hypothesis
