3167 5192
107 414 319 499 11111111]
451 433 933 485 11111111111111111111111.
1213 422 1273 491 121

103 587 295 676 philosophi
314 590 421 669 verba,
447 592 529 656 sicut
553 592 687 658 antehac
709 592 914 674 insinuatum,
941 595 1080 682 aliquam
1100 597 1273 665 admittunt

102 691 347 758 excusationem
370 703 402 758 et
422 694 667 782 propositionem
687 697 895 764 commodam
940 698 990 765 De
1007 697 1080 764 aliis
1098 722 1173 766 vero
1193 702 1272 768 duo·

101 792 173 870 bus,
197 814 276 879 quae
297 794 475 881 subjungit,
497 796 724 885 principiorum
747 799 927 883 generibus,
949 823 1020 887 quae
1042 800 1271 870 demonstrator

100 896 251 976 assumit,
267 895 409 984 alioquin
423 898 689 979 demonstrabilia,
709 899 954 987 Hypothesibus
969 902 1118 969 nimirum
1137 914 1169 970 et
1189 906 1268 972 Pos-

100 997 224 1078 tulatis,
245 998 303 1063 illa
317 1000 420 1065 sentio
439 1001 649 1088 nequicquam
669 1004 711 1068 ab
725 1001 909 1067 Axiomatis
930 1003 1061 1071 differre.
1106 1005 1268 1095 Quicquid

100 1101 187 1165 enim
208 1101 423 1167 demonstrari
442 1112 556 1190 potest,
577 1114 626 1169 est
645 1104 824 1183 theorema3
847 1104 1007 1171 theorema
1028 1129 1102 1173 vero
1125 1108 1210 1194 quod
1232 1110 1266 1175 in

100 1203 211 1291 aliqua
233 1206 418 1292 particulari
440 1207 573 1273 scicntia
593 1230 658 1272 non
680 1208 839 1295 probatur,
863 1218 895 1273 at
917 1232 958 1275 cx
980 1210 1088 1297 aliqud
1108 1212 1267 1299 superiore

100 1305 293 1387 desumitur,
309 1308 492 1374 Axiomatis
506 1309 628 1375 obtinet
642 1308 745 1374 locum
761 1310 796 1374 in
811 1310 882 1375 ista.

164 1408 332 1475 Caeterum
350 1410 570 1484 (11111111111111,
590 1432 686 1497 quam
706 1412 838 1499 apponit
853 1412 1040 1479 Aristoteles
1056 1415 1260 1504 Hypotbesin

100 1510 184 1577 inter
210 1521 248 1577 et
272 1510 473 1577 Postulatum
501 1512 599 1598 (quod
620 1512 667 1577 illi
693 1536 736 1579 sc.
760 1514 847 1579 haud
867 1514 1027 1581 illibenter
1052 1518 1264 1604 adstipuletur

98 1614 238 1692 auditor,
254 1614 331 1680 huic
345 1636 419 1680 vcro
434 1613 612 1697 dissentiat)
629 1637 781 1701 perquam
797 1616 881 1681 exile
901 1617 994 1683 video
1011 1619 1261 1688 fundamentum.

98 1714 184 1782 Nam
208 1727 374 1804 utcunque
397 1718 439 1782 sit
461 1717 500 1784 de
523 1718 749 1805 praeconceptis
766 1717 919 1783 auditoris
937 1714 1150 1807 opinionibus,
1178 1726 1260 1811 (quae

97 1821 180 1886 nibil
195 1821 372 1887 admodum
385 1821 479 1887 refert
494 1822 603 1908 quales
618 1823 746 1901 fuerint,
765 1822 908 1888 docentis
927 1824 1027 1891 menti
1045 1848 1189 1893 consonae
1210 1828 1260 1894 111
1385 1884 1394 1899 .

98 1924 339 2013 discrepantes)
365 1925 548 2013 priusquam
569 1926 610 1991 ad
630 1926 928 1992 demonstrationem
952 1929 1106 1993 efficacem
1131 1930 1260 1997 descen-

98 2025 203 2108 datur,
218 2030 428 2094 necessarium
439 2040 488 2095 est
501 2038 537 2094 ut
547 2028 702 2094 adhibitis
711 2028 900 2114 quibusdam
911 2030 1075 2119 principiis
1089 2032 1258 2099 adsensum

97 2140 239 2216 praestet,
265 2130 406 2217 alioquin
427 2130 550 2195 nullam
574 2130 637 2196 sibi
658 2130 863 2217 persentiscct
885 2131 1061 2217 ingenitam
1083 2135 1257 2203 scientiam.

98 2229 295 2319 Contingere
311 2243 424 2320 potest,
440 2243 474 2298 at
492 2233 571 2320 quid
590 2234 650 2299 hoc
664 2232 705 2298 ad
724 2234 864 2300 scientiae
883 2237 1103 2324 propositum?
1146 2237 1194 2304 Ut
1209 2240 1258 2305 di-

97 2336 240 2423 scipulus
254 2337 401 2404 babuerit
414 2338 614 2425 praejudicia:
638 2337 696 2402 illa
709 2347 801 2419 certe,
818 2338 910 2426 siqua
929 2340 1050 2421 babuit,
1067 2354 1183 2407 exuere
1203 2342 1257 2409 de-

97 2439 150 2505 bet
169 2464 210 2505 ac
229 2440 383 2528 deponere
399 2441 543 2527 magistri
563 2440 735 2506 ratiociniis
754 2442 929 2521 convictus,
949 2454 1004 2509 aut
1022 2443 1192 2510 luculentis
1211 2446 1256 2510 rei

97 2542 269 2630 propositae
283 2543 438 2630 exemplis
451 2542 637 2622 illustratus,
653 2553 822 2629 antequam
838 2543 1017 2630 perlectam,
1034 2544 1211 2611 absolutam
1227 2560 1258 2613 et

97 2644 225 2731 proprie
238 2643 356 2710 dictam
371 2644 534 2709 scientiam
552 2653 649 2730 queat
666 2645 825 2732 indipisci.
871 2644 983 2725 Qualis
998 2646 1092 2726 enim,
1108 2647 1255 2728 obtestor,

97 2746 205 2813 futura
218 2759 269 2813 est
282 2746 556 2813 demonstrationis
570 2746 707 2833 energia,
723 2748 795 2833 quis
810 2749 949 2827 effectus,
962 2747 988 2813 si
1003 2745 1177 2835 discipulus
1192 2773 1256 2815 non

98 2860 228 2929 annuat,
242 2871 308 2914 non
323 2849 510 2937 acquiescat,
525 2870 590 2914 non
604 2848 762 2913 mordicus
777 2848 971 2915 adhaerescat
984 2850 1180 2937 praemissis?
1204 2852 1255 2919 Ne

99 2950 201 3017 dicem
214 2951 374 3039 quomodo
387 2962 470 3017 recte
484 2952 546 3017 dici
560 2952 660 3039 possit
674 2951 804 3033 αἴτημα,
821 2952 906 3038 quod
921 2962 1023 3039 potest
1037 2953 1253 3021 demonstrari.

99 3054 165 3121 Cur
184 3057 272 3121 enim
290 3056 425 3143 accipiat
443 3055 592 3142 precaris,
609 3055 694 3142 quod
711 3056 784 3141 jure
805 3066 909 3143 potest
930 3078 1097 3138 assumere,
1113 3058 1199 3145 quod
1220 3060 1254 3123 11

98 3159 184 3227 valet
196 3158 407 3247 extorquere?
449 3158 512 3225 Vel
526 3182 581 3224 cur
595 3181 660 3224 non
674 3160 800 3244 ignavis
822 3160 1022 3248 praeceptoris
1043 3162 1187 3248 precibus
1205 3184 1253 3226 re-

98 3272 219 3347 pugnet
239 3259 511 3344 ὁμαθησόμενος;
536 3281 643 3347 quare,
666 3284 730 3327 non
752 3261 908 3349 perspicio
930 3262 1008 3349 quid
1029 3262 1254 3350 philosophum

99 3362 139 3426 ad
161 3362 246 3429 banc
268 3363 436 3429 adduxerit
458 3362 712 3441 distinctionem
746 3386 804 3430 nec
827 3364 1010 3450 scrupulum
1034 3364 1180 3430 eximunt
1203 3366 1252 3429 in-

99 3476 257 3556 111-[111111.

161 3570 310 3637 Proclnm
326 3570 411 3657 quod
424 3570 538 3636 attinet
556 3571 642 3654 (nam
657 3570 690 3634 in
706 3592 778 3636 eum
789 3572 858 3657 jam
874 3571 972 3637 aciem
988 3570 1155 3655 distringo)
1174 3570 1251 3635 dum

100 3671 127 3736 is
140 3673 344 3740 Aristotelem
360 3672 450 3759 sequi
470 3672 642 3761 profitetur,
657 3674 765 3760 pejora
783 3694 853 3738 meo
869 3673 991 3759 judicio
1011 3671 1114 3737 reddit
1136 3672 1250 3739 omnia.

101 3772 181 3841 Nam
199 3776 304 3866 primo
322 3776 435 3841 tribuit
454 3775 583 3841 Euclidi
603 3776 664 3841 tria
678 3796 796 3862 genera
809 3776 1045 3865 principiorum,
1066 3777 1250 3858 Axiornata,

102 3878 314 3968 Hypotbeses,
324 3880 500 3961 Postulata,
513 3903 647 3967 quorum
661 3880 854 3945 differentias
870 3880 1003 3967 exponit
1013 3904 1055 3947 ex
1066 3881 1251 3948 Aristotelis

16 4009 17 4070 }
102 3986 269 4051 1111111111
292 3984 394 4064 Quasi
417 4004 494 4050 1111
517 3983 729 4048 Definitiones
753 4005 818 4048 non
838 3983 903 4048 sint
928 3984 1093 4073 principia,
1120 3985 1173 4051 111
1197 4006 1250 4052 ess
1318 3992 1321 3999 '

16 4087 17 4142 ξ
102 4104 161 4150 non
176 4087 342 4173 agnoverit
362 4084 523 4165 Euclides,
542 4084 595 4149 vel
616 4083 805 4151 Aristoteles
823 4106 876 4148 eas
898 4107 1062 4173 nunquam
1080 4110 1247 4155 accensus-

16 4191 18 4236 ὲ
102 4186 140 4250 111
158 4190 331 4282 principiis,
354 4188 623 4275 disertissimeque
648 4186 817 4253 secreverit
838 4196 870 4252 et
892 4189 1183 4257 contradictinxerit
1205 4192 1246 4257 ab

149 4447 303 4505 Aristotleb
322 4448 480 4505 distinction
502 4451 534 4505 of
552 4450 721 4523 Hypotbesis
748 4450 804 4504 and
825 4448 966 4505 Postulate
986 4446 1116 4517 rejected

149 4531 256 4590 Proclua
274 4534 370 4591 makes
387 4539 505 4593 matters
523 4553 618 4593 111111.

180 4636 209 4684 n
226 4639 262 4686 11.
1120 4618 1160 4679 16
