3167 5192
119 375 292 461 ruer.me
442 391 631 445 murreum
652 391 927 471 murmures.
1199 380 1265 447 323

116 575 226 633 remata
242 588 307 634 nen
326 567 433 635 minua
454 590 552 656 qnam
571 567 794 635 Arithmetieia
814 566 1013 655 adaptantur.
1058 565 1125 636 Sed
1145 566 1206 636 hee
1228 569 1263 635 ἐν

116 670 243 759 παρόδῳ,
258 671 365 739 neseio
378 693 457 737 num
470 670 551 737 alias
564 670 691 759 plenius
705 668 939 737 elucidandum.

172 781 202 840 3.
243 773 481 861 consequenter
498 773 542 840 ad
558 774 628 839 here
647 773 829 839 advertatur
847 772 950 852 tertio,
968 771 1054 860 quod
1072 772 1163 838 nulla
1180 772 1262 839 ratio

116 876 235 941 seorsim
247 886 280 942 et
293 900 351 964 per
365 899 399 942 se
413 887 518 965 potest
531 876 682 942 testimari
695 875 749 942 uel
763 874 997 962 comprehendi,
1013 896 1071 939 nee
1080 896 1143 961 ,per
1162 873 1261 941 ullam

116 975 343 1046 determinatam
357 979 569 1066 quantitatem
582 978 783 1065 peculiariter
797 986 872 1064 apta
886 987 961 1043 nata
978 986 1027 1041 est
1046 976 1183 1063 exprimi
1204 1000 1261 1043 seu

114 1080 329 1165 representari,
344 1081 402 1147 sed
415 1102 472 1168 per
485 1103 605 1161 omnes,
619 1079 672 1147 vel
685 1078 932 1167 unamquamuis
948 1078 1180 1159 indifferenter;
1202 1100 1261 1145 nee

115 1180 178 1249 ideo
190 1183 290 1249 cnivis
306 1184 462 1251 absolutae
479 1183 652 1272 quantitati
671 1184 831 1268 subjaeet;
855 1182 959 1269 qualis
979 1181 1064 1249 enim
1085 1181 1143 1247 illa
1160 1204 1261 1269 quan-

114 1283 181 1349 titas
199 1285 287 1366 feret,
301 1310 362 1374 per
382 1286 490 1353 omnia
506 1296 698 1374 quantorum
719 1308 836 1372 genera
857 1284 1018 1351 desultans
1040 1296 1135 1371 atque
1157 1307 1261 1371 pereo

115 1388 201 1455 raus?
240 1389 288 1457 Et
313 1390 343 1455 si
368 1389 491 1455 nullam
517 1412 560 1454 ex
588 1411 623 1455 se
651 1389 861 1477 quantitatem
890 1388 1127 1475 intelligibilem
1152 1388 1259 1473 habet,

114 1492 258 1575 quomodo
271 1516 346 1559 eum
362 1492 427 1559 alit
439 1493 560 1559 ratione
574 1492 689 1559 eollata
703 1493 953 1580 deprehendens
967 1493 1106 1563 habere?

170 1592 237 1673 Quo
250 1605 346 1683 paeto
360 1595 451 1661 nnlld
463 1595 585 1661 ratione
599 1618 656 1684 per
669 1618 705 1661 se
721 1596 1056 1684 eomprehensibilium
1071 1605 1260 1684 quantorum

114 1693 232 1765 feliciter
249 1698 437 1765 instituetur
455 1699 658 1786 comparatio,
679 1710 817 1787 notaque
839 1699 1007 1767 resultabit
1027 1699 1139 1765 relatio
1160 1721 1262 1786 quam

113 1797 227 1864 titatum
239 1800 448 1887 ignotarum?
490 1800 643 1880 Quinimo
657 1825 730 1868 eum
744 1802 811 1867 alit
823 1801 946 1869 ratione
965 1801 1081 1869 collata
1095 1802 1177 1869 ratio
1196 1823 1260 1867 non

114 1898 168 1964 nisi
179 1923 294 1988 ragam
310 1912 343 1967 et
357 1902 554 1969 arbitrariam
569 1904 699 1969 sortitur
712 1904 940 1992 quantitatem
963 1914 1058 1991 prout
1073 1904 1158 1971 enim
1173 1926 1260 1969 eom-

114 2022 197 2071 mune
209 2028 407 2092 uenaequens
420 2029 463 2071 ex
477 2006 606 2073 arbitrio
616 2006 741 2073 varium
755 2006 916 2095 arripitur,
929 2008 975 2073 ita
988 2006 1147 2073 rationum
1161 2006 1259 2073 eolla·

114 2114 204 2173 tarum
217 2133 291 2197 qure
312 2110 459 2176 dicuntur
477 2111 671 2197 quantitates
690 2112 880 2177 evariantur.
925 2110 1139 2179 Desultoriam
1159 2110 1259 2197 igitur

115 2219 142 2273 et
158 2209 431 2279 indeterminatam
452 2212 664 2299 quantitatem
684 2213 814 2293 habent,
837 2213 962 2300 siquam
983 2214 1113 2295 habent,
1136 2214 1187 2280 hae
1208 2236 1259 2279 ra·

115 2311 219 2395 tionea3
240 2316 306 2383 hoo
318 2324 376 2396 est,
391 2315 525 2383 nullam.
562 2315 625 2383 Est
639 2316 724 2384 enim
739 2317 862 2404 aliquid
876 2317 1090 2398 determinate,
1106 2317 1258 2405 quiequid

114 2426 171 2497 est3
191 2419 275 2505 quod
290 2419 403 2507 utique
415 2429 474 2499 est,
489 2442 646 2507 nusquam
659 2429 718 2486 eat

171 2519 255 2589 Vidit
269 2522 342 2603 hoe,
357 2533 391 2589 et
403 2522 510 2611 palam
526 2522 671 2609 agnovit,
684 2522 907 2609 luculenteque
926 2522 1098 2589 declaravit
1114 2522 1259 2589 acutissi-

113 2641 177 2686 mua
195 2622 392 2701 Vineentiua,
410 2634 445 2691 at
464 2648 522 2693 seu
542 2626 711 2693 verborum
732 2624 943 2710 ambiguitate
964 2624 1103 2705 delusus,
1124 2646 1180 2691 seu
1201 2648 1257 2713 spe

114 2742 194 2790 nore
210 2727 385 2796 eundendae
404 2728 545 2796 scientiae
563 2727 712 2795 nonnihil
734 2726 847 2807 elanus,
868 2726 1018 2793 aliorsum
1036 2724 1159 2814 rapuit
1195 2728 1259 2794 Re-

114 2829 232 2911 uada
259 2830 390 2917 (inquit)
417 2855 523 2899 rerum
546 2854 619 2910 em,
643 2831 677 2896 εἰ
698 2832 782 2896 ruere
805 2854 875 2917 qua
897 2830 935 2895 r'u
958 2831 1097 2895 munera
1121 2831 1263 2918 exprimi

116 2945 238 3014 maest,
262 2931 403 2998 solitarie
425 2945 578 3013 manetur,
598 2932 859 2999 denominaterem
879 2931 945 3019 ejus
966 2932 1109 2998 sebabuni
1133 2933 1259 2999 Gemue-

116 3032 179 3097 trr'ee
197 3059 259 3100 nou
277 3058 390 3122 poma·
419 3035 497 3120 (imo
521 3057 598 3101 uero
622 3034 799 3123 interpono,
825 3056 949 3123 semper
973 3034 1117 3102 exhiberi
1141 3044 1255 3123 potest,

116 3137 253 3205 tumendo
268 3138 403 3224 quodvis
418 3148 573 3225 quantum
590 3161 649 3225 pro
661 3147 880 3224 oonaequente,
896 3138 981 3225 quod
1001 3137 1111 3205 eodem
1128 3160 1257 3205 munere

115 3233 260 3322 fungetur,
275 3262 338 3327 quo
356 3240 566 3307 communiter
583 3240 691 3305 unitae
711 3239 894 3327 defungitur
912 3240 947 3305 in
965 3239 1124 3306 rationum
1146 3240 1258 3308 effabi-

116 3334 182 3406 lium
195 3342 486 3411 denominateribus
499 3343 708 3425 exhibendia3
729 3367 832 3431 neque
846 3344 1005 3410 rationum
1022 3344 1162 3409 numeris
1181 3344 1258 3409 effa-

116 3437 215 3509 bilium
229 3445 336 3531 quoad
350 3445 411 3513 hoe
423 3445 582 3533 peculiare
596 3444 765 3532 quiequam
780 3454 829 3511 est
839 3445 861 3529 3)
884 3445 968 3531 quod
985 3445 1018 3510 ai
1039 3444 1155 3529 (pergit
1176 3442 1258 3509 Vin·

117 3544 235 3631 eentius)
252 3548 333 3614 hee
345 3547 396 3615 uel
403 3548 516 3636 plures
528 3548 656 3634 fimat
675 3548 757 3614 datae
777 3548 922 3627 rationes,
938 3547 1100 3632 mabsara*
1112 3558 1260 3633 poterant

116 3646 300 3734 &pasturum
316 3651 568 3732 denominatam,
588 3653 647 3739 qui
662 3652 815 3718 nimirum
835 3649 1038 3715 denwrrrtrent
1057 3646 1161 3735 praalais
1178 3649 1260 3713 aar

116 3752 235 3819 tebrae
248 3755 334 3841 ι’ροαε
346 3755 509 3843 proportio
521 3755 700 3835 intercedat,
716 3767 810 3841 etque
824 3754 880 3820 boe
894 3776 956 3820 use
970 3764 1089 3818 matum
1103 3776 1125 3817 e
1139 3751 1260 3819 dueta

117 3853 194 3918 uerte
215 3855 304 3923 linere
315 3857 529 3945 praeaatitur,
543 3856 600 3924 aed
620 3882 643 3923 a
659 3857 891 3944 quodnamque
911 3855 996 3937 aleb,
1012 3877 1081 3942 quae
1094 3854 1259 3943 privata

113 3959 345 4045 numeneus
358 3962 504 4029 mutuat.
547 3959 603 4031 Sic
617 3958 682 4028 ille

163 4325 201 4421 (3).
225 4328 251 4382 Δ
262 4330 334 4384 ratio
349 4345 411 4399 may
423 4329 459 4385 be
474 4329 624 4401 expresaed
638 4328 676 4400 by
687 4345 740 4400 any
751 4327 820 4383 kind
837 4328 867 4382 ol
882 4326 991 4396 things:
1009 4324 1069 4379 lrow
1082 4322 1148 4379 tlren
1164 4320 1189 4376 ie
1204 4321 1227 4375 it
1241 4336 1259 4373 a

120 4411 303 4565 Ἥήιιε
319 4498 482 4555 Vinoentiua
498 4516 554 4555 saw
571 4500 634 4555 thia
