3167 5192
320 366 386 434 310
658 376 845 430 marrones
867 376 1140 429 menusanum
1273 359 1384 445 [mer.
1399 376 1475 425 m.

385 551 499 619 Talem
527 549 682 616 rationem
711 547 835 616 obtinet
866 547 992 615 cubitus
1020 546 1063 613 ad
1092 545 1216 635 podem,
1246 546 1323 635 quis
1354 546 1477 613 cubitus

319 656 432 745 pedem
449 662 577 741 superat
590 656 656 719 unt
669 659 758 739 parte
776 649 912 716 dimidia
931 649 1042 737 pedis3
1064 649 1112 716 sie
1132 658 1166 715 et
1183 648 1322 716 dodrans
1345 648 1392 715 ad
1411 650 1477 717 bes·

319 780 387 825 sem
414 756 569 826 rationem
601 755 700 822 habet
728 752 1054 841 superpafficulsnem,
1084 752 1160 840 quia
1188 751 1328 820 dodrans
1358 753 1477 821 bessem

320 861 461 929 continet
496 858 602 935 semel,
631 865 665 924 et
692 856 762 944 ejus
788 856 929 944 insuper
963 864 1086 943 partem
1122 864 1276 936 oetamm,
1313 853 1372 922 vel
1408 853 1478 943 quia

320 966 387 1068 ξς
400 988 416 1045 1
430 968 508 1066 οὲ.

322 1103 326 1110 ’
385 1080 534 1148 Rationis
554 1080 651 1166 hujus
670 1100 797 1169 quoque
818 1079 939 1167 speeies
960 1078 1094 1145 infinite
1112 1086 1198 1159 suut,
1215 1098 1273 1165 pro
1293 1077 1477 1146 denomina-

320 1196 424 1253 torum
447 1184 574 1251 infinita
595 1182 819 1266 multitudiue;
844 1204 916 1270 qua
941 1181 1088 1249 Qunam
1113 1180 1288 1269 significari
1315 1180 1423 1248 solent
1441 1178 1477 1246 ad

320 1308 523 1354 numerorum
552 1283 742 1352 ordinalium
770 1284 902 1352 uomina
930 1283 1123 1372 praefigendo
1152 1281 1344 1371 particulam
1371 1283 1477 1370 sesqui,

323 1389 396 1475 (hoc
413 1397 471 1470 est,
495 1410 529 1455 se
547 1394 643 1477 atque
660 1396 784 1477 partem
805 1387 946 1476 aliquam
969 1398 1139 1474 praeterea3
1161 1385 1237 1452 licet
1260 1384 1357 1453 aliter
1378 1387 1478 1453 minua

320 1491 364 1559 ad
376 1514 444 1559 rem
457 1500 598 1558 nostram
621 1490 855 1574 lrvpolopodcs
880 1487 1169 1555 Grammaticorum
1193 1486 1285 1572 filii3)
1312 1497 1353 1554 ut
1366 1489 1478 1575 sesqui·

322 1598 433 1680 altero,
451 1595 516 1682 (vel
529 1593 798 1683 sesquisccunda,)
815 1593 1026 1681 sesquitertia,
1044 1591 1282 1679 sesquidecima,
1298 1592 1478 1681 sesquioeu·

321 1701 453 1781 tesima3
476 1721 549 1788 qus
569 1719 664 1766 voces
683 1698 730 1765 sic
751 1696 891 1783 intelligi
913 1696 1040 1778 debent,
1064 1718 1138 1762 cum
1159 1694 1353 1763 antecedens
1375 1716 1479 1762 eonse-

322 1810 471 1890 quentem
485 1811 612 1889 superat
624 1805 690 1868 unt
710 1810 799 1889 parte
817 1798 959 1882 dimidia,
979 1798 1148 1887 (quomodo
1172 1806 1209 1865 lt
1229 1798 1361 1866 excedit
1383 1806 1413 1879 8,
1430 1796 1477 1864 rel

321 1927 357 1972 aa
382 1905 520 1989 bessem)
545 1904 661 1970 dicitur
685 1902 741 1969 ille
769 1902 966 1991 sesquialter,
990 1911 1046 1969 aut
1070 1900 1336 1990 sesquiseoundus
1368 1901 1476 1988 hujus:

320 2031 394 2077 cum
423 2006 611 2073 antecedens
639 2016 886 2095 consequentem
914 2005 1013 2073 semel
1038 2006 1182 2087 includit,
1216 2011 1249 2071 et
1278 2005 1352 2092 ejus
1385 2026 1477 2071 uuam

321 2121 444 2201 partem
469 2110 596 2178 tertiam
625 2110 672 2196 (ut
700 2118 737 2175 12
755 2109 882 2176 excedit
901 2117 931 2191 9,
954 2108 1009 2177 vel
1031 2130 1066 2175 ss
1088 2108 1285 2195 dodrantem)
1313 2107 1476 2175 dieituria

322 2214 419 2302 hujus
433 2211 671 2301 sesquitertius:
693 2220 726 2279 et
740 2211 839 2277 simili
852 2221 1005 2299 perpetuo
1018 2211 1149 2279 ratione.

387 2315 510 2385 Gracia
524 2315 594 2383 hec
606 2314 687 2382 ratio
707 2313 824 2381 dicitur
836 2312 934 2397 λόγος
949 2312 1114 2401 ἐπιμόριος
1135 2314 1274 2402 (propter
1292 2312 1475 2402 particulam

322 2417 542 2508 consequentis
566 2416 683 2485 unitati
708 2416 887 2485 subnexam
909 2415 1003 2482 modo
1023 2414 1191 2504 exposita)
1215 2426 1249 2484 et
1269 2416 1474 2505 designantur

322 2525 392 2612 ejus
406 2520 527 2611 species
540 2519 737 2588 ordinalibus
754 2518 894 2586 numeris
912 2518 1124 2607 preponendo
1146 2518 1210 2586 ert
1256 2518 1306 2587 Ut
1320 2517 1473 2586 ἑπιδῶτε-

322 2654 391 2717 ρος;
425 2625 494 2715 (qui
523 2624 640 2713 sapius
670 2621 828 2707 ἡμιόλιος,
859 2622 951 2710 quasi
973 2632 1059 2690 totus
1084 2644 1279 2711 consequens
1308 2646 1384 2691 cum
1410 2623 1471 2711 ejus

323 2729 463 2811 semisse,
477 2726 531 2794 vel
549 2734 635 2794 totus
652 2724 845 2817 antecedens¹
864 2723 994 2811 dempta
1016 2724 1236 2814 consequentis
1253 2724 1402 2807 semisse;
1424 2722 1472 2791 aad

323 2831 473 2899 et-obiter
491 2829 607 2898 adnoto
624 2828 754 2897 Graecos
772 2825 1009 2894 antecedentem
1027 2826 1123 2916 hujus
1143 2827 1273 2895 rationis
1294 2822 1471 2917 plerumque

322 2932 441 3014 efferre,
457 2930 669 3020 praeponendo
683 2928 904 3017 consequentis
923 2928 1045 2995 nomini
1058 2950 1168 2996 vocem
1188 2950 1311 3017 τροημι·
1334 2940 1373 2999 ut
1392 2954 1470 3017 τριη·

322 3032 455 3121 μιώριον
482 3034 676 3122 sesquihora,
711 3030 945 3121 τριημιόβολον
980 3031 1217 3119 sesquiobolus3
1254 3031 1332 3122 quia
1367 3052 1470 3121 nempe

323 3136 507 3225 sesquihora
538 3136 612 3229 (hoo
634 3146 692 3219 est,
718 3158 784 3202 una
806 3135 884 3203 hora
906 3157 979 3202 cum
1000 3134 1087 3202 horae
1112 3135 1253 3223 semmae)
1276 3146 1328 3206 est
1350 3134 1470 3205 dimdia

322 3261 397 3329 pars
412 3238 510 3305 trium
523 3237 682 3321 horarum,
691 3247 725 3306 et
738 3237 959 3326 ‘sesquiobolus
972 3224 1022 3327 'est
1033 3238 1173 3307 semnsis
1186 3238 1284 3307 trium
1294 3239 1468 3309 obolomm:

324 3343 381 3411 sed
395 3343 430 3409 in
443 3339 606 3429 orbitam).

390 3446 528 3536 Species,
551 3446 692 3535 inquam,
714 3447 812 3537 hujus
831 3446 965 3514 rationis
990 3468 1010 3513 s
1034 3446 1158 3516 Graecis
1183 3448 1387 3517 uominautm
1407 3448 1469 3513 ἔπι-

324 3549 468 3638 &strepas
483 3550 548 3637 (vel
566 3548 739 3637 ἦμόλιοςῑ)
763 3548 960 3638 sesquialter,
976 3549 1138 3640 ἐπίτριτος
1157 3552 1386 3640 sesquitertius,
1407 3552 1469 3617 ἑπι-

324 3653 455 3726 δέιιοτος
469 3653 735 3742 sesquidecimus3
757 3663 790 3721 et
804 3654 851 3719 ita
869 3652 1024 3721 similiter.
1070 3653 1179 3745 Hujus
1200 3654 1332 3723 rationis
1354 3657 1470 3723 inuersa

323 3756 378 3824 vel
391 3755 554 3841 ὖπολόγος
570 3758 751 3846 (antequam
765 3756 949 3845 progredior
962 3757 1023 3825 hoc
1037 3757 1177 3841 adverto,
1188 3758 1305 3848 quoda
1317 3758 1469 3828 vetenbus

324 3860 545 3929 Asithmetiois
558 3862 716 3930 rationum
739 3860 928 3947 majoritatis
947 3860 1067 3949 species
1092 3862 1157 3950 (vel
1175 3863 1315 3951 ipsarum
1339 3862 1469 3931 denomi-

323 3964 461 4048 natores)
488 3963 673 4032 dicebantur
694 3962 863 4052 πρόλογοι,
887 3963 1078 4031 minoritatis
1103 3974 1211 4033 autem
1235 3966 1276 4033 iis
1299 3988 1469 4055 correspon-

324 4059 435 4130 dentes
449 4067 568 4153 species
582 4066 753 4153 ὑπόλογον
776 4065 862 4134 uude
883 4065 1097 4137 Nicomachus
1119 4068 1174 4153 ait,
1197 4068 1279 4143 Τοὺς
1301 4069 1468 4152 ὑπολογοος

580 4220 591 4254 ¹
608 4220 687 4287 Apud
696 4220 822 4271 llsecuem
834 4218 979 4282 ἔφημιόλιος,
992 4219 1076 4271 ioman
1087 4237 1118 4273 ax
1128 4223 1226 4275 maudo.

376 4476 470 4537 Greek
486 4476 579 4531 term
