3167 5192
107 411 195 464 sacr.
212 397 265 484 ra]
432 412 619 463 incussus
642 411 915 461 narnsusmoaa
1214 393 1257 458 45

105 581 200 669 ipsius
213 581 412 648 Matheseoe:
436 581 563 670 Quippe
578 605 674 670 quam
688 591 762 670 post
776 592 891 648 exutas
904 580 1111 669 particulares
1124 580 1259 647 circum·

105 687 243 766 stantiae,
266 685 484 774 admissusque
506 709 580 752 suas
601 687 797 775 hypotheses
814 686 1069 752 fundamentales
1091 695 1126 752 st
1147 685 1258 773 praeci·

104 811 187 874 puae,
201 789 270 874 (seu
284 787 444 876 probabili
458 788 580 856 ratione
594 788 698 871 nixas,
711 811 768 855 seu
782 789 883 876 gratis
897 790 1100 877 assumptas)
1116 787 1258 854 evadunt

104 914 176 978 pure
190 891 410 960 Geometrieae.
440 917 472 960 v.
482 917 513 980 g.
539 894 651 960 Posito
665 893 791 960 stellam
810 894 882 979 (hoc
896 902 946 959 est
959 903 1111 981 punctum
1127 893 1257 983 aliquod

104 995 237 1083 ooelaeoe)
262 996 298 1062 in
321 997 402 1064 coelo
426 997 470 1082 (h.
479 1019 507 1064 e.
531 997 565 1062 in
588 997 691 1086 spatio
714 995 879 1063 indefinite
901 996 1034 1084 quanto)
1060 1019 1118 1084 per
1138 995 1257 1063 lineam

104 1113 224 1182 motam,
247 1101 442 1182 sucularum,
463 1101 647 1190 ellipticam,
667 1100 719 1166 vel
740 1100 837 1165 aliem
856 1099 1012 1187 quamvis,
1033 1099 1147 1167 deferri
1166 1110 1258 1167 motu

103 1215 240 1290 respectu
269 1204 382 1291 puncti
411 1203 545 1291 alicujus
574 1202 774 1268 determinati
799 1202 959 1282 uniformi,
986 1201 1040 1268 vel
1070 1213 1258 1291 apparenter

102 1307 222 1394 equali,
237 1308 272 1372 in
289 1318 375 1374 certo
389 1319 529 1395 tempore
546 1308 590 1393 (h.
600 1330 628 1373 e.
650 1330 722 1372 oum
742 1312 828 1373 certa
849 1306 1017 1372 velocitate
1035 1329 1092 1396 per
1109 1330 1257 1374 numero·

103 1431 168 1474 rum
185 1421 241 1476 sut
255 1410 412 1476 linearum
426 1421 580 1476 rectarum
595 1410 828 1498 proportionem
843 1408 1110 1494 determinabili);
1130 1410 1192 1491 his,
1206 1411 1258 1476 in·

104 1535 202 1598 quam,
227 1513 353 1602 positis,
379 1513 434 1600 qui
459 1513 661 1600 consequntur
684 1511 787 1578 omnis
811 1512 970 1578 discurms
995 1511 1030 1578 iu
1051 1512 1257 1580 Astronomis

103 1629 267 1704 usurpatus
296 1616 407 1682 eradit
435 1639 513 1704 pure
542 1616 771 1684 Geometrious.
817 1616 953 1704 Quoque
981 1615 1198 1704 simpliciores,
1224 1628 1257 1684 et

103 1719 275 1786 evidentius
302 1720 470 1808 possibiles
499 1729 575 1786 sunt
598 1719 774 1807 adsumptae
797 1708 1001 1806 hypotheses,
1024 1740 1062 1783 eo
1084 1730 1166 1784 artes
1188 1718 1257 1785 istse

104 1820 142 1886 sd
161 1820 378 1888 Geometrism
399 1823 528 1911 propius
551 1821 719 1888 accedunt:
744 1821 842 1887 Unde
862 1843 890 1887 e.
900 1843 933 1907 g.
955 1843 1029 1909 pars
1049 1820 1108 1887 illa
1127 1821 1257 1890 Macha-

104 1925 187 2006 niue,
202 1949 274 2014 quse
296 1927 366 2013 agit
384 1926 424 1992 de
443 1936 549 1992 centro
569 1925 746 2012 gravitudo,
769 1935 802 1992 et
820 1947 893 2014 pars
912 1924 1046 2014 Optiote,
1068 1949 1139 2013 qua
1158 1927 1258 2014 vulgo

104 2027 210 2094 dicitur
224 2029 440 2118 Perspectiva,
455 2029 537 2094 inter
552 2027 742 2095 Geometrise
756 2039 862 2115 partes
881 2027 968 2094 haud
988 2029 1072 2094 male
1089 2052 1257 2097 numeren-

104 2141 168 2212 ταῖς
193 2133 268 2220 qnia
291 2132 342 2198 nil
364 2131 429 2198 iere
450 2141 587 2220 poscunt
610 2153 674 2196 uon
700 2153 884 2198 conoessum
906 2141 939 2198 et
961 2133 1199 2220 comprohatum
1222 2134 1257 2199 in

105 2233 298 2318 Geometrit3
338 2257 396 2302 neo
417 2235 489 2302 aliis
511 2245 643 2301 utuntur
664 2258 760 2322 quum
783 2235 992 2302 Geometricis
1013 2249 1069 2304 sut
1093 2238 1257 2327 principiis

104 2351 154 2404 ant
165 2339 350 2406 ratiociniis.
395 2337 516 2404 Verum
530 2336 569 2404 de
584 2339 635 2404 his
649 2337 726 2404 satis
741 2360 799 2427 pro
813 2339 961 2425 presenti
975 2341 1132 2408 instituto.

162 2444 208 2511 At
232 2445 368 2510 miretur
393 2442 472 2508 forte
498 2443 657 2530 quispiam
682 2465 755 2509 cnm
785 2441 968 2509 Matheseos
996 2456 1101 2533 partes
1127 2446 1257 2512 omnino

105 2560 224 2616 cunctas
241 2553 314 2637 (snt
328 2559 411 2614 corte
424 2547 611 2637 praecipuas)
628 2569 787 2614 recensere
801 2545 986 2627 studuerim,
998 2549 1203 2634 quamobrem
1218 2548 1258 2616 de

105 2651 248 2740 Algebrt,
264 2675 366 2742 qnam
379 2662 504 2732 vocant,
520 2650 572 2717 vel
586 2650 761 2738 Analytict
774 2649 924 2717 facultate
938 2650 1032 2739 plane
1046 2651 1257 2720 conticuerim.

105 2755 286 2845 Respondeo
302 2777 369 2821 non
383 2767 498 2822 temere
512 2753 641 2820 factum.
682 2753 766 2834 Quia
779 2753 930 2820 nimirum
944 2753 1098 2842 Analysis
1115 2757 1258 2842 (eatenus

105 2859 265 2942 intellecta,
281 2870 441 2948 quatenns
455 2881 475 2924 a
489 2857 678 2925 Geometriae
693 2856 746 2923 vel
760 2856 979 2926 Arithmetieae
996 2859 1210 2946 pronunciatis
1224 2872 1258 2928 et

106 2964 213 3050 regulis
226 2963 372 3032 fflstincti
388 2961 466 3048 quid
478 2961 595 3046 innuit)
613 2983 677 3028 non
691 2961 796 3046 magis
816 2961 857 3027 ad
876 2960 1145 3045 Mathematicam,
1161 2989 1257 3053 quam

107 3065 143 3130 sd
157 3066 338 3156 Physioam‚
355 3075 411 3132 aut
426 3063 585 3144 Ethieam,
601 3075 657 3130 sut
670 3063 765 3130 aliam
784 3066 930 3152 quamvis
949 3066 1113 3134 scientim
1132 3070 1258 3138 videtin

108 3184 247 3258 spectare.
292 3173 357 3238 Est
371 3171 456 3236 enim
471 3169 627 3236 duntaxat
642 3190 715 3256 pars
735 3169 881 3256 quaedam
900 3179 956 3235 aut
974 3171 1094 3258 species
1116 3172 1256 3260 Iogioae,

109 3295 158 3339 sen
170 3277 281 3342 modus
296 3271 429 3362 quidam
449 3271 562 3338 utendi
580 3271 702 3338 ratione
722 3271 805 3338 circa
825 3271 1036 3359 quaestionum
1055 3273 1255 3357 solutionem,

109 3373 380 3466 inventionemque
404 3375 457 3442 rel
482 3376 700 3464 probationem
725 3376 971 3458 conclusionum,
996 3377 1101 3464 qualis
1126 3377 1161 3443 in
1184 3379 1257 3446 aliis

109 3481 245 3548 omnibns
266 3478 409 3548 scientiis
429 3487 594 3545 exercetur
612 3476 699 3543 haud
717 3499 798 3543 raro.
842 3477 949 3558 Quare
962 3501 1028 3545 non
1042 3491 1090 3546 est
1103 3503 1186 3568 pars,
1203 3493 1258 3548 sut

111 3583 228 3670 species,
255 3583 314 3650 sed
336 3581 582 3649 instrumentum
605 3581 710 3668 potius
734 3581 971 3648 Mathematieoe
994 3584 1256 3664 subministrans3

111 3695 141 3748 nt
161 3709 259 3774 neque
281 3684 465 3773 Synthesis,
493 3706 564 3770 quse
589 3683 703 3750 modus
728 3693 777 3750 est
802 3684 997 3752 theoremata
1020 3685 1257 3754 demonstrandi

112 3786 224 3876 uualysi
237 3785 526 3866 contradistinctns,
542 3785 758 3872 inserensque.
804 3785 870 3854 Sed
884 3785 925 3852 de
942 3787 993 3853 his
1012 3788 1144 3876 posthac
1158 3787 1257 3856 disse·

159 4090 275 4161 Appliad
294 4090 423 4146 &eneas
440 4105 489 4144 are
506 4105 537 4144 so
555 4103 636 4158 many
653 4085 801 4158 Iluamples
818 4084 850 4141 ot
866 4081 979 4156 applied
993 4081 1152 4155 Geometry,
1162 4083 1259 4143 rather

114 4169 172 4228 than
181 4191 211 4230 so
220 4193 301 4247 many
313 4173 454 4232 Branchus
465 4173 496 4230 ot
504 4173 705 4230 Mathematics

159 4252 1259 4361 lhehypothssssofhstronumybsmglaiddowuallthoreasouiugispmsly

117 4348 938 4503 mfflghmsmdllmhemmmtdm

164 4513 223 4572 Itis
233 4521 282 4574 not
292 4533 310 4572 s
320 4521 390 4589 part,
401 4517 455 4574 but
465 4533 500 4572 an
511 4517 679 4572 instrument
688 4516 720 4570 ot
729 4515 931 4574 Mathematics.
