3167 5192
287 351 326 400 ru
341 351 413 413 eur
428 349 949 417 omnurusraeurrnnrnm
964 335 1023 402 &a
1166 337 1187 403 9

128 516 408 594 intersectiones
428 544 472 594 ac
494 518 633 594 limites
656 518 926 619 dignoscuntur
932 545 942 607 ;
969 517 1188 618 apparentia

128 632 291 735 denique
315 643 539 734 punctorum
565 635 793 735 objeetorum
819 634 900 709 loca
930 634 1184 735 designantur,

128 755 208 823 tarn
218 751 314 825 oculi
331 760 500 851 respectu
510 752 574 852 qui
589 753 628 826 in
645 778 724 840 axe,
738 777 851 851 quam
867 750 1024 850 ejusqui
1041 750 1187 849 uspiam

129 875 237 941 extra
253 895 362 943 axem
383 868 600 944 collocatur:
624 876 714 944 tunc
733 867 864 943 eadem
890 875 1036 942 attento
1062 866 1186 966 quoad

128 992 269 1081 puncta
285 984 509 1060 sensibiliter
530 986 661 1078 vicina,
684 1011 750 1060 seu
772 984 1053 1085 divergentibus
1073 983 1186 1058 radiis

127 1099 336 1177 allucentia.
364 1100 445 1177 Sub
463 1110 681 1193 extremum,
704 1127 778 1199 quo
801 1100 964 1199 paratior
986 1099 1035 1175 sit
1052 1099 1185 1174 horum

127 1243 227 1312 usus,
254 1227 476 1318 punctorum
498 1247 565 1320 per
581 1220 799 1320 omnigenas
820 1218 939 1294 lentes
960 1217 1185 1293 translucen-

127 1334 224 1409 tium
251 1335 434 1436 imagines
466 1336 685 1437 singillatim
719 1335 875 1411 exhibeo
910 1335 1183 1411 determinatas.

127 1451 248 1528 Hisce
273 1453 577 1554 qualitercunque
600 1453 786 1544 confectis,
814 1452 861 1526 de
880 1450 1183 1550 magnitudinum

127 1567 375 1668 dijudicandis
401 1571 499 1663 (istis
526 1597 669 1676 nempe,
700 1597 783 1673 quae
810 1568 1024 1668 hujusmodi
1058 1594 1183 1644 eonse-

127 1701 296 1792 quuntur
321 1695 563 1794 inflectiones)
590 1693 827 1796 appetentiis,
861 1692 1040 1768 nonnulla
1070 1719 1182 1792 gene-

125 1811 238 1885 ratim
272 1812 436 1913 atting03
467 1820 549 1886 tum
578 1821 708 1913 postea
740 1809 936 1911 specialius
963 1836 1006 1885 aa
1033 1809 1183 1886 uberius

124 1925 322 2025 planorum
340 1927 568 2026 objectorum
583 1927 765 2028 imagines
775 1927 904 2028 quales
920 1934 1018 2020 sunt,
1038 1934 1077 2002 et
1093 1954 1182 2027 quo-

124 2045 238 2120 modo
264 2045 502 2147 designandae
528 2054 797 2125 commonetroz
825 2045 873 2121 ab
900 2044 987 2121 inde
1017 2046 1181 2146 reueptui

125 2188 230 2238 cano.
282 2163 503 2240 Memoratis
519 2172 645 2241 autem
662 2163 761 2240 hisce
776 2163 915 2263 passim
932 2164 1006 2240 alia
1023 2167 1181 2264 πάρεργα

123 2279 381 2381 intersperg03
407 2280 454 2357 de
471 2278 606 2383 quibus
625 2287 671 2356 tu
686 2280 834 2373 videris,
859 2305 947 2357 nam
966 2305 1036 2379 ego
1052 2278 1180 2360 malim

123 2395 290 2475 reticere.
