3167 5192
106 394 198 449 esen.
212 379 254 469 1.]
465 401 651 454 secrrosrs
672 403 814 456 ornere
1140 389 1182 454 21

105 571 236 658 opponi,
248 593 356 659 quam
369 572 504 661 obliqui,
516 573 713 663 proindeque
723 574 994 664 perpendicularis
1009 574 1184 663 impulsum

105 681 191 739 recte
204 675 410 757 continuari,
435 676 492 744 sed
513 677 678 764 obliquum
701 677 766 744 alio
787 678 984 766 detorqueri3
1009 678 1063 746 rel
1084 701 1185 745 asser-

106 775 227 842 tionem
243 777 360 866 ipsam
375 801 439 845 non
454 801 602 866 agnosco,
617 778 669 848 vel
684 801 749 845 non
763 780 899 846 admitto
914 780 1183 870 consequentiam.

3 865 5 925 i
106 879 289 948 Enimvero
306 882 339 956 si
355 905 413 972 per
434 882 516 949 illud
529 883 647 971 opponi
659 883 707 949 nil
722 882 811 948 aliud
824 883 939 950 volunt
950 906 1047 971 quem
1058 884 1184 952 realiter

106 982 215 1070 objici,
248 1007 313 1050 scu
344 987 471 1052 obstare
496 991 582 1052 recta
609 985 764 1072 pergenti,
795 1007 860 1051 non
889 985 994 1052 minus
1023 1008 1061 1053 eo
1089 983 1184 1052 modo

106 1087 301 1174 superficies
317 1090 388 1156 Er*
404 1090 574 1177 opponitur
588 1089 703 1155 baculo
724 1089 795 1170 01),
814 1112 911 1177 quem
935 1090 998 1178 ipsi
1012 1091 1095 1171 AB;
1118 1112 1185 1158 reo-

107 1205 177 1261 tum
207 1198 305 1264 enim
337 1199 407 1286 ejus
442 1221 644 1288 progroesum
679 1199 797 1287 pariter
833 1199 1002 1289 intercipit,
1040 1199 1184 1288 impedit,

107 1296 270 1368 demutet.
319 1301 442 1369 Verum
462 1303 491 1369 si
505 1323 602 1390 quem
616 1303 713 1368 aliam
727 1303 834 1370 nescio
848 1325 944 1391 quam
964 1304 1185 1391 imaginarium

107 1405 356 1489 oppositionem
378 1405 573 1492 intelligunt,
596 1405 678 1471 nihil
699 1405 793 1472 video
813 1405 900 1493 quod
921 1405 984 1472 buc
997 1406 1093 1473 faciat
1111 1406 1186 1472 inde

107 1506 308 1573 consectari.
354 1506 498 1574 Profecto
520 1529 587 1572 rem
616 1507 781 1586 abstracte,
805 1529 863 1573 nec
884 1516 921 1574 nt
940 1507 1187 1574 accidentarium

108 1607 190 1693 quid
209 1609 469 1691 immisceamus,
485 1608 704 1697 expendendo,
728 1610 811 1676 nihil
827 1611 942 1678 attinet
965 1611 1065 1677 ullam
1087 1610 1187 1678 medii

109 1720 241 1795 partem
265 1713 469 1779 considerare
489 1721 602 1800 praeter
623 1712 723 1793 illam,
747 1712 788 1779 ad
812 1735 909 1800 qnam
926 1735 1039 1802 corpus
1058 1736 1187 1802 progre-

111 1811 208 1880 diens
227 1826 292 1882 aut
309 1814 492 1904 propellens
511 1814 542 1881 ei
560 1815 714 1896 occurrit3
737 1815 807 1882 haec
829 1815 914 1882 enim
930 1816 998 1882 sols
1011 1814 1188 1883 resistendo

112 1917 301 2006 quicquam
317 1918 422 2000 efficit,
437 1928 494 1984 sut
507 1918 658 1986 cedendo.
705 1917 812 1999 Quare
835 1930 1023 2007 porrectam
1038 1919 1107 1986 DZ
1116 1941 1188 2009 pro-

112 2019 283 2104 gredienti
298 2021 450 2110 impulsui
465 2022 569 2088 solum
579 2033 734 2111 punctum
747 2021 782 2088 Z
786 2023 973 2111 opponitur3
995 2023 1189 2112 perindeque

113 2121 215 2192 fuerit
231 2125 363 2214 qualem
376 2125 501 2214 relique
519 2126 617 2192 medii
638 2125 820 2214 superficies
835 2127 975 2194 obtinere
997 2127 1094 2193 situm
1114 2148 1190 2192 con·

113 2228 272 2317 cipiatur.
326 2230 486 2298 Punctum
512 2240 619 2297 autem
640 2233 674 2296 Z
696 2253 786 2319 reque
812 2231 919 2319 pulsui
944 2231 1084 2298 venienti
1111 2254 1131 2297 a
1155 2231 1190 2296 D

112 2353 172 2418 per
193 2345 319 2402 rectam
339 2335 411 2414 DZ,
433 2343 530 2421 atque
551 2334 696 2402 tendenti
716 2357 774 2421 per
798 2342 917 2398 rectam
940 2335 1006 2399 ΖΚ
1021 2355 1133 2400 versus
1154 2333 1196 2398 K

116 2440 346 2519 contrariatur,
368 2460 407 2504 ac
428 2437 458 2502 ei
479 2439 535 2525 qui
553 2438 620 2503 aB
640 2460 697 2525 per
710 2438 774 2503 BZ
789 2437 961 2524 procedens
982 2438 1042 2502 iter
1064 2438 1190 2502 affectat

115 2561 177 2627 per
209 2543 281 2608 ΖΗ
303 2561 414 2608 versus
443 2541 488 2606 H.
533 2539 688 2627 Idemque
716 2540 757 2607 de
785 2539 918 2626 reliquis
941 2539 1038 2606 medii
1063 2539 1189 2627 punctis

116 2642 268 2729 intelligi
288 2665 347 2730 par
367 2653 425 2722 est,
441 2642 559 2730 quibus
579 2651 713 2729 uterque
734 2641 869 2707 baculus
890 2642 997 2730 ipsum
1019 2641 1188 2729 contingit,

115 2746 226 2812 antei
238 2743 423 2832 applicetur.
460 2743 575 2832 Itaque
588 2751 698 2811 revere
708 2766 766 2832 per
779 2745 945 2832 utriusque
956 2745 1070 2834 pulsus
1084 2745 1190 2832 quoad

118 2847 360 2937 oppositionem
385 2857 434 2914 est
462 2847 561 2928 ratio;
584 2847 761 2937 similisque
789 2848 922 2936 proinde
947 2848 1116 2936 utrobique
1140 2871 1190 2916 re·

121 2951 265 3019 sultabit
285 2949 431 3033 effectum
464 2950 594 3039 pulsnm
615 2974 730 3041 nempe
750 2961 836 3018 recto
857 2952 983 3018 tramite
1009 2950 1062 3019 vel
1087 2962 1190 3018 trans-

122 3055 263 3136 mittere,
278 3054 333 3120 rel
342 3054 480 3143 rejicere.
518 3052 638 3122 Verum
653 3054 747 3143 longe
758 3077 849 3122 secus
861 3054 986 3122 eveniet
997 3055 1025 3120 si
1039 3055 1189 3124 baculum

124 3158 263 3227 eltemm
273 3158 449 3246 obliquum,
460 3180 519 3225 seu
526 3159 594 3225 ΡΙ)
601 3160 635 3225 Y
635 3161 672 3240 Q,
683 3183 756 3227 cum
766 3161 837 3248 ipso
846 3161 978 3226 ABYZ
983 3159 1189 3226 conferemus.

125 3261 262 3331 Etenim
283 3263 463 3350 superficies
477 3265 543 3328 Er
562 3264 669 3330 baculi
689 3264 821 3330 ABYZ
836 3264 947 3344 motui,
966 3263 1018 3330 vel
1036 3263 1189 3352 impulsui

126 3367 235 3455 magis
263 3366 443 3454 opponitur,
467 3376 524 3432 aut
545 3367 682 3448 obsistit,
705 3389 804 3454 qnam
829 3367 930 3433 motui
955 3365 1008 3432 vel
1036 3363 1189 3454 impulsui

125 3469 236 3537 baculi
252 3471 397 3551 PDYQ.
442 3469 602 3550 Quoniam
616 3468 667 3534 illi
688 3470 748 3536 toti
764 3491 838 3534 eum
860 3473 929 3534 tort
944 3467 996 3534 sui
1010 3479 1101 3555 parte
1125 3470 1188 3549 YZ,

128 3571 207 3638 huic
220 3593 297 3638 vero
309 3581 434 3637 tantum
448 3593 491 3637 ex
505 3579 595 3658 parte
617 3569 650 3634 Y
665 3568 830 3650 renititur;
854 3592 872 3636 e
892 3574 956 3657 qut
975 3568 1190 3658 discrepantia

127 3674 306 3741 necessario
327 3673 435 3761 dispar
453 3674 584 3739 effectus
604 3682 823 3759 consequetur,
845 3682 882 3737 nt
903 3671 1054 3760 nimirum
1076 3671 1189 3759 pulsus

128 3788 187 3844 aut
208 3787 314 3842 motus
334 3775 465 3842 directio
478 3784 629 3842 mutetur.
675 3775 771 3855 Quod
791 3773 961 3842 discrimen
976 3797 1012 3840 eo
1028 3774 1190 3841 lubentius

129 3881 257 3961 adnoto,
288 3880 439 3967 quoniam
469 3879 530 3945 hoc
559 3879 694 3946 arbitror
717 3879 811 3946 modo
841 3879 905 3966 (vel
928 3877 1079 3962 adsimili)
1107 3877 1189 3944 lucis

129 3981 235 4050 radice
256 3981 383 4048 diverso
404 3981 509 4048 medio
529 3981 658 4067 oblique
681 3981 864 4063 incidentes,
887 3981 977 4046 velut
997 3979 1187 4070 experimur,

129 4085 268 4164 inflecti;
290 4083 405 4149 saltem
427 4106 464 4150 eo
488 4084 665 4170 spectantia
685 4082 766 4149 lucis
781 4083 941 4171 praecipua
963 4091 1186 4170 symptomata,

128 4188 232 4256 tribus
260 4208 353 4276 porro
378 4186 584 4274 subjiciendis
607 4186 840 4274 hypothesibus
866 4186 1100 4276 comprehensa,
1129 4185 1187 4252 vix

128 4289 195 4356 elit
214 4289 336 4356 ratione
357 4289 554 4355 commodius
575 4288 739 4376 explicari.

195 4493 263 4565 XI.
304 4496 338 4564 4.
382 4494 498 4565 Omnis
526 4495 609 4564 redii
642 4493 743 4566 lucidi
773 4495 907 4586 inflecte
945 4495 1019 4582 (hoc
1051 4496 1188 4568 subinde
