3167 5192
322 411 385 474 242
662 420 848 472 uncrrouns
870 419 1143 472 uaruurrrrron.
1297 406 1399 492 [amr.
1412 424 1463 471 rr.
1552 411 1553 418 ’

322 594 413 661 Varii
440 601 515 659 suut
540 592 574 673 ii,
600 591 657 658 sed
677 613 736 658 nos
758 592 935 681 precipuos
956 590 1081 679 aliquos
1102 590 1258 679 cogitanti
1279 599 1378 657 semet
1397 589 1467 677 obji-

322 696 440 763 cientes
455 695 713 782 perstringemus.
1054 708 1060 719 ·

391 808 419 865 l.
457 796 691 885 Comparantur
705 797 789 863 inter
804 797 1051 883 se'homogenea
1064 807 1184 884 quauta
1197 805 1360 883 utcunque
1371 795 1468 882 ignota

323 912 356 970 et
370 902 586 982 determinata,
604 924 676 967 cum
691 900 776 967 notis
796 911 829 968 et
845 901 1080 981 determinatis3
1104 900 1165 966 hoc
1182 910 1240 980 est,
1262 909 1469 965 mensurantur

324 1004 437 1093 primo,
457 1028 513 1092 per
532 1028 653 1070 merum
674 1004 875 1070 ratiocinium
894 1004 1036 1092 ipsorum
1056 1004 1274 1092 proportiones
1293 1001 1468 1089 indagando.

326 1105 381 1173 Sic
395 1130 437 1172 ex
452 1107 541 1172 radio
563 1107 636 1172 dato
658 1105 781 1192 colligit
803 1105 975 1172 Geometra
992 1116 1147 1194 quantum
1169 1105 1212 1170 sit
1233 1105 1319 1170 latus
1339 1104 1468 1191 inscripti

324 1208 477 1295 regularis
492 1209 618 1296 trigoni,
635 1208 880 1277 demonstrando
895 1208 1016 1275 seilicet
1029 1233 1048 1274 e
1061 1202 1127 1274 suis
1146 1208 1321 1296 principiis,
1336 1207 1420 1294 qnod
1435 1207 1470 1271 sit

324 1312 468 1399 potentia
488 1312 620 1398 triplum
643 1310 734 1377 radii.
765 1310 838 1385 ¹Sic
863 1322 960 1376 etex
985 1310 1113 1377 aliunde
1138 1310 1289 1398 praenotis
1314 1321 1470 1396 apparente

325 1412 426 1479 Lunae
442 1412 605 1494 diametro,
618 1412 782 1501 Lunaeque
798 1413 951 1478 distantia
966 1414 1007 1479 eb
1022 1412 1124 1493 oculo,
1137 1422 1257 1499 quanta
1270 1411 1314 1476 sit
1327 1412 1397 1499 ejus
1407 1432 1471 1476 vera
1552 1391 1553 1406 ,

327 1516 488 1598 diameter,
508 1517 646 1584 declarat
666 1538 724 1605 ope
742 1517 873 1583 canonis
891 1517 1029 1597 sinuum,
1054 1515 1262 1583 Geometricis
1277 1538 1296 1580 e
1310 1514 1471 1581 ratiociniis

326 1622 509 1688 constructi.
554 1621 620 1687 Hic
634 1621 748 1688 modus
763 1621 892 1686 omnino
907 1621 1097 1687 theoreticus
1113 1629 1170 1699 est,
1187 1630 1296 1707 utpote
1310 1642 1373 1706 quo
1385 1640 1473 1706 gene·

325 1724 401 1790 ralis
430 1726 646 1813 quantitatum
675 1725 831 1791 dimensio
861 1725 1031 1814 perficitur,
1056 1748 1153 1812 quam
1182 1724 1251 1791 sola
1275 1724 1356 1790 ratio
1378 1732 1472 1811 potest

326 1827 500 1914 attingere:
516 1829 648 1916 proinde
659 1828 772 1894 modus
786 1828 839 1893 hic
854 1828 1010 1915 perfectus
1023 1839 1056 1895 et
1070 1828 1113 1894 ad
1126 1828 1261 1914 rigorem
1278 1838 1407 1894 exactus
1420 1836 1470 1891 eet

394 1938 422 1995 2.
462 1929 617 2009 Secundo,
630 1952 687 2017 per
701 1931 802 1997 solam
817 1932 999 2018 organicam
1013 1932 1251 2012 dimensionem,
1261 1953 1334 2017 qua
1347 1928 1472 1996 deservit

327 2028 507 2118 ignotorum
523 2034 754 2120 quantitatibus
769 2035 811 2100 ad
825 2045 918 2101 certae
931 2057 1089 2101 mensurae
1105 2057 1252 2101 numeros
1273 2033 1471 2110 adducendis3

328 2132 400 2199 istis
415 2135 590 2221 prasertim
605 2158 677 2223 quae
696 2148 858 2224 nequeunt
875 2162 896 2202 a
914 2159 1019 2217 sensu,
1035 2137 1199 2203 commode
1221 2136 1333 2203 saltem
1355 2147 1387 2201 et
1406 2135 1472 2201 satis

328 2248 471 2303 accurate
486 2237 647 2304 aestimari.
678 2238 730 2303 Ita
744 2262 834 2305 arcus
849 2248 882 2305 et
895 2238 1031 2326 angulos
1045 2262 1101 2327 per
1115 2238 1306 2326 quadrantes
1319 2238 1471 2305 eirculm

328 2339 363 2405 in
381 2340 498 2424 gradus
518 2350 550 2406 et
567 2341 691 2407 minuta
709 2340 906 2422 distributas,
923 2342 1139 2428 longitudines
1158 2351 1265 2408 autem
1283 2364 1343 2429 per
1359 2340 1471 2429 regulas

329 2453 361 2509 et
376 2444 475 2510 scalas
495 2444 530 2510 iu
549 2444 687 2531 aequales
706 2443 878 2533 particulas
897 2454 1059 2533 utcunque
1078 2444 1199 2511 divisas
1218 2447 1377 2512 metimur.
1416 2442 1470 2509 Hic

1552 2519 1553 2526 r

1552 2533 1554 2540 r

328 2547 443 2614 modus
457 2548 541 2615 circa
555 2548 624 2614 sola
639 2557 758 2635 quanta
774 2548 951 2635 singularia
968 2560 1120 2630 versatur,
1137 2560 1170 2617 et
1189 2572 1268 2637 pure
1283 2547 1469 2616 mechanicus
1552 2565 1553 2568 ’

329 2660 389 2730 est,
404 2674 463 2717 nee
477 2652 548 2717 ideo
563 2652 738 2741 plerunque
752 2652 903 2740 praecisus
918 2663 950 2719 et
964 2664 1137 2720 accuratus.

397 2763 426 2820 3.
472 2754 600 2820 Tertius
619 2766 723 2821 autem
744 2753 858 2821 modus
878 2778 935 2843 per
952 2754 1123 2837 discursus,
1139 2766 1172 2823 et
1188 2756 1347 2843 organicae
1364 2756 1470 2822 dimen-

331 2856 440 2935 sionis,
459 2858 576 2924 mentis
593 2867 626 2924 et
644 2881 767 2938 manus,
787 2860 971 2947 conjunctas
988 2859 1151 2948 peragitur
1168 2882 1289 2948 operas.
1334 2858 1396 2939 Qui
1411 2857 1468 2946 qui·

332 2957 404 3022 dem
424 2960 581 3044 practicus
596 2970 653 3041 est,
670 2971 702 3027 et
723 2972 867 3028 versatur
888 2962 970 3028 ciros
991 2961 1035 3029 τὰ
1050 2960 1127 3028 καθ’
1149 2962 1296 3042 ἕκαστον,
1312 2962 1359 3028 sic
1378 2972 1468 3028 umen

331 3472 547 3561 mechanicam
565 3473 757 3563 αὐτουργίαν
772 3475 939 3556 desiderat,
956 3477 1111 3542 caducum
1125 3489 1157 3543 et
1171 3478 1335 3559 mutabile,
1350 3473 1467 3566 peoostis

332 3584 364 3640 et
379 3577 536 3643 erroribus
551 3578 735 3645 obnoxium.
782 3578 855 3645 Hoc
871 3578 966 3644 modo
988 3579 1105 3645 nedum
1128 3579 1224 3646 obria
1245 3603 1377 3669 quaeque
1391 3576 1468 3645 uobis

333 3680 374 3745 ob
386 3680 501 3764 oculos,
515 3683 707 3771 antepedes,
720 3684 804 3748 intra
815 3694 994 3749 contactum
1006 3684 1119 3773 posita,
1134 3684 1190 3750 sed
1201 3694 1234 3751 et
1244 3708 1294 3752 res
1307 3686 1468 3751 irmumeras

330 3070 367 3124 ut
381 3061 576 3144 generalium
591 3064 820 3129 theorematum
835 3088 926 3153 opem
942 3066 1115 3147 adsciscat3
1136 3066 1222 3132 unde
1237 3066 1317 3154 pede
1331 3066 1468 3132 effigiat
1551 3009 1552 3088 l

332 3183 405 3240 unc,
423 3164 478 3229 sed
493 3163 591 3230 altero
606 3174 709 3230 rectus
724 3176 756 3229 et
770 3178 873 3233 certus
888 3168 1014 3248 incedit,
1030 3167 1253 3255 heroicumque
1273 3170 1366 3235 refert
1383 3185 1467 3254 genus

332 3276 487 3350 quatenus
507 3264 699 3334 Geometrise
720 3269 847 3355 regulas
869 3271 1010 3352 adhibet,
1030 3271 1231 3338 divinitatem
1248 3272 1404 3359 quandam
1423 3269 1468 3333 ha·
1550 3263 1551 3338 l

332 3370 421 3449 bens,
434 3380 558 3437 aeternae
574 3382 605 3438 et
619 3372 843 3439 indefectibilis
858 3376 1000 3441 veritatis
1014 3377 1191 3464 particeps3
1211 3388 1367 3464 quatenus
1379 3386 1467 3440 autem
1550 3347 1551 3434 l

332 3784 478 3851 manibus
500 3784 726 3866 intractabiles,
748 3785 895 3873 vestigiis
916 3787 1032 3853 nostris
1054 3787 1234 3875 impervias,
1257 3788 1322 3854 imo
1343 3786 1469 3854 sensibus
1549 3779 1550 3848 ἒ

331 3885 410 3973 ipsis
426 3888 611 3971 inaccessas,
628 3901 660 3956 et
674 3890 732 3957 vix
751 3890 858 3956 auimo
876 3892 958 3957 bene
972 3891 1283 3979 comprehensibiles,
1300 3890 1468 3977 attingimus
1549 3883 1550 3964 l

333 4012 369 4055 ac
384 3990 583 4074 dimetimur;
603 3992 725 4060 telluris
740 3994 987 4082 profunditatem
1001 4005 1033 4063 et
1048 3996 1214 4076 ambitum,
1230 4006 1383 4062 astrorum
1392 4012 1468 4075 meg·

386 4252 420 4315 (l)
457 4249 499 4319 By
510 4251 662 4321 reasouiug.

384 4336 418 4403 (t)
453 4334 698 4404 Byinstrumental
716 4343 926 4394 measurement

384 4422 419 4487 (3)
455 4418 524 4489 Bya
541 4420 726 4477 combination
742 4422 774 4477 of
788 4423 869 4479 thess
885 4428 947 4479 tuo.

384 4503 437 4561 We
453 4521 503 4560 can
521 4504 587 4561 thus
604 4520 728 4562 meoenre
745 4508 922 4565 inaccessible
938 4508 1051 4579 objecta
