3167 5192
115 377 215 429 uror.
233 364 285 449 x]
463 378 649 431 maurosus
671 378 945 431 narunusrron.
1217 360 1280 429 163

114 572 157 617 ex
167 550 378 639 praeeedanet
391 550 542 639 qutpiam
557 549 774 639 suppositione
788 570 857 617 sese
871 570 935 617 non
950 548 1163 635 contingunt)
1178 546 1280 633 linea,

115 654 313 741 superficies,
328 666 385 721 aut
398 676 529 742 corpora
546 654 744 742 (respective)
761 653 886 741 possint
901 653 1069 741 interponi.
1115 652 1281 719 Vicissim·

113 780 176 843 que
198 768 341 845 ponatur
358 756 506 845 quamvis
524 757 779 843 magnitudinem
799 756 938 844 spatium
960 778 1120 845 occupare,
1141 756 1202 829 luoc
1222 768 1280 839 est,

112 862 219 948 ipsam
234 860 321 927 inter
334 860 502 947 contiguas
516 860 754 946 magnitudines
767 883 833 925 non
847 882 940 948 posse
954 860 1109 941 collocari,
1122 860 1178 927 sed
1193 860 1281 950 adja-

113 976 221 1031 centes
247 965 399 1052 utrinque
422 963 658 1051 magnitudines
687 964 728 1030 ab
758 965 830 1051 ipat
858 962 963 1029 dirimi
989 974 1022 1031 et
1047 964 1198 1052 elongari,
1222 989 1280 1054 pro

113 1067 210 1134 modo
225 1066 342 1156 positae
356 1066 599 1153 magnitudinis.
643 1064 787 1132 Ponatur
802 1066 898 1131 etiam
913 1065 1038 1135 nullum
1053 1066 1109 1131 uni
1125 1067 1280 1154 singulari
1412 1092 1420 1099 ·

112 1171 337 1258 magnitudini
351 1171 490 1258 spatium
504 1169 641 1256 alligari,
662 1168 719 1235 sed
732 1170 775 1236 ab
789 1168 963 1234 innumeris
978 1169 1050 1235 aliis
1069 1170 1136 1258 (pro
1151 1173 1280 1240 modulo

112 1297 180 1356 suo,
201 1298 247 1342 ac
265 1273 524 1361 magnitudinum
541 1272 833 1359 circumpositarum
851 1271 1026 1361 exigentit)
1048 1297 1141 1363 posse
1158 1298 1282 1342 succes·

113 1376 191 1456 sive,
207 1376 310 1443 sicuti
327 1398 378 1443 res
396 1374 485 1455 feret,
505 1374 691 1461 adimpleri:
726 1378 787 1460 (est
808 1374 893 1441 anim
917 1375 1065 1462 spatium,
1087 1387 1124 1443 ut
1145 1378 1281 1445 antehac

112 1481 314 1568 expositum,
335 1502 401 1545 nou
421 1477 590 1567 peculiaris
610 1478 729 1566 aliqua,
749 1477 807 1544 sed
822 1478 1054 1566 quodammodo
1073 1480 1230 1566 generalis
1248 1494 1281 1549 et

112 1584 288 1652 indefinita
308 1584 467 1671 capacitas
474 1583 497 1666 ι)
521 1604 580 1648 nec
601 1605 666 1648 non
687 1582 854 1671 reciproce,
875 1583 961 1671 quod
982 1582 1072 1650 nulla
1093 1584 1280 1671 magnitudo

114 1688 276 1776 singulari
291 1686 430 1775 cuipiam
445 1685 548 1773 spatio
563 1685 765 1773 astringetur.

177 1789 303 1855 Adhuc
317 1799 462 1877 ponatur,
477 1787 531 1855 rel
544 1798 581 1854 ut
595 1787 824 1853 consectarium
838 1809 856 1853 e
871 1785 963 1854 dictis
979 1786 1107 1855 axioma
1119 1800 1280 1879 utcunque

113 1895 303 1975 affirmetur,
330 1892 424 1974 Quod
449 1892 556 1981 plures
577 1890 816 1979 magnitudines
838 1892 924 1959 idem
953 1891 1092 1982 spatium
1121 1906 1281 1984 nequeant

114 1998 216 2065 simul
245 2020 399 2085 occupare
430 1996 607 2084 (adaequate
636 1995 782 2081 scilicet).
826 1994 912 2063 Nam
937 2008 1026 2063 actus
1048 1997 1153 2086 plures
1183 2000 1279 2065 etiam

114 2102 227 2191 plnres
240 2110 380 2188 arguunt
393 2100 569 2189 potentias;
591 2098 644 2165 val
658 2122 741 2165 uuus
755 2108 845 2167 actua
859 2100 986 2167 unicam
1001 2102 1175 2189 potentiam
1190 2104 1281 2189 peni·

115 2215 167 2271 tus
180 2204 297 2294 explet
310 2227 348 2270 ac
360 2204 528 2284 exhaurit,
546 2226 622 2291 ergo
636 2203 744 2291 plures
758 2202 995 2290 magnitudines
1010 2204 1102 2292 plura
1114 2204 1280 2292 requirunt

116 2308 298 2396 spatiare]
312 2330 378 2373 una
390 2305 579 2393 magnitudo
594 2315 694 2371 totam
709 2306 804 2373 unius
819 2306 914 2394 spatii
930 2307 1169 2374 constitutivam
1184 2330 1279 2395 capa·

115 2412 249 2479 citatem
269 2412 410 2479 devorat.
457 2409 549 2479 Sicut
571 2408 742 2475 existentia
767 2408 855 2475 Petri
883 2418 982 2474 totam
1008 2408 1095 2476 Petri
1118 2410 1280 2499 possibili·

117 2528 218 2585 tatem
237 2516 376 2604 complet
389 2525 422 2582 et
436 2513 529 2603 quasi
547 2512 652 2593 satiat,
673 2512 812 2579 efficiens
832 2535 872 2578 ne
892 2512 995 2600 possit
1012 2511 1095 2577 alius
1113 2512 1198 2578 idem
1219 2535 1279 2578 nu·

117 2644 205 2689 mero
219 2621 335 2687 Petrus
353 2618 499 2686 existere.
543 2616 626 2683 Item
641 2621 705 2704 qut
723 2615 847 2682 ratione
867 2613 973 2703 plures
988 2615 1104 2702 aliquae
1118 2615 1279 2702 magnitu-

117 2725 209 2792 dines
224 2746 327 2791 unum
340 2720 479 2811 spatium
493 2730 658 2809 occupant,
668 2718 780 2787 etdem
795 2717 951 2805 quotlibet
965 2716 1036 2785 oliae
1051 2728 1181 2806 possent
1194 2717 1278 2784 idem

119 2829 199 2897 illud
213 2829 355 2917 spatium
368 2848 539 2915 occupare3
562 2823 648 2891 unde
661 2832 730 2889 tota
742 2820 975 2909 magnitudinis
995 2820 1157 2908 possibilis
1172 2819 1279 2887 infini-

119 2943 168 2999 tas
181 2932 218 2999 in
231 2954 333 2999 unum
350 2929 515 2997 hordeacei
533 2925 630 3013 grani
647 2924 787 3013 spatium
806 2924 907 3011 possit
924 2922 1091 3005 coarctari5
1114 2922 1201 3012 quod
1222 2924 1279 2991 ab·

121 3060 235 3105 sonum
248 3035 467 3113 etabhorrens
481 3032 608 3099 videtur
621 3053 642 3096 a
656 3035 734 3096 sant
747 3029 879 3096 ratione.

183 3141 326 3209 Demum
345 3162 388 3206 ax
408 3160 447 3205 eo
468 3134 556 3224 quod
576 3133 661 3201 idem
683 3133 824 3221 spatium
845 3131 1009 3199 obtineant
1029 3130 1276 3219 magnitudines,

121 3242 376 3309 terminationem
396 3239 493 3307 etiam
514 3246 548 3305 et
568 3235 797 3315 extensionem,
823 3242 855 3300 et
876 3234 1014 3322 reliquas
1039 3233 1090 3299 his
1116 3256 1278 3301 connexas

121 3342 351 3435 magnitudinis
379 3340 560 3411 affectiones
593 3338 799 3427 possidebunt
828 3338 965 3418 easdem,
995 3338 1137 3425 adeoque
1170 3335 1277 3425 plures

123 3448 184 3517 illa
202 3469 332 3537 prorsus
346 3446 484 3514 evadent
497 3443 634 3522 eaedem3
657 3452 771 3529 prater
789 3440 876 3507 enirn
894 3441 973 3507 istas
991 3438 1173 3505 affectiones
1190 3436 1277 3525 quod

123 3550 374 3640 magnitudinem
389 3548 560 3617 constituat
574 3552 630 3612 aut
644 3544 831 3631 distmguat,
847 3543 895 3609 nil
909 3542 1006 3609 ferme
1017 3540 1187 3628 quicquam
1202 3562 1278 3607 con-

124 3656 267 3745 cipimus,
293 3664 349 3723 aut
371 3655 484 3743 opinor
506 3650 670 3738 concipere
691 3670 870 3737 possumus.
916 3646 1073 3713 Caeterum
1097 3642 1184 3732 quod
1207 3642 1277 3711 haee

125 3768 279 3848 postrema
295 3756 470 3847 suppositio
496 3757 566 3842 (seu
582 3752 655 3841 quis
673 3751 766 3819 malit
787 3750 927 3835 axioma)
948 3746 1136 3837 pronunciat
1158 3755 1190 3813 et
1210 3768 1277 3834 prae

125 3864 249 3945 refert,
275 3861 413 3950 exprimi
437 3859 518 3928 solet
539 3856 844 3946 rotpenetodslitotc'a
867 3851 1032 3933 vocabulo,
1055 3850 1106 3918 cui
1129 3850 1277 3918 nonnulli

127 3968 238 4053 primas
251 3978 359 4057 partes
372 3964 516 4033 deferunt
529 3961 612 4029 inter
630 3959 737 4028 omnia
755 3956 987 4046 magnitudinis
1003 3956 1163 4037 attribute,
1179 3976 1276 4043 quam

176 4249 283 4305 Several
293 4248 470 4318 maguitudes
481 4250 583 4304 munet
593 4261 696 4318 oocupy
707 4245 756 4303 the
767 4259 843 4300 same
855 4258 942 4314 space.

178 4336 207 4390 lt
219 4340 273 4391 two
288 4334 467 4404 maguitudes
476 4334 547 4391 have
560 4333 610 4391 the
626 4348 701 4390 same
711 4330 880 4389 boundaries
890 4330 957 4400 thoy
969 4328 1037 4385 have
1049 4328 1098 4386 the
1110 4344 1185 4385 samo
1197 4326 1275 4383 affec-

131 4419 399 4492 tonotmagnituda

177 4508 240 4566 t'tts
249 4510 275 4567 is
285 4507 538 4581 impenetrabilior:
