3167 5192
102 420 189 470 men.
205 406 277 491 ru]
421 424 607 475 memoras
630 424 903 474 errassemus.
1183 402 1247 471 235

101 590 170 657 sicis
191 593 297 660 innuit
313 594 512 675 Aristoteles,
536 595 570 661 ἓν
592 594 647 661 καὶ
667 592 871 682 ἀδιαίρετον,
891 595 1014 661 nullam
1036 592 1248 661 differentiam

99 704 150 759 aut
170 694 370 762 latitudinem
389 697 548 777 admittat,
571 708 621 763 ast
643 698 856 785 quantitatem
878 698 995 763 habeat
1015 698 1191 775 immotam,
1213 706 1247 760 et

98 795 224 861 velutin
238 807 356 883 puncto
371 798 587 865 constitutam.
632 798 788 885 Alioquin
809 823 865 887 per
884 800 1151 887 comparationem
1171 820 1246 862 cum

98 899 161 986 ipat
174 914 363 967 mensurata
381 902 427 968 rei
442 904 532 989 justa
549 904 711 989 quantitas
729 903 880 968 aestimari
900 926 965 969 non
977 902 1108 991 poterit3
1131 912 1166 966 at
1179 923 1244 966 non

97 1002 192 1069 minus
212 1004 317 1069 adhuc
336 1006 464 1086 incerta,
485 1006 737 1085 indeterminata,
759 1005 871 1091 ignota
888 1004 1099 1093 permanebit.
1142 1001 1242 1069 Unde

97 1105 236 1193 quicquid
250 1130 368 1195 anceps
383 1107 574 1193 significatu,
590 1105 642 1175 vel
657 1113 771 1173 natiue
785 1108 909 1174 varium
930 1121 988 1188 est,
1009 1118 1139 1173 eatenus
1153 1113 1244 1171 men4

97 1231 166 1273 sura
188 1211 309 1297 respuit
335 1210 481 1277 officium.
527 1209 568 1275 E.
584 1234 616 1297 g.
640 1232 707 1297 pes,
735 1233 792 1298 pro
819 1210 952 1275 humani
977 1210 1068 1298 pedis
1092 1208 1241 1288 modulo;

96 1313 209 1397 palmus
223 1324 279 1379 aut
294 1314 433 1393 cubitus,
453 1314 576 1399 (itidem
592 1315 752 1383 humanus
762 1317 783 1399 3)
801 1313 925 1380 miliare
940 1325 1102 1402 sumptum
1116 1310 1242 1377 ‹inobd-

96 1446 156 1501 τως,
174 1424 248 1506 (non
262 1421 454 1509 adponenda
469 1421 707 1501 Germanicum,
717 1421 875 1502 Italicum,
885 1421 1061 1508 Anglicum
1070 1421 1091 1505 3)
1108 1430 1141 1487 et
1155 1442 1244 1506 quae·
1342 1500 1347 1509 ¹

97 1522 163 1589 libet
186 1525 262 1591 talia
285 1548 353 1590 non
378 1535 454 1591 sunt
475 1525 578 1611 rigide
602 1524 759 1611 loquendo
783 1548 956 1605 mensurae3
983 1524 1134 1611 quoniam
1160 1524 1243 1588 inter

97 1625 231 1695 Herculis
246 1628 412 1714 clavigeri,
428 1627 590 1715 telumque
608 1628 762 1714 gestantis
778 1627 988 1693 arundineum
1004 1626 1152 1713 Pygmaei
1170 1626 1241 1713 pal·

96 1751 179 1809 mum,
202 1731 359 1811 cubitum,
383 1730 496 1817 pcdem
523 1731 662 1795 immane
685 1742 841 1817 quantum
867 1740 1011 1795 versatur
1036 1728 1240 1794 discriminis.

96 1830 153 1897 Nec
170 1834 299 1921 proinde
323 1834 377 1920 qui
396 1834 589 1921 propositam
609 1833 844 1919 longitudinem
860 1832 1041 1920 bipedalem
1063 1853 1132 1897 esse
1151 1832 1238 1913 dicit,

98 1935 202 2023 aliquid
219 1961 255 2003 eo
270 1948 394 2003 certum
414 1935 574 2022 indigitat,
595 1935 658 2000 nisi
678 1959 773 2022 quem
793 1959 892 2003 unum
913 1935 1106 2023 praefinitum
1126 1935 1238 2023 pedem

98 2038 248 2129 intelligat,
275 2051 504 2107 commonstret
526 2039 727 2128 explicatius.
772 2039 898 2127 thui
921 2038 1001 2104 duas
1026 2039 1121 2104 urbes
1144 2040 1241 2105 unius

98 2142 211 2208 miliaria
224 2143 397 2209 intervallo
418 2142 592 2229 disjrmctas
612 2141 811 2227 pronunciat,
831 2140 919 2206 illius
936 2140 1096 2207 distantia
1112 2143 1242 2228 quanti·

99 2256 180 2311 tatem
198 2270 260 2314 non
275 2246 442 2334 exprimit,
465 2245 527 2310 nisi
549 2244 710 2332 quodnam
731 2267 750 2310 e
772 2243 933 2331 praedictis
955 2241 1079 2309 miliare
1099 2245 1238 2332 respicit,

98 2347 279 2434 adsignificet
307 2350 468 2429 disertius,
499 2359 531 2413 et
559 2346 794 2412 indeterminati
824 2345 973 2411 vocabuli
1002 2368 1131 2413 sensum
1160 2349 1240 2415 satis

98 2453 257 2539 restringat.
304 2454 391 2518 Item
406 2452 434 2517 si
449 2450 521 2537 quis
541 2450 774 2535 longitudinem
795 2447 955 2535 quandam
974 2449 1135 2535 exaequari
1155 2449 1241 2516 dicat

99 2552 238 2623 distantiae
260 2558 339 2623 solis
361 2580 382 2620 a
403 2566 509 2621 centm
530 2566 630 2633 terrae,
653 2552 738 2617 nihil
759 2552 847 2630 dicit,
870 2551 934 2616 nisi
950 2561 1102 2638 praetcrea
1118 2550 1239 2634 doceat,

99 2679 178 2741 quam
191 2661 268 2725 velit
283 2659 481 2738 distantiam,
497 2679 671 2746 apogeeam,
687 2678 729 2721 an
744 2654 924 2743 perigaeam,
943 2678 986 2719 an
1004 2652 1118 2719 mediae
1135 2652 1242 2740 longi-

100 2761 211 2844 tudinis,
225 2788 266 2829 an
280 2764 381 2830 aliam
396 2762 543 2849 quamvis
563 2760 598 2825 in
617 2758 728 2825 solaris
743 2757 855 2825 orbitae
874 2756 1125 2823 circumferentit
1138 2757 1238 2823 fixam

100 2889 129 2932 ac
147 2870 391 2937 detenninatam.
436 2860 592 2954 Denique,
614 2867 642 2933 si
662 2866 734 2954 quis
753 2875 873 2930 rectam
892 2864 1009 2930 lineam
1026 2886 1133 2952 parem
1156 2866 1241 2929 affir-

101 2972 177 3038 marit
196 2973 285 3039 lineas
304 2984 401 3038 rectae
424 2994 443 3035 a
465 2980 572 3036 centro
594 2968 760 3055 cujusdam
782 2966 905 3053 ellipsis
927 2966 969 3033 ad
990 2967 1059 3053 ejus
1081 2967 1240 3033 ambitum

100 3086 250 3159 praetensa,
266 3075 456 3162 neutiquam
472 3098 513 3139 ex
528 3096 565 3141 co
580 3072 695 3160 poterit
710 3072 804 3137 istius
822 3082 916 3137 rectae
936 3071 1092 3136 dimensio
1106 3072 1236 3152 censeri,

101 3176 162 3260 quia
174 3179 284 3246 millies
298 3178 392 3245 mille
406 3177 487 3243 tales
502 3199 521 3241 a
536 3186 643 3241 centro
658 3174 779 3260 ellipsis
795 3172 908 3239 deduci
923 3181 1079 3261 potenmt,
1096 3173 1238 3259 longitu-

101 3273 162 3342 dine
175 3279 313 3363 dirersae,
335 3291 367 3346 et
382 3278 446 3346 sibi
460 3279 597 3365 impares
611 3287 703 3342 rectae
723 3276 825 3355 linere,
846 3298 1004 3362 quamque
1022 3298 1088 3362 prae
1107 3276 1238 3363 reliquis
1311 3357 1316 3364 .

102 3378 189 3467 signet
201 3384 263 3463 ille,
278 3384 345 3451 nisi
360 3382 477 3449 subdat
491 3380 631 3467 aliquam
647 3378 827 3444 ulteriorem
843 3376 1146 3458 determinationem,
1163 3401 1237 3444 con·

102 3496 169 3551 stare
180 3490 290 3574 poterit
303 3486 438 3554 nemini.

153 3586 242 3658 Porro
260 3590 448 3669 notandum,
470 3588 556 3676 quod
571 3610 635 3652 non
650 3584 745 3651 unius
765 3585 808 3651 sit
827 3583 925 3663 modi,
943 3582 1001 3648 sed
1019 3582 1159 3668 aliquam
1175 3582 1238 3647 dif-

102 3686 244 3759 ferentiam
261 3694 410 3761 admittat
424 3692 493 3758 baec
507 3690 726 3757 determinatio
746 3688 946 3777 quantitatis,
968 3686 1110 3771 adeoque
1128 3708 1238 3751 conse·

103 3814 186 3876 quens
198 3797 284 3864 illam
299 3818 455 3863 mensurae
473 3794 555 3861 ratio
574 3792 721 3859 nonnihil
741 3792 801 3858 erit
815 3791 951 3857 diversa.
996 3788 1082 3853 Nam
1101 3787 1165 3852 alia
1183 3787 1239 3854 dc·

104 3900 260 3968 terminatio
277 3898 512 3990 quodammodo
531 3896 686 3963 naturalis
708 3907 756 3961 cst
777 3906 810 3961 et
827 3892 1027 3971 universalis,
1048 3892 1111 3956 alia
1126 3891 1237 3978 singu·

105 3994 166 4067 laris
179 4014 207 4069 et
220 4026 346 4092 prorsus
361 4002 537 4071 arbitraria.
581 3998 777 4065 Naturaliter
789 4008 828 4063 et
846 3998 990 4083 generice
1011 3995 1239 4063 determinatur

576 4136 585 4168 ¹
602 4136 661 4185 Met.
676 4148 702 4185 x.
719 4150 739 4184 1.

503 4272 655 4279 ..μ-μ.--
675 4272 700 4277 -
721 4269 812 4276 ..—

148 4344 197 4402 Not
211 4366 259 4419 any
270 4350 371 4407 human
385 4351 444 4406 loct
455 4366 488 4407 or
498 4349 594 4416 cubit;
610 4364 663 4405 nor
678 4364 732 4419 any
743 4347 809 4403 mile
820 4346 957 4413 (German,
970 4341 1079 4411 Italian,
1092 4342 1205 4411 English
1215 4346 1240 4413 :)

107 4440 147 4481 nor
160 4446 205 4501 my
216 4435 334 4493 distmce
348 4438 380 4494 of
395 4437 444 4494 the
463 4453 513 4492 sun
531 4437 601 4491 from
619 4436 667 4492 the
684 4434 783 4503 eartb;
801 4433 855 4489 but
868 4448 886 4487 a
900 4429 1005 4486 certain
1021 4429 1116 4497 scota
1130 4428 1235 4484 certain

107 4512 551 4594 milaaoerun(mean)usanoe.
