3167 5192
358 380 424 447 354
695 351 882 443 uscrroaus
905 390 1175 439 urrunsmrron.
1296 374 1395 459 [secr.
1409 392 1483 439 xxu.

358 570 417 631 sut
445 562 517 650 lege
545 563 734 629 constrictus
764 563 924 630 tenebitur
949 562 1017 650 ipse
1041 562 1257 629 demonstrare
1279 561 1483 648 proprietatem,

359 690 456 754 quam
479 664 614 732 assumit
634 667 812 732 rationibus
835 665 1011 753 equalibus
1033 688 1215 752 congruere,
1236 688 1253 731 e
1273 664 1372 752 priore
1391 663 1484 729 scilicet

358 770 477 855 aliqua,
493 779 526 833 et
539 770 630 835 illam
644 792 737 857 porro
752 770 795 835 ab
810 769 884 849 alis,
900 769 1000 835 donec
1014 766 1259 835 interminabilis
1273 767 1417 833 molestia
1433 790 1485 853 per·

358 883 455 939 tessus
469 872 566 938 errori
580 895 638 938 suo
652 871 902 938 renunciandum
917 871 1092 957 agnoverit.

428 985 457 1041 l.
502 976 641 1041 Demum
659 975 700 1040 ad
717 975 812 1040 hosce
832 974 988 1060 Tacqueti
1008 973 1169 1039 discursus
1191 971 1366 1038 universim
1382 970 1485 1044 adnoto:

360 1076 480 1159 Primo,
500 1077 586 1165 quod
604 1078 724 1165 ubique
743 1077 936 1164 principium
955 1077 1044 1164 petit,
1066 1087 1098 1142 et
1117 1076 1253 1141 vitiosos
1272 1074 1430 1141 committit
1441 1074 1485 1139 cir-

358 1181 465 1248 culos:
496 1203 561 1247 non
586 1190 636 1247 est
659 1181 808 1268 proxima
832 1181 895 1266 (vel
918 1190 967 1245 cst
988 1180 1120 1263 remota)
1144 1180 1332 1267 proprietas,
1359 1179 1425 1265 qnia
1447 1177 1486 1241 dc·

358 1282 527 1349 monstrari
548 1292 661 1369 potest,
692 1282 753 1347 hoc
774 1292 833 1365 est,
864 1282 940 1368 qnia
961 1279 1054 1347 datur
1081 1280 1144 1346 alia
1164 1280 1312 1369 propior:
1341 1280 1424 1345 datur
1440 1279 1487 1343 elis

358 1386 494 1473 propior,
510 1386 587 1473 quia
601 1386 808 1451 demonstrari
823 1395 928 1473 potest
933 1410 941 1465 ;
963 1384 1177 1472 aequalitatem
1192 1385 1352 1451 rationum
1365 1406 1421 1449 non
1433 1404 1489 1447 con·

357 1488 465 1554 stituit
478 1488 547 1553 hmo
562 1488 736 1576 proprietas
757 1488 832 1574 (hoc
846 1497 904 1568 cst,
926 1488 995 1575 ejus
1016 1487 1235 1553 definitionem
1255 1486 1375 1573 ingredi
1388 1484 1485 1571 nequit)

357 1592 434 1681 quia
448 1592 554 1658 differt
568 1593 610 1657 ab
624 1616 671 1674 ea,
687 1614 752 1657 non
767 1592 850 1658 clare
865 1591 1069 1671 connectitur,
1089 1591 1183 1657 valde
1197 1601 1376 1659 removetur
1388 1590 1424 1655 ab
1435 1589 1487 1673 ejus

357 1701 481 1762 nature.
527 1695 574 1759 Et
588 1695 633 1759 ita
647 1695 776 1782 passim.

422 1808 452 1864 2.
498 1796 655 1877 Secundo,
671 1796 757 1883 quod
771 1820 829 1863 nec
844 1796 899 1862 ille
914 1819 973 1863 nec
988 1796 1044 1862 alii
1059 1797 1212 1885 plerique,
1229 1807 1380 1885 quantum
1389 1794 1485 1883 judico,

355 1897 550 1965 definitionis
569 1908 715 1963 naturam
730 1899 809 1964 satis
823 1898 1038 1986 perspiciunt3
1061 1900 1096 1965 in
1113 1901 1234 1986 quibus
1252 1904 1358 1967 reveri
1374 1896 1445 1963 nihil
1459 1895 1486 1958 fit

357 2000 446 2066 aliud
460 2022 557 2086 quam
572 2021 687 2065 nomen
701 1998 876 2088 imponitur
895 2000 950 2080 rei,
967 2012 1122 2087 quatenus
1137 2002 1194 2068 illa
1208 2002 1348 2091 passioni
1362 1998 1485 2087 subjacet,

359 2112 520 2189 utcunque
537 2124 594 2189 per
613 2125 742 2169 sensum
761 2114 818 2169 aut
839 2126 895 2191 per
916 2103 1116 2170 ratiocinium
1138 2106 1304 2171 evidenter
1327 2102 1484 2189 explorata:

355 2228 466 2271 verum
480 2204 678 2292 nescioquas
692 2206 741 2271 illi
756 2217 895 2287 naturas,
908 2206 1070 2286 essentias,
1086 2206 1294 2275 formalitatea
1309 2204 1483 2273 abstrusiores

354 2308 505 2395 cogitant,
527 2307 563 2371 in
584 2308 728 2395 apricum
749 2330 914 2395 nunquam
936 2309 1148 2396 proferendas.
1194 2310 1258 2377 Per
1279 2332 1356 2398 quas
1382 2316 1483 2373 naturas

355 2434 421 2481 rem
447 2410 489 2477 ad
513 2410 624 2479 vivum
647 2410 828 2491 resecando,
853 2410 1007 2476 dilucebit
1031 2435 1084 2477 eos
1107 2412 1189 2478 nihil
1212 2412 1303 2479 aliud
1326 2409 1481 2494 intelligere,

356 2536 453 2601 quam
475 2514 521 2580 rei
544 2514 681 2580 definitae
706 2514 839 2594 nomini,
863 2524 1019 2600 quatenus
1041 2514 1075 2579 in
1097 2538 1157 2581 usu
1178 2516 1339 2581 communi
1359 2520 1481 2582 venatur,
1533 2532 1534 2578 t

355 2616 580 2705 respondentes
609 2626 779 2704 conceptus
805 2626 860 2680 aut
884 2615 1081 2701 significatus
1110 2616 1236 2704 aliquos
1260 2616 1439 2705 imperfectos
1457 2620 1479 2674 et

355 2720 568 2801 indistinctos,
590 2721 626 2785 in
648 2720 787 2787 scientiis
809 2719 941 2785 minime
963 2720 1184 2808 respiciendos,
1207 2731 1243 2788 et
1268 2722 1309 2787 ad
1333 2714 1479 2785 condenda

356 2821 639 2889 demonstrationes
662 2823 806 2911 ineptos;
830 2821 872 2887 ad
889 2845 969 2909 quos
988 2824 1120 2909 proinde
1140 2824 1324 2893 nullatenus
1345 2816 1479 2907 exigenda

356 2933 431 2991 sunt
445 2922 662 2991 definitiones:
686 2924 751 2990 imo
765 2923 964 2991 secludendis
980 2936 1012 2991 et
1027 2926 1230 2994 eliminandis
1246 2929 1296 3009 iis,
1311 2927 1480 3014 ipsorumque
1532 2906 1533 2944 ¹

354 3024 424 3089 loco
438 3025 670 3091 substituendis
684 3050 789 3093 rerum
804 3027 907 3107 certis,
924 3027 1092 3109 distinctis,
1109 3040 1205 3116 etque
1220 3030 1314 3096 claris
1327 3027 1398 3093 ideis
1409 3023 1479 3089 effor-

353 3136 482 3193 mantur
501 3126 711 3209 definitiones,
732 3130 828 3195 rebus
848 3130 1086 3218 appropriantes
1106 3132 1247 3215 nomina,
1268 3144 1412 3220 quatenus
1430 3122 1478 3189 illa

355 3228 568 3316 subjiciuntur
582 3232 804 3299 affectionibus
823 3235 1015 3321 quibusdam
1035 3234 1076 3299 ad
1096 3258 1225 3301 sensum
1240 3236 1293 3303 vel
1310 3234 1349 3301 ad
1366 3226 1478 3297 intellec·
1531 3268 1532 3310 ς

354 3343 424 3399 tum
439 3333 627 3421 conspicuis.

421 3448 451 3507 3,
496 3437 582 3505 Noto
596 3440 698 3513 tertio,
713 3439 800 3527 quod
815 3440 997 3529 hujusmodi
1011 3442 1184 3508 ratiociniis
1198 3444 1350 3511 adductm
1364 3439 1479 3521 Tuoque·

356 3553 417 3622 tus,
428 3541 598 3629 aequelium
608 3541 766 3607 rationum
778 3542 994 3611 definitionem
1005 3544 1174 3630 assignarit
1185 3546 1353 3613 admodum
1361 3541 1477 3608 vitiosam
1530 3592 1531 3623 ,

354 3655 386 3709 et
412 3643 569 3713 inutilem
614 3643 673 3709 Ait
696 3644 780 3709 enim
803 3646 921 3731 aequari
944 3646 1089 3729 rationes,
1113 3670 1185 3713 cum
1207 3648 1302 3715 unius
1323 3638 1477 3713 anteoedens

353 3747 463 3813 eodem
479 3748 573 3814 modo
586 3747 726 3814 continet
740 3769 833 3812 suum
849 3770 1053 3836 consequens,
1074 3750 1126 3815 vel
1141 3750 1175 3815 in
1189 3774 1226 3817 eo
1242 3751 1413 3823 continetur,
1428 3762 1476 3827 qus>

354 3849 484 3917 alterius
504 3850 691 3917 antecedens
711 3872 805 3915 suum
823 3872 1019 3939 consequens
1041 3854 1189 3933 continet,
1204 3866 1258 3920 aut
1279 3852 1434 3920 continetur
1452 3844 1475 3905 in

407 4217 430 4265 l.
465 4210 609 4281 Taeqnet‘s
625 4212 778 4281 objections
795 4232 843 4271 are
860 4218 990 4273 avicious
1003 4218 1092 4275 circle.

404 4302 429 4350 2.
466 4296 513 4351 He
526 4298 593 4352 does
609 4302 658 4353 not
673 4300 846 4357 understand
861 4302 910 4357 the
926 4308 1025 4360 natiue
1041 4306 1102 4361 ota
1117 4306 1265 4363 definition.

403 4389 428 4438 3.
463 4384 608 4453 Tuoquet’s
625 4402 685 4441 own
703 4388 847 4445 definitior
865 4390 927 4445 that
945 4394 999 4447 two
1016 4394 1102 4449 retice
1118 4410 1166 4449 ere
1182 4394 1262 4465 aquil
1273 4392 1347 4448 ulrcn
1360 4386 1402 4442 the
1414 4382 1470 4435 mtt-

350 4467 451 4524 cedent
462 4470 586 4525 contains
598 4470 646 4525 the
657 4478 841 4542 consequente
854 4476 887 4529 r'n
901 4476 947 4531 tha
956 4494 1034 4531 rame
1045 4495 1176 4538 monerer.
