3167 5192
294 356 358 423 lte
629 370 817 421 necnonus
839 368 1114 420 unuuunnmcm.
1272 352 1383 437 [secr.
1402 370 1458 419 rx.

293 540 466 622 arconium,
483 551 521 607 ut
533 537 657 629 quoties
671 536 728 604 ille
740 534 881 603 eontinet
895 534 1000 615 istam,
1015 533 1109 603 toties
1127 532 1189 601 ista
1208 535 1463 623 comprehendat

294 644 403 710 hauc?
446 644 531 711 Cum
547 640 687 708 mundus
706 640 777 726 ipse
794 648 940 727 respectu
960 636 1088 705 alterius
1106 638 1230 719 mundi,
1250 662 1347 727 quem
1366 639 1462 706 Dens

293 747 427 813 condere
441 754 556 833 potest,
571 743 673 830 major
685 764 752 808 uon
765 741 809 807 sit
823 764 919 829 quam
934 742 988 807 hic
1006 741 1073 831 ipse
1087 750 1233 829 respectu
1247 742 1461 809 minutissimi

295 848 469 939 pulvisculi
487 847 541 914 vel
560 844 708 912 arenula.
753 844 858 931 Igitur
879 854 1021 911 oonsbre
1043 854 1148 932 potest
1167 854 1337 931 utrumque
1359 844 1463 933 (quod

296 952 400 1041 majus
415 962 447 1017 et
462 948 742 1038 quodminusest)
760 947 960 1034 expertibus
980 946 1122 1029 infinitis,
1144 948 1200 1014 sed
1221 947 1303 1014 illud
1324 970 1368 1015 ex
1392 970 1464 1013 ma-

290 1056 426 1143 joribus,
448 1054 510 1119 hoc
530 1074 572 1119 ex
591 1050 776 1131 minoribns,
798 1055 888 1115 tautt
906 1050 1029 1117 scilicet
1047 1050 1248 1139 proportione
1268 1052 1463 1133 miuon'bus,
1567 1084 1569 1129 1

296 1164 417 1247 quauta
430 1165 533 1223 totum
548 1155 609 1220 hoc
622 1153 679 1220 illo
693 1163 761 1219 toto
775 1151 882 1219 minus
897 1164 956 1219 est.

211 1326 215 1333 ,
362 1259 429 1327 Sed
443 1259 564 1324 instant
578 1279 679 1345 porro,
696 1254 809 1321 saltem
825 1278 866 1320 ex
881 1254 1052 1323 assertione
1067 1261 1176 1322 nostre
1189 1256 1289 1344 sequi,
1305 1256 1397 1345 quod
1413 1258 1465 1323 in·

294 1362 422 1428 finitum
443 1360 570 1426 infinito
592 1360 635 1425 sit
653 1357 827 1445 inaequale:
850 1380 1001 1425 numerus
1020 1358 1138 1447 quippe
1157 1360 1295 1447 partium
1316 1361 1351 1426 in
1373 1362 1466 1429 lines

297 1463 440 1553 bipedali
461 1462 578 1551 duplus
599 1462 660 1528 erit
681 1459 800 1526 infiniti
822 1461 946 1527 numeri
967 1462 1105 1549 partium
1126 1464 1291 1529 existentis
1313 1465 1347 1529 in
1373 1465 1467 1533 linet

297 1567 425 1657 pedali3
448 1566 606 1653 siquidem
628 1586 779 1630 numerus
801 1563 862 1629 iste
876 1562 1021 1651 quisquis
1044 1574 1092 1630 est
1113 1564 1200 1630 hunc
1220 1566 1466 1636 evidentissime
1568 1604 1569 1655 p

297 1671 349 1737 bis
369 1668 515 1735 includit.
560 1667 746 1735 Absurdum
765 1676 873 1732 autem
891 1666 1017 1733 videtur
1034 1666 1195 1734 inlinitum
1215 1669 1336 1751 excedi,
1356 1675 1465 1738 couti·
1568 1668 1569 1675 '

298 1773 377 1853 neri,
393 1769 609 1859 multiplicari.
647 1768 838 1857 Respondeo
853 1767 960 1850 etiam,
975 1769 1009 1834 in
1024 1768 1084 1835 hoc
1098 1768 1348 1838 adversariorum
1365 1796 1467 1863 argu-

298 1882 405 1941 mento
423 1872 578 1961 palmario
597 1870 788 1960 principium
806 1870 925 1959 repeti3
947 1871 1009 1937 hoc
1028 1882 1086 1953 est,
1102 1872 1188 1939 idem
1203 1896 1244 1939 ex
1258 1874 1372 1943 eodem
1388 1879 1466 1945 aliis

297 1976 404 2043 verbis
419 1974 541 2063 prolato
556 1972 680 2040 deduci.
725 1973 886 2040 Numerus
901 1974 985 2041 enirn
999 1975 1143 2042 infinitus
1162 1977 1210 2041 nil
1230 1978 1336 2043 innuit
1354 1976 1460 2058 aliud,
1568 2000 1569 2037 i

299 2102 396 2167 quam
409 2079 443 2144 id
458 2078 510 2144 cui
524 2076 673 2143 tribuitur
686 2099 780 2165 posse
795 2077 907 2157 dividi,
923 2078 975 2143 vel
992 2078 1116 2167 concipi
1136 2080 1274 2147 divisum
1295 2082 1330 2146 in
1350 2082 1465 2147 infini-

298 2192 386 2262 tum;
408 2182 441 2247 id
454 2180 541 2269 quod
554 2202 614 2247 nos
628 2180 798 2247 asserimus
813 2181 938 2268 utrique
952 2181 1045 2248 lincae
1060 2194 1125 2248 tam
1139 2183 1246 2272 pedali
1256 2206 1353 2271 quam
1370 2186 1465 2272 bipe-

300 2287 365 2353 dali
386 2286 563 2367 convenire,
582 2308 647 2351 non
667 2286 813 2352 obstante
835 2286 921 2371 qnod
942 2285 999 2351 illa
1020 2287 1062 2352 sit
1081 2286 1176 2375 hujus
1196 2288 1313 2376 dupla3
1338 2304 1463 2377 negant

299 2390 361 2457 hoc
375 2387 408 2456 oi
419 2389 457 2473 ἐξ
470 2387 613 2460 ἐναντίας
627 2387 687 2454 sub
702 2386 774 2453 aliis
788 2387 904 2467 verbis,
921 2399 954 2453 at
968 2388 1050 2453 nihil
1064 2389 1098 2453 in
1113 2392 1302 2457 contrarium
1318 2393 1464 2459 subdunt

300 2494 376 2563 novi
396 2493 586 2583 argumenti
630 2492 725 2561 Certe
742 2513 892 2557 numerus
915 2492 1010 2579 (sicut
1028 2492 1188 2561 multoties
1208 2496 1414 2578 inculcatum,
1431 2512 1464 2565 et

300 2598 381 2665 mihi
395 2596 672 2687 persuasissimum
686 2595 747 2678 est)
764 2616 923 2676 numerus,
939 2595 1080 2683 inquam,
1099 2619 1156 2664 seu
1177 2597 1286 2665 finitus
1308 2622 1364 2666 seu
1384 2602 1463 2666 iufi-
1567 2632 1568 2683 3

300 2701 397 2780 nitus,
421 2701 544 2767 nullam
570 2721 612 2766 ex
638 2721 672 2765 se
697 2696 749 2764 vel
775 2697 989 2784 aequalitatem
1015 2700 1067 2765 vel
1092 2701 1338 2789 inaequalitatem
1363 2704 1466 2770 habet
1567 2688 1568 2699 ἶ

300 2804 429 2870 alterius
449 2803 572 2869 numeri
593 2812 746 2890 respectu,
766 2800 830 2866 nisi
848 2812 1003 2889 quatenus
1023 2814 1154 2891 uterque
1173 2806 1297 2892 generis
1316 2807 1462 2894 ejusdem

301 2906 553 2993 magnitudinem
576 2906 724 2993 designat
745 2915 777 2972 et
798 2917 1018 2994 repraesentat3
1049 2931 1145 2995 quare
1168 2910 1271 2977 dicere
1291 2934 1462 2979 numerum
1566 2916 1567 2933 ²

301 3008 387 3073 hunc
404 3006 564 3073 infinitum
582 3008 734 3093 majorem
752 3030 821 3073 esse
839 3007 896 3074 illo
915 3030 1046 3076 numero
1064 3010 1199 3093 infinito,
1220 3024 1252 3078 et
1269 3013 1329 3079 hoc
1348 3014 1463 3080 absur-

302 3110 378 3175 dum
392 3110 609 3197 pronunciare,
625 3110 672 3174 nil
687 3122 734 3175 est
748 3110 836 3177 aliud
856 3132 952 3198 quam
971 3112 1075 3181 dicere
1094 3114 1345 3201 magnitudinem
1366 3118 1462 3194 hanc,

302 3236 375 3302 quoe
389 3213 563 3301 concipitm
576 3212 618 3279 ad
631 3213 792 3279 infinitum
808 3214 921 3296 divisa,
936 3216 1088 3303 majorem
1102 3240 1171 3285 esse
1188 3219 1255 3301 illa,
1268 3242 1338 3307 quae
1353 3222 1462 3287 conci·
1565 3278 1566 3303 2

302 3317 389 3405 pitur
401 3316 498 3384 etiarn
518 3317 558 3383 ad
578 3317 739 3383 inlinitum
759 3316 873 3397 divisa,
889 3328 921 3383 et
940 3318 1015 3384 hinc
1034 3320 1205 3386 absmdum
1224 3322 1382 3409 consequi,
1399 3322 1463 3389 hoc

302 3430 360 3501 est,
376 3430 516 3486 nostram
538 3418 644 3485 thesin
665 3439 790 3503 negare,
806 3418 864 3483 sed
886 3418 974 3485 illam
995 3420 1102 3507 eliqua
1121 3426 1206 3488 novt
1226 3422 1374 3489 machina
1394 3448 1462 3491 uon

303 3532 497 3611 oppugnare.
1564 3524 1565 3531 '

368 3626 535 3707 Praeterea,
551 3624 638 3713 quod
651 3624 834 3690 nullatenus
850 3624 1024 3691 absurdum
1043 3627 1188 3694 videatur
1207 3629 1367 3697 infinitum
1385 3631 1462 3698 iufi-

303 3732 371 3798 nito
385 3730 539 3798 contineri
553 3728 724 3815 (infinitam
735 3728 807 3795 dico
822 3728 1073 3815 magnitudinem
1088 3730 1214 3797 infinita
1228 3734 1460 3822 magnitudine,
1563 3764 1564 3797 1

301 3834 354 3902 rel
379 3832 541 3899 infinitum
567 3854 734 3898 numerum
757 3830 882 3897 infinito
906 3853 1036 3897 numero
1061 3835 1301 3922 comprehendi:
1331 3860 1409 3903 nam
1433 3841 1461 3904 si

301 3946 447 4024 ponatur,
463 3933 498 4000 in
512 3935 615 4023 spatio
629 3932 715 4021 quod
730 3955 823 4000 nemo
837 3933 900 4001 fere
914 3957 979 4001 non
998 3934 1190 4021 imaginatur
1208 3938 1372 4023 immenso,
1387 3966 1463 4031 pro-

301 4039 391 4107 tendi
409 4039 535 4106 infinita
551 4038 635 4105 linea
653 4048 757 4119 mcta3
781 4037 816 4102 in
839 4037 896 4103 illa
917 4038 1123 4127 proculdubio
1145 4042 1390 4113 continebuntur
1412 4048 1463 4113 in·
1562 4036 1563 4059 ¹

304 4141 388 4208 finiti
403 4164 533 4208 numero
548 4140 654 4230 pedes,
670 4151 703 4206 et
716 4140 851 4207 infinitae
864 4164 981 4228 orgyae,
997 4152 1029 4209 et
1044 4141 1161 4209 infiniti
1176 4144 1288 4213 stadii:
1312 4147 1387 4214 item
1405 4150 1463 4217 illa

303 4242 428 4309 infinita
441 4254 526 4309 recta
541 4244 655 4331 sapius
669 4242 882 4309 continebitur
896 4243 930 4308 in
944 4244 1071 4311 infinita
1086 4247 1260 4334 superficie,
1276 4260 1308 4315 et
1325 4248 1394 4319 haec
1413 4254 1461 4319 in-

356 4474 417 4531 One
436 4474 543 4531 infinite
562 4492 625 4546 may
644 4476 752 4531 oontain
771 4479 889 4535 another
908 4496 960 4550 any
978 4482 1095 4537 number
1113 4482 1145 4537 ot'
1161 4482 1251 4538 times.
