3167 5192
350 303 415 369 326
548 306 561 325 ⁰
686 311 875 367 murreum
895 310 1169 366 semermes
1318 292 1477 379 [nucum.

297 476 307 492 ⁹
350 510 424 557 cum
444 485 585 574 ipserum
605 484 841 573 proportionem
862 481 1053 564 exhibuerit,
1075 504 1140 571 pre
1161 504 1198 551 se
1218 480 1281 549 fert
1300 480 1382 567 ipsos
1400 478 1479 547 den

348 591 486 657 rationes
506 588 669 657 addidisse
682 588 735 655 rel
749 588 956 669 subtraxisse,
971 586 1202 675 multiplietsse
1215 584 1271 653 rel
1284 583 1429 665 divisisse,
1439 583 1479 651 vel

348 692 490 780 ipserum
503 691 658 761 ustionem
672 690 867 759 exhibuisse.

413 792 489 859 Non
511 794 609 879 igitur
631 792 688 859 ille
711 792 762 857 vir
784 792 932 879 egregius
954 802 1022 859 tem
1045 814 1160 859 novem
1185 791 1271 859 circe
1293 788 1480 878 proportiones

349 896 514 963 scientium
539 894 727 976 condidisse,
750 895 838 982 qnod
861 906 969 963 censet
994 895 1189 983 Tecquetus,
1213 906 1249 961 st
1273 905 1405 961 ueterem
1424 904 1479 959 nnn

348 1008 544 1087 perspectam
570 997 745 1065 doctrinm
770 997 833 1063 ulio
858 997 963 1079 modo,
990 1020 1049 1065 nec
1072 1020 1110 1065 eo
1134 997 1234 1067 nimis
1259 996 1406 1084 opposito,
1423 1016 1479 1061 oon·

349 1102 502 1181 texuisse,
525 1099 680 1187 novisque
704 1099 870 1167 vocabulis
895 1100 1083 1169 enuncibsse
1107 1100 1252 1181 videtum
1283 1121 1376 1187 quem
1396 1108 1479 1163 nucu

349 1228 371 1270 e
395 1226 430 1271 se
457 1205 589 1290 repertis
618 1203 834 1291 compluribus
863 1204 1066 1273 theoremstis
1094 1205 1266 1292 insigniter
1294 1202 1479 1290 locupleterit

350 1304 527 1373 Commune
541 1328 617 1373 vero
631 1306 718 1393 quod
736 1306 889 1387 diximus,
912 1318 961 1375 est
981 1307 1032 1373 illi
1053 1330 1126 1373 cum
1148 1307 1272 1375 eaeteris
1294 1306 1373 1373 benc
1392 1304 1426 1371 de
1442 1326 1480 1369 rr·

349 1408 472 1477 tionum
499 1408 677 1477 rationibus
705 1420 739 1477 et
767 1409 1001 1497 quantitatibus
1030 1410 1209 1479 doctrinsm
1240 1408 1479 1497 amplexantibus

349 1511 487 1577 rationes
501 1511 631 1595 scilicet,
647 1511 724 1578 dum
743 1534 891 1579 numeros
910 1522 1088 1593 attrectent,
1104 1534 1178 1581 cum
1194 1512 1363 1581 numericis
1380 1510 1480 1577 fractio

348 1614 446 1683 nibus
466 1614 667 1697 contundere,
687 1616 764 1682 dum
782 1614 863 1681 slies
883 1615 1022 1683 rstiones
1043 1614 1254 1697 considerent,
1270 1626 1413 1702 tanquam
1430 1612 1481 1679 suis

348 1717 641 1786 denominatoribus
655 1718 782 1785 eusdem
796 1728 939 1785 tractore.
985 1718 1079 1799 Quod
1100 1740 1311 1805 nonnunqum
1332 1726 1427 1805 operte
1444 1714 1480 1781 di·

349 1820 503 1907 sertisque
517 1821 624 1887 verbis
638 1820 768 1902 faciunt,
783 1821 1000 1909 imprudenter
1013 1844 1051 1889 ec
1065 1820 1259 1903 delabentes,
1274 1819 1385 1908 sepius
1397 1828 1480 1885 sulen

350 1919 456 1987 verbis
470 1920 665 1987 declinantes
680 1922 785 2010 reipsb
798 1922 971 1989 incurrunt

413 2020 515 2089 Notat
528 2022 589 2089 hoc
602 2032 635 2089 et
648 2046 733 2111 saepe
747 2032 839 2089 texet
853 2023 1005 2091 Hobbius
1018 2024 1053 2089 in
1067 2024 1272 2111 nntsgonistt
1288 2044 1353 2104 suo,
1371 2020 1420 2089 sed
1434 2042 1478 2086 nec

348 2125 427 2214 ipse,
447 2125 542 2192 modo
558 2126 621 2193 sibi
635 2137 767 2209 constet,
783 2128 936 2197 immunis
958 2128 1000 2195 ab
1021 2128 1085 2195 hso
1106 2128 1202 2217 culpe
1211 2154 1221 2211 ;
1245 2128 1329 2197 idem
1349 2126 1423 2193 enim
1440 2132 1477 2189 est

348 2228 502 2295 tutionem
527 2228 705 2297 rationibus
728 2230 876 2311 tribuere,
899 2254 938 2297 sc
961 2230 1099 2297 rationes
1120 2253 1193 2299 cum
1217 2226 1476 2298 denomiustoribus

348 2333 417 2399 suis
437 2334 564 2401 eedem
584 2343 739 2421 reputare,
756 2332 811 2400 vel
832 2333 946 2399 saltem
968 2333 1050 2399 nihil
1071 2343 1105 2400 et
1126 2334 1372 2421 mugnificenter
1388 2328 1475 2415 lcqni;

348 2435 409 2503 boc
422 2436 509 2505 enim
523 2445 578 2501 ent
591 2435 675 2501 nibil
688 2435 784 2524 plene
798 2436 968 2523 quicquum
981 2436 1174 2524 concipiunt.
1205 2438 1257 2503 At
1270 2434 1412 2505 sufficient
1422 2430 1476 2497 ber
1526 2486 1527 2534 q

347 2540 569 2627 qusdnntenus
583 2539 779 2628 exponendae
792 2538 1078 2626 confirmendoeque
1097 2540 1266 2609 sententiar
1282 2546 1397 2617 nostru,
1409 2530 1474 2623 quod

347 2644 469 2711 scilicet
495 2643 634 2711 rationes
661 2642 785 2709 nullum
813 2641 940 2729 proprie
968 2641 1087 2709 dictem
1120 2643 1331 2729 quantitatem
1363 2640 1472 2714 hebet

347 2767 451 2831 neque
465 2746 552 2833 quod
564 2745 702 2813 rationes
716 2744 799 2811 inter
813 2765 847 2811 se
861 2766 937 2813 vere
949 2748 1181 2831 competentur.

411 2847 508 2915 Unde
520 2848 675 2915 nonnulle
687 2846 881 2917 consecrem
894 2846 1096 2925 deducemus.

414 2958 442 3015 1.
471 2949 560 3015 Hine
573 2950 676 3037 primo
690 2950 772 3017 clere
787 2948 941 3038 facileque
955 2948 1117 3017 decidetur
1131 2947 1471 3037 quaestionantium
1525 2960 1526 3021 l

346 3072 443 3139 quum
462 3050 603 3138 appellnt
619 3050 782 3132 Euclides,
799 3051 1035 3138 compositione,
1051 3051 1209 3134 συνθέσει,
1224 3076 1303 3121 num
1317 3050 1417 3119 rectius
1429 3064 1472 3133 pro
1525 3028 1526 3058 ¹

345 3153 504 3223 rationum
517 3152 679 3220 edditione
693 3153 736 3219 sit
749 3153 907 3235 habende,
922 3154 976 3222 vel
988 3179 1045 3243 pro
1059 3156 1201 3244 ipsarum
1218 3152 1470 3245 multiplicetionet

345 3280 421 3323 nem
435 3281 453 3324 e
467 3256 561 3323 dictis
574 3257 681 3345 quood
693 3280 761 3325 rem
783 3259 886 3346 ipsum
907 3260 1093 3343 rationibus,
1112 3270 1227 3349 utpote
1238 3256 1412 3349 qnmeetis
1427 3274 1471 3319 er·

345 3360 498 3448 pertibus,
523 3370 670 3428 neutrum
692 3361 852 3442 convenit,
876 3385 935 3429 nec
959 3363 1036 3429 eddi
1060 3386 1119 3431 nec
1142 3364 1362 3453 multiplicum
1388 3351 1471 3445 qnoed

345 3486 420 3533 vero
449 3463 601 3551 loquendi
628 3465 769 3539 modum,
798 3464 874 3552 quis
902 3488 974 3533 cum
1003 3466 1148 3554 componi
1178 3466 1326 3535 dicnnmr
1351 3461 1470 3533 retines

345 3565 486 3655 ipserum
515 3567 767 3636 denominetcres
796 3568 1057 3657 multiplicentur,
1083 3570 1288 3639 menifestum
1313 3578 1358 3641 est
1379 3560 1471 3631 rfflfill

345 3669 410 3737 dici
426 3670 563 3738 rationes
582 3672 787 3761 multiplicari
809 3695 904 3760 quem
927 3673 1012 3741 eddi.
1058 3673 1149 3743 Sicut
1170 3684 1202 3741 et
1223 3698 1297 3743 cum
1317 3664 1469 3740 ‹inomin-

345 3778 449 3841 torum
468 3796 553 3843 unus
571 3773 670 3842 elium
692 3773 819 3857 dividit,
834 3766 951 3842 rectiui
973 3776 1113 3867 operatio
1131 3774 1205 3843 telis
1227 3776 1346 3844 dicetur
1364 3762 1470 3839 reticui⁵
1523 3864 1524 3871 ἵ

397 4217 535 4274 Hobbes’s
552 4218 713 4289 objections.

344 4308 443 4460 tipquld
450 4305 573 4447 'lintion
585 4307 776 4379 compounded
794 4306 940 4380 according
959 4312 989 4365 to
1005 4308 1174 4381 Euclidem
1193 4311 1258 4381 they
1271 4306 1359 4366 sdded
1373 4318 1400 4361 or
1414 4291 1465 4353 mul·
1522 4400 1523 4407 ἵ
