3167 5192
344 385 410 454 844
632 426 643 435 ·
678 402 865 455 nnorronns
887 402 1160 453 naruunsnrcn.
1293 386 1403 471 [naor.
1419 402 1488 453 ω.

344 593 402 640 nec
416 573 495 654 istae,
510 574 625 641 nsciis
639 572 791 663 oppositae
807 572 992 662 symmetria
1007 582 1039 639 et
1050 571 1224 657 ὁμογένεια,
1235 574 1373 641 omuino
1386 572 1421 639 in
1431 572 1492 659 ejus

341 677 553 767 applicatione
568 678 808 745 confiderentur.

406 788 436 847 8.
481 780 600 862 Tertio,
622 780 709 869 quod
729 780 799 847 haec
818 778 993 869 proprietas
1014 780 1191 847 necessario
1212 779 1286 846 fluit
1308 802 1355 846 ex
1377 785 1491 859 natust,

340 882 395 949 vel
408 882 522 949 intime
539 884 743 973 conjungitur
762 906 835 949 cum
853 881 1000 970 specifica
1017 882 1198 949 conditione
1217 892 1416 969 quantorum
1430 880 1493 968 qui·

340 986 402 1052 bus
416 985 610 1066 attribuitur,
626 985 767 1073 adeoque
786 984 919 1050 minime
938 994 1116 1051 remoretur
1134 985 1175 1051 ab
1189 984 1335 1073 ipsorum
1350 1006 1418 1072 qna
1430 1006 1493 1073 pro-

341 1087 566 1177 portionalium
580 1088 726 1154 essentia
765 1086 897 1175 Semper
910 1086 996 1155 enim
1011 1088 1189 1155 ostenditur
1202 1098 1388 1177 competere
1402 1110 1493 1177 quan-

341 1192 383 1257 tis
398 1191 567 1280 propositis
580 1214 639 1279 per
647 1191 799 1278 ipsorum,
810 1200 848 1257 ut
858 1190 965 1257 taliter
975 1191 1271 1272 conditionatomm,
1284 1192 1491 1269 definitiones,

340 1304 397 1361 aut
410 1318 467 1383 per
480 1295 687 1383 proprietates
702 1294 827 1382 aliquas
841 1294 1017 1381 praecipuas
1032 1303 1065 1360 et
1080 1294 1277 1363 essentiales.

405 1406 435 1462 4.
480 1396 610 1478 Quarto,
632 1396 718 1484 quod
735 1395 805 1462 baec
822 1394 965 1462 definitio
985 1396 1102 1462 sterilis
1118 1418 1184 1463 non
1202 1406 1260 1477 est,
1279 1420 1344 1464 nec
1367 1395 1491 1475 inutilis,

340 1509 374 1566 at
395 1498 632 1566 conclusionum
657 1499 740 1565 circa
768 1498 917 1565 materias
940 1510 1006 1565 tam
1030 1499 1194 1586 generales
1217 1522 1318 1587 quam
1347 1499 1493 1588 speciales

340 1602 488 1669 foecunda
500 1613 610 1669 mater.
647 1601 703 1667 Ex
714 1606 752 1667 et
762 1600 920 1688 siquidem
931 1608 1034 1667 totum
1046 1601 1285 1668 Elementorum
1297 1621 1335 1669 V.
1355 1601 1489 1689 [librum]

340 1714 373 1769 et
395 1703 547 1792 quicquid
572 1704 697 1792 uspiam
722 1702 756 1767 iu
781 1702 947 1769 clementis
973 1700 1184 1769 Geometricis
1209 1702 1291 1769 circa
1319 1703 1491 1792 proportio·

339 1808 486 1875 ualitates
500 1817 662 1875 ostensum
676 1814 733 1886 est,
749 1803 909 1871 derivatur
923 1828 959 1869 ao
973 1804 1141 1893 dependet.

403 1920 435 1978 ὁ.
478 1910 577 1977 Addo
596 1911 718 1999 quinto,
741 1908 828 1995 quod
845 1928 948 1994 neque
963 1908 1162 1992 μογοστόκος
1181 1918 1333 1991 osteum
1352 1909 1489 1977 molestis

339 2014 391 2081 vel
406 2014 502 2081 taedio
516 2014 652 2103 pariens,
672 2021 706 2078 at
719 2010 939 2077 conclusiones
954 2010 1205 2098 quamplurimas
1218 2013 1397 2081 admodum
1411 2012 1487 2079 facili

339 2118 420 2184 nixu
442 2118 549 2205 prodit
573 2116 608 2182 in
629 2115 744 2181 lucem.
789 2112 875 2179 Nam
905 2114 1097 2195 immediate,
1128 2114 1310 2203 directoque
1341 2118 1485 2193 discum,

339 2219 437 2287 nullis
452 2219 650 2306 ambagibus,
666 2226 857 2306 quantorum
877 2216 919 2281 ab
933 2215 991 2282 illa
1004 2216 1313 2304 proportionalitates
1333 2219 1442 2308 prima
1454 2240 1485 2283 ao

338 2323 515 2414 praecipua,
531 2321 701 2388 eliciuntur
714 2331 747 2387 et
761 2319 1026 2385 demonstrantur.

405 2435 434 2495 6.
481 2423 591 2505 Sexto,
614 2422 699 2510 quod
720 2444 762 2487 ex
783 2422 846 2486 hac
871 2420 1054 2487 definitione
1079 2420 1158 2487 satis
1182 2420 1275 2489 facile
1297 2423 1483 2491 deducantur

339 2551 412 2596 cum
438 2525 618 2595 affectiones
640 2526 720 2605 iste,
744 2523 904 2610 aquibus
926 2522 983 2590 alii
1009 2521 1207 2591 definitiones
1231 2548 1305 2591 suas
1330 2534 1479 2603 extruunt,

338 2642 407 2697 tum
424 2630 555 2717 reliquae
570 2624 853 2718 proportionalium
870 2624 1043 2711 passiones,
1064 2648 1144 2712 quas
1165 2648 1183 2692 e
1202 2627 1269 2693 suis
1288 2628 1313 2693 ii
1336 2627 1479 2695 delinitio-

338 2734 434 2801 nibus
449 2733 597 2811 eliciunt,
621 2729 761 2817 adeoque
774 2750 884 2793 rursus
899 2726 986 2814 quod
999 2727 1069 2793 haec
1082 2728 1259 2817 proprietas
1275 2752 1349 2797 cum
1364 2752 1479 2819 propor·

338 2834 525 2900 tionalitatis
539 2838 654 2898 natura
667 2854 821 2921 perquam
835 2830 948 2895 intime
961 2830 1135 2918 copulatur.

403 2945 433 3001 7.
476 2935 615 3022 Adjicio,
644 2944 771 3023 propter
799 2933 992 2999 inductionis
1020 2934 1222 3017 calumniam,
1251 2958 1409 3025 nusquam
1436 2932 1478 2998 blc

337 3036 438 3103 ullam
452 3036 668 3102 inductionem
682 3058 870 3124 comparere,
892 3032 948 3102 aed
967 3034 1202 3105 universalibus
1219 3039 1349 3105 omniuo
1363 3056 1477 3128 propot-

337 3138 477 3206 tionibus
497 3150 648 3219 constare,
667 3139 723 3227 qui
742 3139 922 3220 adhibetur,
944 3137 1130 3222 discursum,
1151 3150 1184 3207 et
1198 3164 1240 3208 ex
1257 3139 1477 3209 universalibus

337 3238 502 3331 principiis
530 3239 702 3306 dimanare.
746 3240 862 3328 Neque
889 3240 983 3308 video
1011 3242 1067 3329 qni
1101 3254 1150 3311 tot
1178 3244 1220 3310 ad
1247 3244 1396 3334 exempla
1419 3252 1476 3307 tam

338 3343 499 3412 luculenta
511 3342 711 3410 mediocriter
724 3343 904 3423 attenderit,
926 3364 982 3410 cur
995 3340 1160 3413 Euclides
1171 3345 1369 3413 definitionis
1386 3346 1476 3432 hype-

337 3446 421 3515 tbesi
439 3446 557 3513 nedum
575 3444 988 3534 incomprehensibilitatem
1007 3446 1176 3543 quandam,
1197 3458 1232 3514 at
1244 3448 1297 3516 vel
1317 3446 1475 3515 omousia·

337 3562 403 3618 tem
416 3550 517 3616 ullam
530 3558 586 3615 aut
600 3546 817 3614 difficultatem
832 3546 1002 3635 exprobret
1014 3548 1137 3616 merito.
1181 3550 1256 3618 Nisi
1275 3548 1360 3640 quod
1378 3566 1474 3616 omues

337 3654 479 3721 omnium
492 3675 596 3719 rerum
610 3650 732 3717 notitias
751 3658 908 3737 quatenus
927 3650 1134 3719 attentionem
1153 3664 1339 3743 exposcunt,
1359 3661 1473 3721 eatmus

337 3755 480 3823 difficiles
500 3754 669 3821 uideantur
687 3753 836 3819 hnmana
855 3752 971 3819 mentis
992 3753 1165 3823 fastidiosis
1187 3757 1347 3825 socordia.
1389 3753 1472 3821 Gom·

336 3882 433 3926 mune
453 3857 545 3926 nobis
566 3858 627 3923 hoc
645 3855 802 3921 vitiumne
820 3854 934 3937 dicam,
958 3878 999 3921 an
1022 3868 1204 3948 symptoma
1224 3858 1310 3949 qnod
1331 3858 1471 3926 immunes

388 4135 429 4204 (³)
452 4134 584 4204 Depends
602 4154 638 4193 on
656 4137 707 4194 tire
720 4141 821 4195 nature
837 4140 869 4195 cl
882 4140 932 4196 tbe
949 4138 1117 4211 qnantltiss:

388 4219 428 4289 (4)
453 4220 484 4275 Is
500 4226 550 4277 not
566 4222 682 4281 hanan:

388 4305 427 4375 (δ)
451 4304 536 4361 (lives
553 4308 656 4364 results
673 4310 774 4381 easily:

388 4389 427 4459 (6)
451 4389 536 4446 circs
550 4391 619 4448 botb
635 4393 684 4450 tbe
699 4396 857 4453 delinitione
872 4398 928 4454 and
941 4398 992 4455 the
1005 4397 1108 4455 resulta
1124 4397 1155 4455 oi
1168 4396 1250 4455 other
1268 4396 1386 4455 unm:

386 4474 426 4543 (7)
449 4472 523 4532 Dosa
539 4480 590 4532 not
602 4477 712 4547 slepand
726 4498 762 4537 on
776 4480 925 4541 mdncdon.
