3167 5192
415 367 480 438 1⁷4
718 385 903 438 murronns
925 385 1163 454 asonmnren.
1311 367 1421 456 [nrm.
1435 387 1482 438 11.·

411 554 632 645 concipiantur
645 555 720 636 illae,
741 577 813 644 quae
830 577 895 643 pree
910 555 1031 622 caeteris
1046 555 1227 643 aequabiles,
1249 575 1285 620 ac
1300 555 1479 622 uniformes

413 659 524 726 haberi
544 669 704 725 merentur
725 659 925 746 superficiem
949 659 1059 746 quales
1081 669 1156 725 sunt
1177 660 1212 724 in
1233 659 1330 745 plano
1355 659 1479 747 Super-

404 764 496 849 ficr‘ea
503 763 811 851 purallcbprumraae
829 763 896 847 (seu
910 763 1037 850 penitus
1052 762 1232 844 rectilineus,
1245 763 1313 828 sive
1329 762 1458 847 mixtae)
1466 787 1476 843 3

412 865 447 930 in
469 864 580 932 Solido
602 868 651 951 (ut
670 865 717 931 ita
733 865 848 947 dicam,
870 864 923 932 vel
943 888 1007 931 non
1027 865 1061 930 in
1083 887 1147 931 une
1169 864 1265 952 plano
1289 865 1474 948 delinestre)

411 965 599 1055 Gupmfim'es
623 965 830 1047 Prcisnaatcboe,
864 967 1119 1054 Cylindre'coeque,
1151 977 1219 1033 tum
1248 989 1319 1054 quae
1349 965 1476 1048 stricto,

271 1101 305 1134 ι.
336 1121 342 1134 .
411 1079 481 1135 tum
503 1093 575 1157 quae
596 1070 701 1137 latiori
723 1070 905 1157 significatu
927 1069 1084 1135 dicuntur.

479 1171 530 1239 Sit
555 1173 589 1238 in
616 1172 799 1260 exemplum
820 1173 924 1260 primo
945 1182 1031 1238 recte
1052 1172 1138 1238 linea
1151 1171 1222 1253 ΒΟ,
1246 1171 1298 1237 cui
1318 1170 1475 1238 insistens

410 1283 497 1341 recta
517 1276 585 1340 AB
598 1298 656 1362 per
679 1275 783 1362 ipsam
807 1275 872 1341 ΒΟ
890 1274 1017 1354 feretur,
1048 1273 1110 1340 sibi
1134 1273 1284 1339 continuo
1305 1272 1473 1361 parallela,

411 1378 511 1445 donec
528 1388 646 1466 puncto
660 1381 693 1444 Β
708 1377 750 1445 ed
771 1377 800 1444 Ο
819 1386 963 1464 promoto
987 1387 1072 1442 recta
1086 1379 1153 1442 AB
1172 1376 1235 1464 ipsi
1253 1375 1323 1442 ΒΟ
1340 1375 1384 1442 ed
1404 1377 1478 1442 AB

410 1479 569 1568 parallelae
590 1490 753 1568 congruat.
799 1480 1006 1547 Manifestum
1025 1491 1073 1546 est
1086 1479 1270 1567 hujusmodi
1294 1489 1384 1546 motu
1397 1503 1475 1568 pro-

409 1583 508 1650 creari
521 1586 665 1672 figuram
683 1585 815 1672 planam
833 1583 1163 1672 parallelogrammum
1181 1582 1320 1648 ABOD.
1374 1582 1475 1650 Patet

409 1686 507 1752 etiem
522 1685 689 1774 quodlibet
702 1695 902 1773 assumptum
916 1685 951 1750 in
969 1685 1037 1749 AB
1056 1693 1220 1771 punctum,
1239 1693 1276 1749 ut
1289 1683 1329 1763 E,
1349 1695 1474 1750 rectam

409 1789 527 1856 lineam
551 1789 736 1871 describere,
763 1790 854 1877 cujus
875 1797 979 1876 partes
994 1787 1059 1852 ΒΕ
1075 1788 1169 1853 rectis
1188 1787 1255 1852 AB
1274 1787 1472 1876 interceptae,

409 1904 502 1959 rectae
522 1895 588 1961 ΒΟ
605 1896 750 1983 partibus
771 1895 842 1974 BB,
865 1917 921 1981 per
949 1892 1074 1959 easdem
1095 1892 1269 1979 respective
1287 1901 1388 1957 restes
1405 1893 1476 1958 AB

409 1995 591 2084 interceptis
616 1998 690 2082 (hoc
708 2008 758 2063 est
778 1996 889 2063 eodem
909 2006 1051 2084 tempore
1078 2019 1097 2060 e
1121 2005 1239 2083 puncto
1260 1996 1294 2060 Β
1311 1995 1470 2085 decursis)

409 2109 584 2186 aequantur.

375 2209 377 2213 '
473 2202 588 2292 Neque
609 2202 715 2270 minus
731 2212 829 2292 patet,
852 2203 880 2270 si
893 2203 965 2269 vice
983 2207 1077 2270 verst-
1094 2209 1181 2269 rects
1202 2201 1267 2269 ΒΟ
1284 2223 1341 2290 per
1362 2200 1472 2291 ipssm

268 2323 274 2338 ·
296 2362 301 2372 .
332 2361 339 2375 .
407 2306 471 2373 ΒΑ
486 2307 613 2389 feratur,
629 2307 761 2373 eandem
776 2307 974 2397 superficiem
995 2305 1165 2386 delineari3
1186 2305 1353 2394 omniaque
1372 2319 1472 2375 rectae

407 2412 473 2478 ΒΟ
486 2422 605 2500 puncta
627 2415 696 2499 (ceu
713 2413 758 2496 F)
775 2422 878 2478 rectas
897 2411 997 2476 lineas
1011 2411 1177 2496 effingere;
1201 2429 1337 2476 necnon
1352 2410 1471 2478 harum

406 2525 512 2603 partes
526 2517 595 2582 FF
609 2516 770 2603 parallelis
784 2516 850 2581 ΒΟ
866 2513 1055 2601 interceptas
1077 2513 1262 2601 respectivis
1287 2513 1379 2580 lineae
1404 2517 1475 2580 AB

406 2619 550 2706 pastibus
572 2621 635 2684 ΒΒ
647 2617 817 2707 adaquari.
865 2617 1014 2703 (Notetur
1035 2625 1141 2681 sutem
1160 2615 1277 2682 abhinc
1298 2617 1471 2683 brevitatis

406 2745 481 2810 ergo
496 2734 563 2789 tarn
576 2724 611 2788 in
626 2724 687 2804 his,
704 2746 801 2811 quam
816 2723 851 2788 in
866 2722 1024 2787 similibus
1041 2720 1166 2786 casibus
1182 2721 1294 2786 harum
1309 2721 1470 2790 linearum

406 2827 506 2908 illam,
527 2848 598 2913 quae
619 2837 709 2893 motu
731 2847 787 2892 suo
806 2825 1060 2912 magnitudinem
1083 2824 1235 2889 describit
1257 2847 1277 2888 a
1294 2845 1346 2889 mc
1367 2825 1471 2891 Οοηο-

407 2930 513 2994 trioem
527 2928 609 3010 dici3
632 2930 764 2995 alteram
779 2939 896 3008 autem,
908 2929 1005 3015 juxta
1026 2949 1132 3014 quem,
1155 2926 1209 2993 vel
1230 2927 1282 2992 cui
1303 2927 1468 3008 insistens,

405 3030 491 3118 prior
505 3030 652 3111 defertur,
668 3031 871 3096 Directra‘cem
886 3029 1058 3117 appellari3
1085 3029 1161 3117 quia
1175 3039 1269 3095 metes
1283 3029 1376 3095 lineae
1392 3051 1470 3118 pro-

407 3154 515 3199 cessus
529 3135 571 3200 ab
586 3139 623 3200 es
637 3133 795 3220 dirigitur,
811 3133 863 3199 vel
878 3133 920 3198 ad
933 3157 1004 3199 eam
1019 3133 1293 3217 accommodatur.)

267 3233 273 3246 '
330 3270 336 3284 ·
473 3237 526 3305 Sit
543 3259 653 3303 rursus
668 3237 754 3303 linea
768 3235 928 3325 quaepiam
947 3259 1044 3302 curve
1062 3237 1162 3322 (velut
1182 3259 1272 3304 arcus
1287 3236 1465 3324 circularis)

405 3340 477 3421 ΒΟ,
498 3340 550 3406 cui
566 3341 601 3407 in
621 3339 732 3406 eedem
753 3339 849 3428 pleno
870 3339 997 3405 insistet
1019 3340 1104 3406 lines
1129 3350 1214 3406 recte
1235 3341 1317 3421 ΑΒς
1347 3352 1379 3408 et
1410 3365 1469 3430 per

406 3463 537 3510 curvam
562 3443 628 3510 ΒΟ
648 3442 798 3509 continuo
825 3424 983 3510 deferetur
1004 3453 1089 3508 recte
1113 3442 1187 3522 AB,
1214 3443 1342 3510 sibimet
1364 3446 1468 3532 aequi-

406 3547 536 3628 distans,
564 3547 663 3613 dcnec
688 3557 842 3635 punctum
868 3547 902 3612 B
918 3547 959 3612 ad
987 3547 1017 3612 Ο
1041 3547 1213 3634 pertigerit,
1235 3557 1267 3613 et
1295 3559 1380 3614 recta
1399 3552 1469 3615 AB

404 3649 534 3716 demum
553 3661 646 3716 reetae
662 3650 730 3716 ΒΟ
746 3650 787 3715 ad
807 3651 909 3739 ipsam
931 3649 1119 3737 deprimo
1140 3651 1276 3738 positam
1302 3652 1465 3739 parallelae

404 3752 603 3840 congruerit;
640 3751 836 3819 describetur
864 3753 925 3819 hec
954 3764 1044 3819 motu
1074 3753 1177 3840 figura
1205 3776 1331 3841 quoque
1365 3754 1464 3843 plens

407 3856 531 3941 (latiore
545 3856 737 3944 significatu)
754 3855 1066 3944 parallelogramma5
1093 3857 1169 3944 quie
1190 3857 1311 3924 scilieet
1329 3857 1463 3927 adversa

404 3960 500 4048 hujus
523 3959 634 4046 figurae
659 3958 759 4024 latera
783 3959 846 4025 sibi
871 3959 1026 4047 parallela
1051 3971 1133 4041 sunt,
1163 3969 1248 4026 recta
1276 3961 1343 4027 AB
1368 3973 1460 4030 rectae

404 4063 479 4146 ΒΟ,
495 4073 527 4131 et
544 4087 644 4130 curva
657 4064 726 4128 AD
740 4084 849 4129 carrea
868 4063 941 4130 ΒΟ.
986 4061 1070 4129 Nam
1093 4073 1125 4130 et
1146 4063 1201 4130 hic
1223 4065 1351 4152 singula
1373 4087 1461 4154 quse·

403 4189 466 4254 que
494 4167 669 4233 Genetricis
693 4175 786 4233 rectse
808 4175 927 4254 puncta
955 4166 1055 4251 (velut
1080 4167 1126 4251 E)
1152 4166 1253 4234 lineus
1281 4168 1460 4234 describent

403 4269 577 4335 Directrabi
584 4269 649 4335 ΒΟ
660 4268 781 4334 similes
795 4279 828 4335 et
840 4267 996 4356 aqualem
1017 4291 1089 4334 cnm
1105 4270 1254 4357 integras,
1266 4279 1335 4337 tum
1346 4271 1458 4336 iisdem

402 4370 563 4458 parallelis
574 4371 641 4434 AB
651 4372 840 4459 interceptas
853 4355 975 4459 partem
992 4370 1018 4436 si
1033 4373 1119 4438 enim
1130 4373 1193 4440 duo
1204 4384 1322 4461 puncta
1336 4373 1458 4462 quavis

402 4475 468 4543 ΕΒ
476 4480 563 4544 mon
576 4473 661 4542 linet
674 4484 909 4558 connectantru,
921 4475 1023 4562 iisque
1038 4477 1259 4566 respondentia
1269 4489 1388 4568 puncta
1397 4477 1460 4546 BB
