3167 5192
270 279 313 345 20
655 293 780 342 onsrro
804 291 1040 342 sumammuh.

268 463 371 543 basin,
388 462 422 526 in
436 483 503 526 rem
519 459 692 525 humanam
712 459 941 546 emergentium
960 460 1219 527 commoditatum
1234 461 1441 528 uberrimam

267 564 493 650 scaturiginem
505 590 513 645 ;
546 564 598 628 cui
626 564 739 630 saltem
753 563 826 646 ‚uni
855 585 982 649 aequum
1013 565 1064 643 sit,
1099 573 1136 630 ut
1164 565 1324 653 praecipua
1351 566 1442 632 vitm

269 667 509 746 oblectamenta,
533 666 680 754 praesidia
705 665 828 746 salutis,
856 665 1049 731 incrementa
1071 665 1215 746 fortunae,
1242 666 1444 754 compendia

270 771 387 838 laboris
406 781 534 858 accepta
555 770 744 837 referamus:
767 770 854 856 quod
873 769 1033 856 eleganter
1058 779 1090 837 et
1113 770 1277 836 commode
1301 771 1442 836 habita-

267 899 361 956 mus3
384 877 512 942 decoras
537 874 621 940 aedes
643 874 822 940 extruimus
847 873 951 953 nobis,
976 886 1114 960 augusta
1135 873 1272 938 Numini
1296 874 1444 940 delubra

268 981 450 1060 statuimus,
480 977 665 1046 admiranda
694 978 829 1066 posteris
855 989 1061 1043 monumenta
1082 978 1310 1065 relinquimus:
1343 979 1443 1066 quod

271 1082 351 1150 tutis
365 1083 407 1148 ab
422 1083 533 1150 hostili
548 1081 726 1148 incursione
740 1081 836 1146 vallis
850 1080 1063 1169 protegimur;
1087 1103 1175 1146 arma
1188 1081 1300 1147 dextre
1313 1091 1443 1147 hacm-
1555 1158 1556 1163 γ

271 1209 362 1266 mus:
386 1186 484 1253 aciem
507 1185 585 1252 scite
609 1184 826 1274 disponimus:
858 1194 925 1250 arte
950 1183 1098 1270 quddam,
1125 1207 1191 1249 non
1214 1183 1317 1249 serint
1342 1187 1441 1252 rabie
1555 1244 1556 1259 ,

271 1288 515 1375 belligeramur:
538 1288 624 1376 quod
649 1311 758 1355 secura
781 1311 838 1376 per
860 1287 975 1353 infidos
991 1287 1106 1352 fluctus
1120 1287 1309 1352 commercia
1326 1298 1442 1354 traus-
1555 1364 1556 1379 ἢ

271 1391 408 1478 igimus;
431 1403 516 1458 recto
530 1414 587 1480 per
607 1413 704 1458 caecas
726 1391 823 1457 maris
845 1391 914 1456 vias
929 1390 1041 1456 itinere
1055 1389 1291 1476 progredimur:
1309 1391 1439 1458 incerto
1555 1398 1556 1413 ¹

272 1506 439 1562 ventorum
467 1495 588 1582 impetu
613 1493 756 1582 propulsi
786 1493 968 1579 designatos
998 1492 1040 1558 ad
1069 1503 1179 1579 portus
1208 1493 1438 1580 pervenimus:

268 1599 359 1686 quod
377 1599 515 1664 rationes
535 1607 658 1664 nostres
673 1619 746 1664 vere
762 1595 979 1676 subducimus,
995 1618 1125 1662 censum
1139 1595 1328 1660 familiarem
1347 1608 1439 1664 recte

269 1701 468 1788 conjicimus,
495 1702 624 1786 negotia
644 1723 808 1768 remmus
830 1698 998 1788 expedite,
1028 1721 1230 1764 numerorum
1255 1698 1438 1784 dispalatas

271 1804 450 1891 phalanges
468 1804 501 1868 in
516 1804 658 1869 ordinem
668 1803 853 1888 redigimus,
869 1802 987 1868 tabulis
1002 1800 1204 1880 includimus,
1220 1801 1341 1866 calculo
1356 1823 1439 1889 sup-

273 1906 439 1994 ponimus:
456 1928 619 1970 arenarum
635 1905 812 1990 quamlibet
826 1905 972 1990 ingentes
986 1903 1141 1984 cumulos,
1156 1904 1221 1969 imo
1233 1904 1286 1970 vel
1297 1905 1437 1970 immen-

270 2015 325 2072 sa's
345 2017 521 2072 atomorum
535 2006 706 2092 congeries,
722 2006 815 2072 facile
829 2016 1067 2094 computamus:
1087 2006 1176 2093 quod
1190 2029 1337 2092 agrorum
1351 2007 1436 2074 fines

273 2108 404 2198 pacifice
419 2108 639 2196 dispescimus,
660 2119 821 2174 momenta
841 2108 1018 2196 ponderum
1039 2116 1132 2196 aequa
1152 2109 1244 2174 lance
1263 2109 1435 2197 perpendi-

273 2233 355 2290 mus,
378 2211 467 2296 justs
496 2233 589 2274 suum
617 2211 731 2298 cuique
760 2216 909 2276 mensura
937 2211 1176 2299 dispensamus:
1207 2211 1294 2297 quod
1321 2222 1433 2278 vastos

272 2312 444 2392 hincinde,
460 2334 577 2400 susque
591 2313 701 2401 deque,
715 2337 778 2401 quo
788 2315 947 2394 volumus,
962 2314 1028 2380 levi
1042 2314 1144 2400 digito
1158 2314 1259 2380 moles
1273 2314 1433 2402 protrudi·
1555 2304 1556 2393 l

267 2440 354 2498 vrrrus,
370 2427 402 2484 et
417 2417 589 2504 immanem
608 2441 712 2484 rerum
728 2418 903 2506 perpusilla
917 2418 951 2484 vi
972 2418 1184 2484 resistentiam
1202 2418 1428 2506 prodigamus:

266 2521 358 2610 quod
381 2522 496 2589 terreni
520 2521 633 2588 faciem
656 2521 742 2588 orbis
763 2522 962 2589 delineamus
987 2532 1140 2603 accurate,
1164 2545 1294 2609 remque
1317 2523 1430 2587 mundi

150 2617 152 2621 ,
272 2627 434 2713 publicam
448 2637 555 2694 nostro
571 2627 753 2692 universam
765 2625 947 2714 conspectui
962 2626 1165 2713 subjicimus:
1181 2626 1267 2712 quod
1280 2627 1430 2714 temporis
1555 2626 1556 2653 l

272 2729 394 2794 fluxam
418 2729 530 2794 seriem
553 2738 626 2814 apte
648 2728 840 2814 digerimus;
862 2753 966 2796 rerum
988 2730 1075 2795 vices
1098 2729 1292 2817 agendanuu
1313 2729 1428 2796 debitia

273 2829 450 2894 intervallis
465 2829 712 2914 distinguimus3
736 2841 960 2917 tempestatum
979 2832 1083 2898 varios
1102 2855 1255 2913 recursus,
1275 2855 1428 2900 annorum

273 2943 306 2998 ct
331 2931 488 2997 mensium
512 2941 610 2997 statas
635 2931 791 3018 periodos,
816 2933 939 2999 alterna
963 2935 1086 3002 dierum
1108 2947 1141 3002 et
1163 2937 1305 3003 noctium
1330 2937 1427 3004 incre·

273 3045 390 3114 menta,
418 3033 516 3101 dubia
545 3033 626 3099 lucis
652 3057 689 3100 ac
717 3037 839 3102 umbrae
868 3037 1014 3119 confinia,
1041 3040 1201 3128 exquisita
1222 3041 1370 3108 horarum
1396 3053 1427 3108 ct

273 3139 468 3205 minutorum
498 3136 682 3203 discrimina
708 3138 769 3204 rita
795 3162 970 3222 censemus,
996 3151 1029 3208 et
1049 3142 1309 3210 internoscimus:
1346 3143 1427 3231 qnod

272 3241 432 3308 radiorum
444 3239 593 3306 solarium
604 3241 638 3305 in
649 3263 726 3307 usus
741 3252 864 3309 nostros
879 3244 1029 3309 subtilem
1044 3246 1215 3311 efficaciam
1229 3247 1423 3328 derivamus:

273 3345 362 3411 visus
374 3344 530 3432 spheram
542 3343 577 3409 in
587 3345 779 3413 immensum
788 3348 1041 3435 exporrigimus3
1057 3349 1180 3415 vicinas
1193 3374 1298 3417 rerum
1308 3351 1424 3437 species

274 3449 475 3537 ampliamus,
506 3459 643 3514 semotas
672 3448 870 3533 adducimus,
897 3451 1037 3516 occultas
1070 3451 1268 3539 detegimus:
1301 3453 1424 3519 latebris

274 3555 340 3620 suis
363 3563 509 3619 naturam
535 3552 725 3632 excutimus,
752 3563 784 3620 et
813 3577 873 3619 sua
897 3553 1012 3620 callide
1037 3554 1292 3621 dissimulantem
1316 3578 1424 3623 arcana

266 3658 467 3724 revelamus:
487 3655 572 3743 quod
588 3655 750 3722 concinnis
766 3657 944 3722 simulacris
956 3658 1064 3724 oculos
1079 3668 1203 3724 nostrus
1217 3659 1421 3740 oblectamua3

265 3761 406 3830 ,artificia
431 3759 563 3826 Naturae
588 3760 688 3846 perite
713 3759 909 3842 aemulamur,
933 3784 1029 3848 opera
1048 3761 1181 3849 pulchre
1201 3763 1421 3850 exprimimus3

273 3865 459 3930 aemulamur
469 3861 560 3928 dixi?
574 3861 639 3927 imo
650 3883 845 3950 superamus,
857 3863 934 3928 dum
949 3886 1106 3951 nusquam
1115 3863 1422 3951 existentiajucunde

271 3965 462 4050 effingimus,
472 3963 617 4030 absentia
626 3963 769 4030 sistimus
778 3965 881 4046 nobis,
890 3967 1421 4054 praeteritorepraesentamus:quod

272 4066 465 4133 harmonicis
496 4067 700 4134 concentibus
729 4067 853 4135 animos
883 4069 1051 4151 reficimus,
1073 4093 1165 4136 aures
1195 4070 1419 4151 demulcemus;

267 4169 357 4236 aerei
376 4169 491 4234 fluctus
513 4168 756 4238 inconstantiam
780 4171 873 4238 certis
894 4171 1033 4238 modulis
1055 4182 1319 4261 attemperamus3
1342 4171 1419 4240 arido

273 4273 376 4361 stipiti
391 4271 538 4339 festivam
553 4294 663 4338 vocem
683 4274 833 4356 indimus,
848 4298 869 4341 a
882 4275 987 4362 rigido
1001 4275 1132 4343 metallo
1146 4275 1272 4342 dialcem
1286 4277 1418 4344 elicimus

272 4375 471 4458 facundiam
495 4397 559 4440 non
583 4373 712 4442 dissona
732 4375 828 4444 laude
849 4377 1103 4447 concelebramus
1126 4376 1241 4459 Deum,
1263 4389 1297 4446 et
1321 4379 1417 4446 beatos
