3167 5192
101 367 191 420 neor.
208 353 335 442 xxuu]
436 371 622 423 nnorrorrs
643 372 918 428 manemus.
1189 356 1255 427 365

100 547 220 607 maroa
273 539 315 606 Id
337 537 423 627 quod
447 540 556 608 eonari
584 539 638 608 vel
660 542 790 623 efficere,
819 542 902 609 nihil
932 542 1029 629 hujus
1054 543 1255 633 proprietatis

99 641 228 708 aliunde
241 665 299 730 per
312 641 462 730 exempla
473 651 558 709 nota
575 642 640 730 (vel
653 644 830 730 noscibilis)
847 645 1015 713 evidentiae
1029 646 1226 734 prejudicat.

161 744 264 812 Porro
277 745 382 826 tertio,
394 745 470 814 lieet
487 746 560 833 (hoc
573 746 604 812 ei
619 746 743 832 demus)
757 746 826 814 haee
840 771 906 815 non
920 748 963 815 sit
973 749 1139 816 notissima
1148 748 1255 837 passio

100 858 290 934 quantorum
315 850 647 917 commensurabilium
668 852 802 918 eandem
823 851 977 918 rationem
999 852 1194 934 habentium,
1218 863 1256 920 ut

101 951 230 1032 talium3
258 952 308 1018 nil
327 961 435 1020 tamen
455 952 591 1041 impedit
610 953 690 1042 quin
711 954 755 1020 sit
779 955 986 1040 generalium,
1016 956 1164 1023 omnibus
1188 967 1255 1023 tam

99 1053 282 1140 symmetria
311 1077 408 1143 quam
438 1055 641 1143 asymmetris
673 1055 961 1144 proportionalibus
990 1058 1255 1140 convenientium,

99 1155 285 1242 prasiorum
297 1155 483 1237 notissima3
500 1156 649 1245 quodque
664 1157 704 1223 de
718 1157 802 1225 facto
817 1158 983 1226 notissima
997 1159 1049 1240 sit,
1061 1160 1257 1248 experientia

100 1258 232 1326 suadere
247 1259 384 1339 udatur,
402 1259 554 1348 quoniam
576 1260 637 1326 etsi
653 1260 831 1348 complures
851 1267 947 1349 opert
965 1263 1107 1328 maxime
1128 1273 1259 1330 contens

101 1360 212 1442 derint,
229 1385 325 1428 nemo
338 1361 425 1448 quod
443 1362 543 1430 sciam
563 1363 718 1430 hactenm
736 1363 909 1450 genuinam
924 1363 1064 1452 aliquam
1078 1365 1139 1432 hac
1152 1367 1256 1434 notio·

101 1485 165 1529 rem
179 1464 403 1552 assignaverit.

162 1565 318 1646 Quinimo
340 1567 486 1655 denique,
507 1568 629 1635 nullius
649 1569 838 1657 hypothesis
863 1569 1059 1658 possibilitas
1082 1571 1257 1638 evidentior

102 1692 167 1736 esse
186 1680 306 1758 potest,
329 1671 386 1736 illa
406 1675 470 1760 qut
491 1671 665 1738 subnititur
685 1671 755 1738 hoee
776 1670 930 1738 definitio.
974 1672 1051 1739 Non
1072 1673 1172 1760 igitur
1190 1673 1258 1740 ulla

103 1783 202 1858 potest
216 1772 502 1861 proportionalium
516 1772 692 1841 evidentior
709 1773 817 1861 passio
831 1773 1058 1857 demonstrari;
1080 1798 1140 1844 neo
1158 1775 1258 1863 igitur

104 1874 325 1942 meoedithaec
339 1875 580 1962 argumentatio.
1264 1943 1265 1946 ,

165 1975 234 2044 Sed
250 1976 420 2043 Euclidem
439 1976 507 2044 ictu
523 1975 653 2043 tandem
672 1975 867 2044 atrocissimo
886 1977 968 2060 ferit,
992 1989 1024 2046 et
1045 1989 1169 2048 mutum
1191 2003 1257 2048 non

105 2078 282 2164 prosternit,
308 2078 379 2166 ipso
401 2100 459 2145 suo
482 2079 665 2147 testimonio
691 2101 790 2162 reum,
815 2089 848 2148 et
868 2081 994 2170 proprio
1015 2081 1111 2150 tacite
1135 2084 1257 2171 judicio

106 2181 356 2248 condemnatum.
398 2181 592 2269 Inoaffiea‘em
609 2181 736 2269 (inquit)
749 2183 902 2270 judicata
911 2184 983 2272 fias't
996 2187 1035 2252 ah
1050 2187 1176 2274 &emet
1189 2188 1259 2254 Eu·

106 2284 188 2365 abile,
210 2285 336 2373 qraeudo
346 2285 675 2374 proportionalitatem
693 2287 998 2354 wmewnaarobilem
1021 2291 1257 2375 (eomoeeaaaro-

106 2385 214 2455 biliam
225 2388 294 2456 velt
307 2387 419 2471 ἀίσσω)
437 2389 551 2454 Qum
566 2387 647 2453 labro
660 2389 789 2476 septebao
803 2388 952 2476 definivit.

165 2491 222 2556 Ad
243 2491 328 2556 hanc
348 2489 602 2556 criminationem
623 2489 798 2578 respondeo
820 2513 947 2579 prorsus
969 2490 1150 2574 inficiando,
1173 2493 1259 2581 quod

108 2603 265 2680 eapropter
281 2591 433 2659 Euclides
455 2592 539 2660 hanc
559 2592 778 2658 definitionem
800 2615 891 2660 suam
912 2594 1153 2662 insufficientem
1170 2594 1259 2682 judi-

108 2695 199 2775 carit,
220 2694 371 2782 quoniam
392 2693 427 2760 in
447 2693 554 2760 Elem.
574 2711 639 2760 vn.
662 2693 810 2762 adhibuit
840 2693 955 2775 aliam3
988 2717 1048 2762 nee
1068 2695 1154 2762 enim
1176 2695 1259 2763 hano

110 2793 385 2862 aiinsufficientem
398 2795 468 2884 ipse
477 2785 664 2883 judictsaet
680 2795 809 2862 omnino
824 2795 1031 2880 adhibuisset,
1048 2797 1104 2866 aed
1118 2807 1173 2866 ant
1186 2799 1260 2866 nul·

109 2893 169 2964 lem
185 2899 378 2979 tradidisset,
397 2911 455 2965 aut
472 2899 570 2966 aliam
588 2898 822 2987 inrestiglseet.
868 2900 1046 2970 Abhormit
1060 2901 1121 2968 hoe
1135 2903 1176 2970 ab
1190 2902 1259 2970 En·

111 2998 196 3066 clidis
215 3024 288 3067 cum
302 3001 432 3088 ingenio
446 3010 516 3068 tum
530 3000 678 3068 instituto
697 3003 761 3069 eibi
780 3002 888 3070 minua
902 3003 1045 3093 probata,
1065 3004 1184 3072 nedum
1198 3005 1260 3072 im·

111 3104 234 3186 probata
246 3103 404 3192 proferre;
428 3126 518 3170 suam
538 3113 575 3170 ut
594 3103 698 3170 sciens
718 3104 858 3192 prudens
878 3107 1088 3196 στοιχείωσιν
1107 3109 1260 3176 insuffici-

112 3205 230 3272 entibus
255 3205 423 3294 principiis
444 3203 683 3273 oontaminaret.
726 3206 758 3272 E
778 3217 887 3276 contra
907 3211 1014 3297 potius
1035 3210 1112 3298 quia
1132 3212 1260 3301 septimi

112 3305 250 3375 clementi
280 3308 498 3378 definitionem
527 3308 706 3395 omnigenae
734 3311 1020 3399 proportionalitati
1052 3312 1260 3400 deprehendit

112 3407 438 3501 arremarensem,
450 3410 528 3478 solis
537 3419 649 3498 utpote
659 3421 904 3499 marahorum
915 3414 1260 3503 proportionalitatibus

112 3509 335 3602 adaptabilem3
363 3512 448 3580 haue
471 3534 549 3579 vero
572 3514 726 3601 comperit
749 3514 907 3581 universis
933 3521 1114 3603 congruam,
1144 3517 1260 3586 idcireo

113 3611 180 3682 dum
205 3617 259 3683 hic
281 3617 345 3684 loci
367 3615 547 3704 generalem
572 3615 668 3682 iniret
688 3615 845 3704 analogiae
867 3625 1046 3699 boantum,
1068 3617 1127 3684 ills
1144 3620 1261 3706 rejecta

114 3713 187 3785 hanc
210 3718 414 3806 amplexatus
437 3729 495 3799 est,
514 3717 587 3805 jure
611 3719 797 3806 meritoque.
842 3718 938 3785 Illam
963 3743 1038 3786 aero
1064 3721 1187 3809 (postea
1205 3723 1259 3790 rel

113 3819 192 3903 prius
206 3820 294 3888 haud
307 3820 430 3904 dinuo)
447 3819 630 3907 symmetria
644 3820 931 3908 proportionalibus
946 3821 1100 3909 applicuit
1113 3845 1179 3888 non
1193 3833 1259 3894 mm

114 3923 299 3990 necessitatis
314 3945 410 4011 quarn
425 3921 658 3988 commoditatis
672 3923 785 4009 gratia,
798 3923 874 4011 quia
884 3923 1032 3990 nonnihil
1042 3923 1085 3989 ad
1095 3923 1260 4012 vulgarem

115 4035 232 4112 ceptum
254 4026 349 4092 iatius
373 4025 520 4113 specialis
546 4024 686 4092 materiae
711 4035 856 4114 respectu
880 4025 1002 4093 bailior
1027 4048 1065 4093 ee
1087 4026 1262 4116 simplicior

115 4125 282 4197 videbatur.

171 4227 284 4317 Neque
303 4229 483 4296 mirandum
503 4227 581 4296 adeo
602 4251 675 4297 cum
693 4228 938 4297 Arithmeticam
958 4229 1112 4300 theoriam
1134 4255 1260 4321 separa·

164 4439 234 4499 rua
250 4443 350 4506 mena
364 4464 435 4520 gave
449 4409 727 4528 neeessariam
742 4449 772 4506 a
786 4447 832 4506 ns
850 4447 882 4508 a.
894 4465 943 4508 vn.
