3167 5192
113 350 201 401 unt-r.
216 334 310 421 xrs]
441 350 628 403 murrours
649 350 925 401 semmurum.
1200 334 1262 399 341

110 516 190 606 poris
203 518 251 600 ξν.
296 516 399 585 Unde
411 517 514 605 liquet
526 516 596 585 beo
609 527 746 606 quatuor
758 526 880 605 quents
893 516 1010 583 bebere
1024 538 1059 583 se
1073 516 1171 605 juxte
1190 540 1266 585 oon·

110 620 257 687 ditionem
271 620 308 685 in
322 620 511 687 defiuitione
523 627 633 687 noent
646 621 867 710 prestitutum.

166 722 299 804 Iterum,
322 723 354 789 si
377 723 570 805 sdsumstur,
592 724 628 791 id
648 725 736 812 quod
755 725 873 791 retioni
888 723 985 791 simul
1003 746 1041 791 se
1058 723 1265 812 experientia

108 838 354 894 eonsentuueum
374 837 433 909 est,
455 837 617 894 momente
636 850 696 895 seu
719 830 805 896 vires
830 830 967 895 motivas
991 826 1177 915 ponderum,
1207 848 1265 915 pro

108 927 329 995 distantiarum
346 953 369 995 a
387 940 495 995 centro
513 929 604 997 libre
620 931 716 997 modo
733 931 780 997 sio
799 930 951 1018 eduugeri
974 929 1027 997 rel
1047 928 1205 1009 imminui,
1227 936 1266 995 ut

107 1031 237 1117 equalis
268 1032 500 1098 distantiarum
527 1032 722 1098 incremento
754 1033 809 1099 vel
840 1032 1040 1099 decremento
1073 1030 1266 1119 ponderibus

107 1133 225 1215 iisdem,
243 1135 390 1221 mquubn
402 1146 563 1201 momentu
575 1136 792 1223 superaddent
805 1146 861 1203 eut
874 1134 1054 1216 debebunt,
1069 1133 1145 1201 hine
1160 1142 1267 1199 osten·

107 1236 194 1303 detur
207 1238 310 1325 juxte
329 1238 528 1305 definitionis
546 1238 681 1327 bujueoe
699 1240 892 1306 mentum
911 1247 1073 1307 momente
1089 1236 1266 1327 ponderum

108 1339 274 1426 equalium
289 1340 458 1407 distantiis
471 1340 539 1407 suis
553 1362 622 1409 esse
636 1340 892 1429 proportionalis.

394 1737 753 1859 ,μία

170 1970 219 2038 Ut
232 1971 263 2038 si
277 1979 438 2061 punctum
452 1972 486 2037 Z
493 1971 537 2036 sit
550 1978 694 2035 nentrum
707 1967 808 2048 librae,
819 1968 870 2033 oui
884 1968 927 2034 ed
941 1968 1107 2035 intervells
1120 1969 1191 2050 ΖΑ,
1203 1970 1275 2036 ΖΜ

113 2074 332 2160 appendentur
345 2071 481 2161 sequulis
494 2069 643 2159 pondere,
658 2080 814 2158 rectosque
829 2072 877 2151 ζα,
891 2072 931 2153 ζει
944 2082 1168 2159 mpraeeentent
1181 2072 1268 2160 ipso·

113 2198 176 2240 rum
194 2188 372 2257 momente,
388 2177 486 2261 juxte
499 2173 601 2240 dictes
615 2173 803 2253 distentius3
824 2174 963 2262 deceptis
982 2175 1124 2263 ipsorum
1143 2177 1214 2258 ZA,
1231 2178 1269 2257 ζα

112 2278 275 2364 quibusvis
305 2276 553 2367 mquemultiplis
577 2276 646 2357 ΖΟ,
670 2278 726 2358 ζγς
756 2276 859 2363 liquet
882 2298 900 2343 e
930 2276 1145 2365 suppositione
1173 2278 1268 2345 modo

114 2390 276 2467 pmsnett
293 2387 330 2466 ζγ
348 2404 417 2450 esee
430 2390 628 2449 momentum
647 2378 797 2468 ponderis
814 2380 946 2467 appensi
963 2379 1005 2446 ad
1024 2380 1210 2447 distantium
1232 2382 1267 2449 0.

69 2528 76 2543 .
115 2481 159 2550 Et
179 2486 329 2553 similiter
351 2486 488 2574 eeoeptis
513 2482 584 2565 ZN,
610 2480 989 2570 &tequemultiplioibus
1014 2484 1079 2547 τῶν
1103 2483 1176 2562 ΖΜ,
1203 2483 1267 2567 ξμς

117 2585 210 2676 liquet
238 2592 280 2672 ζν
306 2586 425 2677 sequuti
452 2594 613 2652 momento
638 2582 788 2672 ponderis
814 2581 956 2669 ejusdem
983 2582 1025 2649 ad
1049 2584 1090 2649 N
1113 2586 1268 2672 suspensi.

117 2687 203 2769 Quod
216 2692 246 2757 si
264 2693 299 2757 Ζ
298 2691 328 2758 0
338 2690 482 2771 exeedet,
501 2687 555 2755 rel
568 2686 724 2772 edoequet,
743 2684 798 2751 vel
817 2683 944 2751 deficiet
957 2696 1101 2773 respectu
1116 2688 1173 2753 rod
1191 2686 1257 2753 ΖΝ
1260 2714 1268 2769 ;

118 2792 207 2861 etism
225 2817 296 2861 nne
313 2792 591 2882 oorreepondenter
609 2797 806 2855 momentum
829 2790 866 2871 ζνγ
883 2788 1026 2870 exoedet,
1046 2788 1101 2856 vel
1120 2790 1269 2878 equabit,

118 2894 167 2961 rel
179 2896 310 2965 deficiet
321 2907 466 2986 respectu
479 2900 539 2963 τοῦ
553 2898 597 2978 ζν.
633 2896 723 2983 Ergo
733 2902 855 2983 quunte
864 2894 934 2973 ΖΑ,
946 2894 1017 2961 ΖΜ
1025 2894 1271 2983 proportionalis

121 3011 189 3065 sunt
200 3002 284 3090 ipsis
299 3003 347 3082 ζα,
363 3002 412 3084 ζμ,
423 3000 521 3088 juxte
534 2998 752 3065 definitionem
766 2996 965 3065 Euclidem.

178 3102 350 3172 Consimili
368 3112 462 3189 poeto
481 3100 674 3189 specialibus
695 3100 940 3187 quibuscunque
961 3098 1101 3165 meteriis
1127 3099 1271 3189 adepturi

124 3206 230 3286 poterit
244 3205 314 3270 bueo
328 3202 481 3282 definitio,
501 3202 548 3267 sio
561 3211 599 3267 ut
612 3211 782 3290 postquem
796 3222 814 3265 e
827 3200 1059 3289 propositorum
1079 3211 1270 3287 quantorum

123 3309 308 3396 proprietate
320 3306 470 3395 quopiam
488 3304 596 3372 elicito
609 3303 705 3371 fuerit
718 3304 788 3371 bteo
803 3302 952 3383 eonditio,
972 3326 1028 3391 per
1044 3326 1115 3371 eum
1129 3304 1271 3392 ipsorum

124 3410 393 3498 proportionalitas
408 3408 647 3474 demonstretur.

183 3512 250 3581 Sed
262 3523 296 3579 et
307 3510 457 3599 exemplu
474 3509 568 3598 plure
585 3505 715 3595 suggeri
734 3515 865 3593 possent
879 3504 1117 3586 universalium,
1137 3503 1198 3571 boo
1212 3515 1270 3586 est,

127 3613 163 3679 td
175 3615 297 3682 nullum
311 3613 499 3703 quentitetis
513 3610 649 3701 speciem
664 3608 877 3677 restrictorum
889 3617 1088 3694 quantorum,
1100 3605 1216 3694 quibus
1231 3607 1272 3673 ob

127 3716 277 3786 adnexum
290 3715 503 3784 eonditionem
518 3713 659 3801 aliquem
674 3708 927 3777 eooommodetur
940 3708 1010 3775 here
1024 3707 1177 3775 definitio.
1207 3706 1273 3774 Ve·

127 3814 182 3885 luti
204 3822 233 3888 ei
256 3822 337 3888 bins
363 3818 486 3907 quoeris
515 3815 651 3904 aequelie
675 3824 795 3901 quanto
819 3821 985 3879 sumentur
1008 3811 1052 3893 A,
1077 3812 1116 3893 Β,
1147 3810 1273 3899 elinque

130 3924 243 4006 queris
262 3923 391 3991 sibimet
404 3920 541 4009 oequulie
560 3918 595 4000 0,
610 3919 664 3985 Dr
687 3917 956 3985 demonstrabitur
975 3917 1018 3997 A,
1033 3917 1068 3982 Β
1082 3914 1162 4004 ipsis
1188 3914 1222 3997 0,
1238 3915 1273 3982 D

130 4044 191 4093 esse
209 4024 464 4116 proportionelie.
507 4021 594 4089 Nem
608 4044 651 4089 ex
664 4020 728 4087 istt
739 4020 890 4111 utrinque
905 4019 1068 4111 suppositt
1082 4019 1272 4110 aequslitetis

177 4293 209 4349 Iu
224 4311 243 4349 o
259 4294 335 4350 lever
348 4292 398 4349 the
412 4296 549 4349 momente
564 4292 596 4347 of
607 4292 688 4362 eqnul
699 4288 816 4361 ueighte
831 4306 879 4345 ure
894 4287 1079 4363 proportione]
1091 4290 1122 4345 to
1132 4286 1207 4343 their
1218 4284 1274 4341 dis·

130 4380 216 4436 tuneee
226 4382 297 4435 from
308 4380 358 4436 the
368 4384 478 4436 oentm
488 4380 520 4435 of
527 4379 577 4436 the
588 4380 671 4435 lever.

177 4466 212 4524 So
227 4468 258 4523 oi
271 4466 353 4523 otber
368 4482 452 4524 essee
