3167 5192
324 387 391 454 304
664 400 851 451 uscrrouss
874 398 1147 451 mansuarios.
1283 382 1388 467 [ruer.
1404 400 1485 449 xrx.
1559 356 1560 425 s

322 672 398 739 tatis
413 671 577 759 incapacia
590 679 711 758 quanta
724 669 826 754 λόγον
843 668 951 757 ῥητόν,
969 680 1125 756 quatenus
1140 668 1200 735 etsi
1218 669 1331 757 nequit
1344 668 1484 756 ipsorum

322 775 404 842 ratio
418 775 559 843 numeris
579 774 656 841 ullis
683 774 904 841 communibus
926 772 1109 839 immediate
1129 772 1358 861 repraesentari,
1380 780 1486 861 potest

323 888 431 945 tamen
445 875 678 964 quodammodo
691 876 840 956 mediate,
856 874 1082 963 quadratorum
1101 896 1216 963 nempe
1235 897 1365 942 suorum
1388 875 1484 941 iuter-

322 990 431 1061 ventu,
447 980 577 1067 quaudo
594 980 735 1045 numeris
757 979 814 1045 illa
835 979 1173 1077 veredenominantur
1193 987 1226 1045 et
1244 977 1484 1066 exprimuntur:

322 1084 481 1173 siquidem
495 1084 570 1152 inde
596 1083 661 1149 dici
686 1093 821 1171 possunt
845 1082 943 1148 latera
969 1082 1023 1148 vel
1048 1082 1170 1147 radices
1188 1080 1352 1168 quadratae
1373 1081 1484 1147 talium

323 1209 543 1267 numerorum3
560 1184 736 1272 cujusmodi
751 1184 865 1251 saltem
883 1184 1045 1272 expressio
1059 1182 1175 1251 sufficit
1188 1184 1330 1271 ipsorum
1344 1183 1484 1250 relativa

323 1288 494 1376 quantitati
508 1287 765 1367 determinanda,
780 1286 986 1374 faciendoque
1001 1308 1074 1352 cum
1088 1296 1124 1351 ut
1138 1285 1209 1374 ipsa
1222 1285 1484 1372 qualitercunque

323 1390 533 1479 subjiciantur
548 1389 751 1457 estimationi
771 1398 897 1470 nostrae,
913 1396 984 1454 tum
1005 1398 1040 1453 ut
1058 1387 1163 1475 reipsa
1178 1387 1270 1455 facile
1289 1388 1419 1475 possint
1431 1410 1486 1457 ex·

324 1496 436 1563 hiberi.

387 1598 508 1666 Verum
533 1598 670 1667 invaluit
695 1597 782 1687 apud
806 1598 982 1687 plerosque,
1009 1598 1187 1687 rationique
1212 1598 1293 1691 bene
1318 1608 1484 1663 consenta-

322 1726 419 1771 neum
454 1703 591 1786 videtur,
627 1712 665 1769 ut
699 1702 1070 1769 incommensurabilium
1111 1711 1303 1789 quantorum
1344 1702 1484 1769 rationes

322 1807 468 1874 dicantur
493 1807 635 1894 ἄῤῥητοι,
661 1807 723 1872 hoc
748 1815 806 1881 est,
831 1805 1027 1886 ineffabiles3
1057 1805 1134 1893 quia
1156 1805 1278 1872 scilicet
1299 1804 1484 1893 hujusmodi

321 1907 480 1974 rationum
493 1908 621 1975 termini
635 1908 733 1993 vulgo
753 1907 839 1973 notis
858 1919 890 1974 et
908 1907 1042 1995 receptis
1061 1907 1201 1974 numeris
1223 1906 1350 1996 proprie
1373 1916 1408 1974 et
1425 1909 1483 1973 im·

320 2008 457 2077 mediate
471 2017 633 2096 nequeunt
647 2009 771 2090 efferri3
791 2030 913 2096 nosque
931 2009 1063 2097 proinde
1078 2031 1206 2076 sensnm
1226 2009 1312 2075 hunc
1332 2009 1481 2077 retinebi-

321 2134 403 2194 mus,
426 2111 573 2200 quamvis
592 2110 708 2177 maluit
733 2111 936 2179 doctissimus
959 2112 1107 2180 Borellus
1134 2112 1229 2199 (hauc
1249 2112 1357 2180 forsan
1382 2114 1480 2181 ambi·

321 2215 475 2303 guitatem
492 2214 611 2299 vitans)
635 2214 778 2282 dividere
796 2215 1029 2303 proportionem
1052 2215 1086 2281 in
1110 2216 1428 2283 commensurabilem
1448 2228 1479 2283 et

320 2317 655 2398 non'meusurabilem,
672 2316 828 2386 voeabula
848 2339 933 2383 nova
954 2316 1204 2399 comminiscens,
1228 2340 1286 2385 nec
1306 2318 1478 2385 admodum

320 2431 358 2489 ut
371 2420 520 2489 existimo
534 2417 707 2487 commoda
752 2416 838 2484 Nam
849 2417 1066 2505 proportiones
1081 2428 1271 2507 quantorum
1285 2421 1476 2487 incommen-

320 2524 507 2594 surabilium
522 2544 613 2610 aeque
630 2529 707 2587 sunt
724 2519 803 2607 ipsae
824 2518 1064 2601 mensurabiles,
1080 2543 1118 2586 ac
1138 2523 1354 2610 proportiones
1377 2544 1474 2611 quau·

321 2637 426 2695 torum
450 2620 800 2702 commensurabilium3
826 2620 932 2709 aptius
958 2620 1069 2709 opinor
1090 2632 1123 2690 et
1143 2624 1319 2691 accuratius
1339 2636 1474 2693 mentem

318 2730 521 2797 enuncitsset
546 2750 638 2795 suam
667 2723 797 2813 obliquo
823 2746 908 2805 casu,
933 2724 1041 2791 dicens
1067 2727 1302 2815 proportionem
1330 2750 1403 2796 esse
1426 2727 1474 2795 vel

324 570 466 657 inquam
482 568 684 656 longitudine
705 568 770 656 (vel
795 568 885 635 aliter
905 568 938 635 in
963 590 1020 635 suo
1042 568 1171 655 genere)
1192 565 1485 634 commensurabili·

1559 2516 1560 2563 r

1559 2596 1560 2659 l

1559 2678 1560 2737 l

1559 2740 1560 2827 l

1559 2832 1560 2885 l

320 2842 511 2921 quantorum
532 2827 875 2909 commensurabilium,
901 2827 955 2894 vel
981 2828 1348 2899 incommensurabilium
1378 2856 1473 2921 quarr-

318 2946 434 3001 torum.
479 2933 545 3003 Sed
559 2934 594 2999 ἐν
607 2930 740 3020 παρόδῳ
755 2930 835 3012 hoc;
857 2929 900 2997 ad
917 2930 1076 2998 rationum
1089 2934 1266 3021 propositas
1287 2936 1410 3023 species
1429 2960 1473 3003 re·

291 3063 298 3073 ·
319 3044 490 3103 vertamur.

384 3135 492 3221 Λόγος
504 3136 609 3224 ῥητός,
624 3136 761 3205 effabilis
778 3139 860 3205 ratio
874 3147 932 3221 est,
947 3161 1019 3226 quae
1040 3141 1179 3207 numeris
1197 3140 1333 3229 exprimi
1356 3152 1472 3229 potest3

318 3236 459 3306 numeris
490 3238 646 3325 (iuquam)
674 3238 768 3321 veris,
792 3261 872 3327 quos
897 3250 1022 3322 vocant,
1045 3248 1077 3308 et
1098 3242 1301 3328 vulgaribus3
1331 3244 1471 3332 integris,
1559 3308 1560 3325 ,

318 3342 440 3425 mixtis,
469 3341 595 3423 tractim
625 3341 690 3407 imo
713 3364 838 3431 semper
865 3342 999 3431 integris
1026 3346 1166 3412 numeris
1191 3346 1328 3434 exprimi
1352 3356 1471 3435 potest:

318 3445 575 3534 quandoquidem
589 3444 669 3511 ratio
689 3445 812 3531 quaevis
826 3466 1028 3512 numerorum
1047 3456 1208 3535 utcunque
1228 3448 1409 3533 fractorum,
1424 3450 1472 3517 rel

319 3572 362 3617 ex
383 3550 517 3637 integris
538 3557 571 3615 et
592 3547 700 3615 fractis
719 3547 974 3636 compositorum,
990 3570 1113 3637 semper
1136 3550 1177 3617 ad
1199 3551 1340 3638 integros
1363 3552 1472 3621 adduci

317 3661 422 3741 potest
433 3675 491 3741 per
503 3651 673 3718 fractorum
686 3648 939 3719 denominateres
950 3652 1204 3741 multiplicando.

381 3753 544 3842 Exempla
566 3760 718 3841 praestant
732 3748 841 3819 omnes
859 3754 1002 3841 ejusdem
1023 3756 1148 3843 generis
1170 3780 1333 3840 mensura,
1358 3760 1393 3825 iu
1415 3782 1471 3827 usu

316 3856 443 3944 vulgari
461 3854 660 3936 eonstitutae3
682 3854 794 3942 quales
812 3878 870 3944 pro
892 3856 1094 3926 dimetiendis
1116 3858 1353 3947 longitudinum
1377 3862 1470 3929 inter·

317 3959 412 4025 vallis
435 3957 566 4046 digitus,
589 3957 758 4044 epithema,
788 3957 924 4047 palmus,
953 3982 1020 4048 pes,
1052 3962 1187 4045 cubitus,
1211 3986 1320 4053 orgya,
1350 3988 1467 4055 passus

316 4060 465 4136 stadium,
501 4061 634 4141 miliare,
670 4061 779 4142 leuca3
817 4082 873 4149 pro
910 4063 1060 4131 exaudis
1099 4066 1291 4153 ponderibus
1326 4091 1466 4157 granum,
1559 4088 1560 4151 ,

370 4338 405 4393 In
417 4336 514 4393 lbrclid
524 4336 605 4394 those
616 4339 895 4400 incommensurables
911 4358 959 4401 are
973 4343 1177 4415 distinguished
1188 4346 1279 4403 whose
1295 4362 1409 4417 equares
1422 4359 1466 4401 arc

315 4422 569 4483 oommeusumbles
1559 4422 1560 4439 ³

367 4509 469 4568 Borellr'
484 4510 681 4581 distinguishes
699 4512 971 4573 incommeamrable
988 4518 1043 4573 aud
1060 4518 1313 4575 aoaeneaearabte.
