3167 5192
333 395 396 461 240
666 409 1148 477 uberiorisquiriisiiaricis,
1306 392 1414 477 [ism.
1431 412 1486 459 rr.

330 578 472 665 positum
488 578 618 665 aliquod
632 578 721 666 prius
737 578 930 645 aestimatum
948 589 1105 666 quantum
1127 580 1209 665 (sive
1227 578 1378 645 familiari
1397 580 1488 645 nobis

330 702 394 747 usu
412 681 570 769 praecipue
595 682 768 768 cognitum,
792 704 850 748 seu
870 682 969 768 gratis
991 693 1024 747 et
1038 706 1081 748 ex
1094 682 1226 750 arbitrio
1240 684 1441 770 sumptum);
1462 682 1486 747 si

330 806 446 871 nempe
471 784 667 871 concipiatur
693 783 773 849 illud
797 785 1027 872 precognitum
1049 795 1205 873 quantum
1227 785 1281 851 vel
1303 786 1486 864 indivisum,

331 886 392 955 lioc
405 898 465 968 est,
481 888 603 954 unitate
618 887 831 975 designatum,
846 887 900 954 rel
914 889 950 954 in
964 888 1102 977 aequales
1117 890 1242 978 aliquot
1257 899 1367 977 partes
1385 889 1487 955 distri

330 990 453 1072 butum,
465 990 624 1079 juxtaque
639 991 829 1058 divisionem
843 991 939 1057 istsm
953 1001 1038 1058 certo
1048 991 1186 1079 quodiun
1201 1014 1333 1058 numero
1347 992 1486 1059 denomi-
1541 983 1542 1020 ³

330 1104 452 1171 natum,
479 1105 555 1161 tunc
581 1104 688 1160 autem
713 1093 888 1181 reperiatur
914 1094 988 1182 quis
1012 1118 1164 1161 numerus
1187 1094 1322 1161 istarum
1350 1096 1486 1183 partium

329 1196 510 1284 equalium,
526 1195 578 1262 vel
594 1205 673 1283 quot
687 1218 729 1261 ex
743 1194 815 1260 istis
829 1196 1017 1277 unitatibus,
1039 1195 1093 1263 vel
1112 1220 1185 1284 quae
1205 1219 1280 1285 pars
1300 1198 1396 1265 istius
1417 1198 1486 1263 uui·

328 1300 404 1367 tatis
430 1300 599 1365 conveniat
624 1298 785 1387 proposito
812 1308 943 1386 quanto,
967 1298 1089 1365 dicetur
1114 1299 1189 1366 inde
1213 1300 1351 1387 perfecte
1375 1312 1486 1367 notum

328 1402 410 1469 illud
423 1414 587 1491 quantum,
603 1404 663 1469 hoc
678 1412 735 1483 est,
752 1402 786 1467 in
801 1402 885 1468 datae
898 1425 1054 1469 mensurae
1068 1404 1213 1491 pertibus
1226 1414 1349 1471 notum.
1383 1403 1486 1484 Quin·

327 1506 393 1571 imo
422 1529 506 1595 saepe
534 1517 699 1594 quantum,
730 1505 850 1592 alioqui
880 1506 1027 1571 sensibus
1053 1507 1244 1595 expositum,
1267 1518 1301 1573 et
1321 1530 1378 1596 per
1396 1508 1485 1597 ipsas

327 1610 516 1678 oesfimabile
535 1610 598 1694 (vel
613 1611 704 1697 cujus
719 1609 761 1675 ad
775 1609 954 1696 expositam
973 1609 1055 1675 ratio
1071 1634 1128 1698 per
1147 1609 1299 1677 terminos
1318 1611 1484 1680 sensibiles

326 1713 511 1798 cestimetur)
534 1712 741 1779 nihilominus
762 1712 909 1797 ignotum
929 1721 1084 1793 censetur,
1100 1713 1200 1779 donec
1218 1714 1289 1799 ejus
1308 1714 1351 1781 ad
1368 1726 1483 1781 statam
1541 1689 1542 1774 l

326 1817 466 1903 aliquam
481 1839 660 1883 mensuram
674 1816 835 1904 proportio
854 1815 889 1881 in
907 1839 1056 1883 numeros
1072 1817 1246 1903 redigatur,
1261 1841 1318 1905 per
1336 1842 1482 1886 numerus
1541 1809 1542 1868 l

324 1920 509 2007 explicetur.
560 1919 600 1985 Ε.
611 1942 643 2005 g.
671 1919 819 2007 quamvis
844 1920 879 1985 in
905 1919 1013 2007 aliquo
1037 1920 1156 2004 circulo
1180 1920 1297 1987 ductus
1318 1922 1424 2003 fuerit,
1449 1936 1481 1989 et
1541 1963 1542 1986 i

323 2022 423 2090 oculis
452 2024 595 2109 objectus
624 2022 713 2087 sinus
741 2031 845 2087 rectus
874 2021 1032 2108 &eduum
1061 2030 1111 2103 30,
1143 2032 1252 2088 tamen
1280 2024 1479 2111 aliquatenus
1541 2019 1542 2092 l

324 2124 470 2211 ignorate
487 2125 685 2213 reputabitur
708 2126 776 2213 ejus
799 2126 971 2211 quantitas,
992 2124 1093 2191 donec
1112 2126 1255 2191 animum
1276 2126 1475 2207 advertendo,
1541 2123 1542 2214 l

323 2226 601 2315 ratiocinandoque
624 2228 909 2315 colligemuscum
935 2228 1095 2315 adaequem
1117 2228 1252 2295 dimidio
1272 2231 1373 2311 radii;
1401 2241 1476 2297 tuuc
1541 2217 1542 2300 l

322 2341 428 2399 autem
442 2332 640 2419 penitissime
655 2341 814 2419 comperta
827 2331 1007 2398 censebitur
1020 2333 1091 2419 ejus
1105 2333 1277 2420 quantitas.
1541 2329 1542 2338 ’

387 2434 428 2502 Id
443 2436 528 2523 quod
546 2436 668 2521 (ignota
683 2434 803 2500 scilicet
817 2435 936 2516 haberi,
948 2456 1083 2523 quorum
1098 2436 1140 2501 ad
1155 2435 1319 2503 solennem
1333 2449 1366 2504 et
1379 2437 1472 2503 usita-

321 2550 387 2607 tsm
402 2540 543 2627 aliquam
558 2560 738 2604 mensuram
752 2537 916 2623 ignoratur
930 2537 965 2602 in
979 2538 1120 2604 numeris
1133 2538 1225 2622 ratio)
1242 2540 1348 2605 causis
1359 2562 1379 2604 e
1391 2562 1471 2605 com·
1541 2621 1542 2626 ἵ

320 2643 466 2731 pluribus
486 2642 560 2709 oriri
578 2640 713 2707 videtur.
760 2638 845 2704 Tum
859 2640 972 2727 primo,
988 2640 1066 2727 quia
1074 2639 1233 2728 judicium
1248 2664 1361 2709 sensus
1372 2643 1469 2727 ungis
1541 2695 1542 2728 ἶ

320 2746 477 2814 lubricum
504 2756 537 2812 et
562 2745 728 2817 incertum,
755 2741 924 2829 minusque
946 2743 1115 2831 perspicax
1140 2752 1173 2809 et
1196 2744 1392 2830 exquisitum
1412 2756 1467 2822 est,

319 2872 415 2936 quam
435 2849 469 2913 iu
488 2868 690 2913 numerorum
710 2851 795 2913 certt
812 2846 1014 2933 proportione
1030 2846 1166 2913 undae
1181 2848 1369 2933 quantitatis
1387 2847 1466 2913 ati-

318 2950 435 3028 mati03
459 2959 528 3014 tum
543 2948 689 3027 secundo,
706 2948 782 3034 quia
795 2947 921 3013 facilius
935 2956 968 3014 et
981 2947 1188 3028 commodius,
1203 2972 1261 3037 per
1273 2970 1464 3016 numerorum

319 3052 465 3137 symbola
478 3062 742 3139 repraesentantur
757 3050 873 3131 animo,
888 3073 985 3137 quam
1000 3051 1107 3139 reipst
1121 3052 1270 3118 sensibus
1283 3054 1464 3121 exhibentur
1541 3121 1542 3130 χ

318 3155 521 3240 quantitates,
537 3164 593 3219 aut
607 3154 822 3240 quantitatum
836 3154 993 3221 rationes:
1016 3164 1086 3220 tum
1105 3156 1209 3236 tertio,
1224 3157 1304 3244 quia
1315 3155 1462 3224 sandbdis

317 3259 433 3347 objecti
448 3258 567 3346 species
582 3257 685 3343 magis
705 3257 851 3340 evanida,
867 3257 965 3337 fluxa,
984 3258 1150 3326 mutabilis
1168 3270 1227 3340 est,
1247 3283 1345 3348 qnam
1361 3281 1461 3326 nume·
1541 3279 1542 3346 j

230 3409 232 3414 s
316 3383 380 3441 rus,
397 3361 453 3448 qui
467 3360 617 3427 facillime
631 3360 783 3425 retinetur
799 3361 834 3425 iii
847 3361 1010 3442 memoris,
1025 3363 1205 3450 chartaque
1219 3363 1458 3440 commendam
1541 3377 1542 3434 l

316 3464 497 3553 ubicunqne
511 3463 609 3529 nullis
623 3463 687 3530 fere
701 3462 942 3544 mutationibus,
958 3466 1172 3547 accrementis,
1188 3465 1391 3534 decrementis
1406 3466 1457 3529 ob·

316 3568 433 3634 noxius
447 3578 634 3634 asservatur.
680 3565 764 3631 Tum
779 3566 917 3654 denique
930 3578 1053 3654 quarto,
1068 3568 1145 3657 quia
1158 3592 1358 3637 numerorum
1371 3569 1457 3635 inter·

315 3681 414 3735 veutu
427 3694 532 3737 rerum
547 3669 689 3735 omnium
705 3669 898 3755 quantitates
909 3668 951 3734 ad
962 3692 1089 3757 paucas,
1100 3671 1273 3738 familiares
1288 3670 1453 3746 admodum,

314 3775 358 3871 ab
371 3774 529 3853 omnibus,
545 3782 578 3838 et
596 3795 638 3837 ex
658 3770 804 3836 condicto
824 3772 1032 3839 communiter
1051 3783 1219 3861 usurpatas
1238 3796 1396 3842 mensuras
1412 3794 1454 3837 ie·

314 3876 476 3963 diguntur.
891 3870 894 3875 λ

378 3976 466 4057 Quas
484 3981 528 4064 (et
542 3977 569 4042 ei
592 3999 663 4063 quae
684 3985 759 4041 sunt
780 3973 972 4062 consimiles)
995 3977 1128 4064 hujusce
1146 3978 1192 4044 rei
1211 4002 1323 4045 causas
1344 3981 1451 4065 (qumi-

313 4080 421 4145 obrem
436 4080 556 4145 scilieet
569 4079 603 4145 id
617 4079 774 4166 prescipue
789 4088 899 4143 notum
913 4088 946 4144 et
960 4079 1087 4166 penitus
1105 4080 1303 4168 exploratum
1323 4082 1449 4153 liabetur,

311 4333 460 4391 numerical
480 4332 596 4391 relation
615 4338 646 4391 to
664 4349 717 4405 any
729 4334 827 4391 known
843 4333 971 4404 quantity
981 4331 1067 4389 nien
1081 4349 1114 4389 as
1131 4333 1217 4403 uuity.
1252 4332 1327 4391 'l'bus
1338 4332 1386 4391 tlte
1398 4330 1447 4389 sint

309 4423 341 4477 of
347 4438 383 4477 an
395 4420 476 4491 angle
487 4420 512 4476 is
523 4420 621 4476 known
632 4420 711 4477 when
723 4420 761 4476 its
773 4419 923 4475 numerical
933 4419 1006 4475 ratio
1017 4423 1048 4475 to
1058 4420 1108 4479 the
1119 4420 1219 4475 radius
1224 4420 1251 4476 is
1260 4421 1362 4478 known

362 4506 420 4563 'l'be
433 4522 544 4563 reasons
557 4507 588 4562 of
600 4506 662 4561 thia
1111 4510 1114 4515 “
