3167 5192
449 366 515 434 382
704 382 891 435 anemonas
914 382 1188 434 usunnunrrcn.
1296 367 1394 450 [sacr.
1409 383 1478 432 ιιι.

838 635 970 704 LEOT.
1001 635 1115 704 XXV.

748 809 799 876 De
819 808 952 898 Sptoera
969 821 997 875 et
1019 808 1179 897 Cylindro.

511 978 600 1060 Qum
614 978 655 1045 de
674 978 800 1068 sphaera
814 977 1022 1066 investigavit
1035 977 1259 1059 Archimeden,
1275 977 1328 1044 vel
1343 976 1381 1043 ad
1394 999 1479 1065 super·

445 1082 550 1150 ficiem
564 1083 751 1173 sphaerieam
766 1082 934 1172 pertinent,
949 1081 1002 1150 vol
1017 1081 1059 1148 ad
1073 1082 1284 1149 soliditatem.
1328 1081 1376 1148 De
1395 1103 1481 1169 super·

326 1231 334 1250 .
446 1186 518 1255 ficie
531 1188 634 1276 primo
650 1187 864 1276 dispiciemus.

507 2469 560 2539 sit
574 2469 685 2538 circuli
705 2470 809 2560 portio
833 2471 939 2553 BVA,
966 2469 1058 2559 cujus
1083 2469 1155 2538 axis
1183 2471 1250 2539 VK
1266 2465 1416 2537 transiens
1433 2483 1476 2550 per

440 2572 551 2641 circuli
564 2583 708 2641 centrum
728 2575 763 2656 0,
775 2583 809 2642 et
818 2573 921 2642 basim
932 2574 996 2640 BA
1004 2574 1150 2642 biseeans
1164 2573 1200 2640 in
1213 2576 1261 2641 K.
1285 2567 1419 2638 Portioni
1431 2587 1474 2629 au·

439 2686 505 2744 tem
519 2676 708 2745 inscribam
720 2675 825 2763 figura
838 2675 1006 2764 parilatera
1019 2685 1052 2743 et
1066 2675 1251 2763 aequilatera
1268 2665 1472 2744 VMNOPBA.

439 2779 662 2848 Considerarit
675 2778 894 2861 Archimedes,
914 2777 1000 2867 quod
1019 2779 1048 2846 si
1064 2779 1147 2847 circa
1167 2803 1265 2848 axem
1289 2779 1345 2846 VD
1361 2775 1472 2842 eircum-

437 2893 558 2950 rotetur
573 2884 676 2972 portio
698 2906 771 2950 cum
794 2882 947 2971 inscripta
968 2882 1082 2970 figura,
1104 2882 1302 2972 descriptura
1322 2880 1365 2948 sit
1383 2871 1471 2943 circuli

437 2985 540 3073 portio
554 2988 740 3075 sphaericam
754 2987 951 3076 portionem
974 2987 1078 3074 figura
1090 3011 1175 3070 vcro,
1191 2987 1332 3054 solidum
1345 2989 1469 3050 consens

436 3110 516 3156 cono
545 3091 590 3156 Μ
591 3091 656 3172 VN
686 3102 720 3158 et
748 3091 859 3158 frustis
884 3091 1002 3158 conicis
1030 3090 1095 3176 (vel
1123 3089 1320 3178 cylindricis)
1357 3077 1469 3156 oafflt

435 3193 562 3262 BOPA
576 3217 633 3283 per
646 3195 781 3263 circulos
796 3194 966 3284 parallelos
981 3195 1060 3278 MN,
1082 3195 1147 3276 ΟΡ,
1162 3195 1226 3262 BA
1241 3183 1468 3281 comprehensim

435 3297 575 3386 adeoque
594 3299 793 3388 superficiem
813 3299 951 3388 corporis
972 3298 1151 3387 inscriptis
1173 3295 1393 3386 superficiebus
1409 3307 1468 3354 oon·

369 3426 372 3432 ·
435 3408 518 3466 stare
532 3401 650 3467 conicis
669 3399 722 3468 vel
743 3398 927 3518 cylindrieis
941 3399 1053 3481 MVN,
1075 3398 1209 3479 olim),
1226 3397 1358 3467 BOPA.
1398 3383 1466 3454 Dfflss

434 3501 661 3592 advertitque
682 3504 786 3590 magis
806 3503 941 3570 laterum
963 3502 1075 3590 figura
1095 3501 1268 3568 multitudo
1286 3505 1418 3585 augetur,
1436 3509 1465 3551 0⁰

433 3604 538 3692 magis
548 3605 683 3692 figuram
696 3604 827 3692 planam
842 3604 884 3670 ad
894 3604 1056 3686 airardum,
1067 3612 1099 3670 et
1113 3601 1251 3670 solidum
1265 3601 1308 3669 ad
1322 3597 1464 3688 sphaerffl

433 3719 467 3775 et
487 3707 582 3774 solidi
604 3707 802 3797 superficiem
826 3706 867 3773 ad
889 3706 1088 3795 superficiem
1111 3705 1298 3792 sphaericam
1322 3695 1518 3769 accederet

432 3809 511 3876 adeo
526 3809 655 3898 quidem
668 3821 706 3875 ιιι
718 3808 818 3876 latera
838 3807 1079 3896 multiplicando
1093 3807 1252 3895 pervenin
1242 3804 1387 3873 tandem
1403 3814 1462 3884 pos·
1517 3801 1518 3840 ³

432 3911 476 3978 sit
488 3911 531 3979 ad
543 3913 690 3998 liguram,
705 3911 755 3998 cuj
758 3933 797 3977 us
814 3909 996 3999 superficies
1017 3909 1132 3975 minori
1151 3908 1276 3976 differat
1290 3932 1309 3975 a
1324 3896 1460 4018 aphorice

431 4014 585 4102 portionis
599 3935 764 4104 superficie
779 4036 876 4101 quam
894 4011 1055 4098 assignato
1070 4010 1213 4099 quolibet
1226 4011 1338 4080 utlibet
1350 4000 1460 4074 minino
1517 4021 1518 4104 J

431 4118 574 4201 defectu3
597 4119 738 4206 adeoque
757 4116 889 4204 sphaerae
904 4114 1102 4203 superficiem
1121 4113 1348 4202 quodammodo
1368 4097 1457 4174 haben

341 4233 352 4250 ’
430 4242 525 4310 posse
553 4243 610 4310 pro
638 4220 795 4310 ejusmodi
828 4220 933 4308 figura
961 4217 1160 4286 indefinitam
1188 4217 1324 4286 habente
1346 4213 1456 4280 laterum

430 4325 687 4408 multitudinem
709 4336 742 4394 et
762 4325 812 4413 cuj
815 4348 852 4391 us
875 4323 1059 4392 distantiam
1081 4323 1171 4410 (ΟΖ)
1192 4347 1211 4390 a
1230 4333 1332 4392 cenuo
1348 4313 1453 4405 sphera

430 4427 563 4496 minimo
578 4428 702 4496 differat
717 4453 736 4496 a
750 4350 840 4496 radio
854 4428 996 4516 sphaerae,
1011 4427 1066 4494 vel
1080 4427 1114 4494 iu
1131 4449 1203 4494 eum
1218 4425 1346 4495 desinat.
1385 4414 1454 4482 Ttss·
