3167 5192
238 449 243 453 ,
308 380 371 449 180
641 394 827 448 secutores
849 397 1122 448 ursanusrrcrn.
1291 383 1401 469 [secr.
1419 401 1475 448 xt.

310 567 505 654 (immediate
519 567 642 634 seilicet
656 577 713 633 aut
726 566 875 652 mediate)
894 567 928 632 in
941 589 1012 634 eam
1026 568 1157 633 demum
1171 566 1287 634 ultimo
1304 568 1478 634 resoluun-

308 682 361 739 tut
382 670 490 737 omnia
510 670 594 737 auos
614 668 875 757 magnitudinum
897 670 1113 758 aequalitatem
1136 671 1363 738 demonstrata
1410 670 1478 737 Per

306 792 377 843 eam
395 774 493 861 igitur
507 773 761 839 eommodissime
775 772 945 839 definiatur
959 773 1134 861 equalitas.
1169 772 1304 862 Majoris
1317 774 1354 839 in
1367 774 1477 840 isthoc

310 876 499 964 syllogismo
521 877 746 966 proposiflonis
767 876 887 943 ventas
907 900 926 943 a
947 876 1142 943 definitionis
1164 884 1280 943 natura
1300 878 1382 943 sads
1404 877 1476 943 elu-

310 978 423 1059 cescit3
456 980 546 1067 eujus
576 980 714 1045 officium
744 991 792 1045 est
820 990 858 1045 ut
886 990 1070 1068 symptoma
1094 980 1255 1067 quoddam
1283 982 1476 1069 primarium

308 1081 471 1161 exhibeat,
492 1104 534 1147 ex
556 1088 629 1169 qut,
654 1092 807 1169 tanquam
828 1081 954 1148 formali
975 1104 1080 1163 eausa,
1100 1083 1231 1169 reliquae
1252 1082 1381 1150 definiti
1401 1106 1479 1171 pas-

309 1183 414 1249 siones
429 1207 485 1272 per
500 1184 680 1271 legitimum
695 1184 872 1249 discursum
888 1181 1072 1251 inferantur.
1109 1184 1215 1272 Igitur
1230 1186 1258 1251 si
1273 1186 1478 1273 magnitudi-

310 1310 366 1354 nes
382 1287 519 1376 equales
535 1285 735 1366 definiuntur,
751 1308 823 1373 quse
842 1286 972 1353 sibimet
991 1288 1129 1355 invicem
1148 1289 1278 1375 praecise
1297 1312 1478 1377 congruere

310 1400 453 1479 possunt,
477 1398 570 1455 etex
593 1388 653 1454 hoo
675 1407 826 1478 expresso
848 1400 1062 1477 symptomata
1082 1390 1343 1477 magnitudinum
1365 1414 1479 1479 aequa·

310 1494 391 1559 lium
409 1500 473 1581 qut
492 1492 605 1559 talium
623 1491 805 1559 affectiones
823 1492 1032 1559 demonstrari
1051 1504 1193 1581 possunt,
1213 1494 1293 1560 satis
1311 1496 1479 1561 oonstabit

309 1592 385 1662 inde
399 1594 617 1663 definitionem
638 1589 732 1659 istam
750 1614 820 1660 esse
836 1592 1024 1681 legitimam.
1069 1595 1172 1682 Atqui
1186 1618 1236 1662 res
1250 1596 1313 1661 isto
1327 1596 1428 1662 modo
1442 1618 1477 1662 se

311 1698 418 1779 habet,
435 1708 467 1765 et
481 1696 584 1763 minor
599 1718 689 1783 aeque
703 1718 778 1762 vera
792 1705 851 1762 est.
896 1695 982 1761 Nam
1002 1694 1044 1763 de
1062 1697 1145 1763 faeta
1164 1698 1316 1786 quioquid
1337 1699 1373 1765 in
1397 1698 1478 1765 Ele·

310 1801 427 1867 mentis
454 1800 607 1887 (adeoque
630 1799 782 1888 quioquid
806 1799 932 1887 uspiam
956 1800 1035 1865 alibi
1056 1800 1091 1866 in
1114 1800 1364 1885 Mathematieis)
1389 1803 1477 1869 cirea

309 1924 413 1969 rerum
435 1903 649 1989 equalitatem
671 1904 915 1983 demonstratur,
944 1903 986 1968 ab
1008 1904 1071 1969 isto
1092 1905 1262 1984 axiomata,
1288 1903 1371 1985 Qua
1398 1928 1476 1971 aon·

310 2014 429 2090 gruunt
452 2013 528 2069 sunt
552 2004 697 2090 aqualia,
722 2004 888 2092 dependet,
912 2015 949 2071 ut
974 2006 1175 2094 aliquatenus
1201 2007 1298 2096 hujus
1324 2008 1474 2075 lectionis

311 2106 403 2173 initio
417 2116 697 2173 commonstratum
712 2117 770 2187 est,
786 2118 820 2174 et
834 2108 967 2196 posthae
981 2110 1112 2175 fortasse
1125 2110 1242 2177 alarius
1255 2112 1472 2179 ostendemus

376 2210 469 2291 Quod
484 2212 612 2277 axioma
625 2211 757 2299 proinde
772 2214 829 2300 qui
846 2234 904 2300 pro
919 2213 1112 2301 equalitatis
1127 2215 1311 2281 definitione
1325 2217 1469 2305 positum

310 2314 479 2403 accipiunt,
498 2315 672 2381 rectissime
691 2315 794 2381 fatere
813 2318 978 2398 videntum
999 2318 1116 2405 quibus
1133 2321 1258 2405 (praeter
1276 2330 1470 2387 memoratos

311 2416 520 2505 Apollonium
542 2427 574 2483 at
596 2416 776 2501 Hobbium)
801 2418 1020 2485 doctissimum
1043 2442 1206 2487 aooensere
1226 2431 1337 2507 potero
1358 2420 1470 2489 Borel·

309 2519 389 2586 lium
400 2544 408 2602 ;
424 2522 518 2601 Num,
531 2520 636 2607 inquit
650 2519 704 2600 is¹‚
716 2522 749 2585 δι’
761 2544 870 2587 norrun
883 2523 1073 2609 <equalitatis
1086 2547 1148 2589 aaa
1161 2536 1238 2589 esset
1252 2524 1356 2589 addua
1369 2526 1469 2613 a'rapo·

308 2626 413 2705 situm,
429 2625 617 2712 dioiposaot,
640 2624 715 2703 Qua
729 2624 913 2689 attimaro
927 2639 1100 2712 congruam
1119 2639 1263 2691 uooentar
1275 2626 1427 2713 operalio,
1440 2642 1469 2693 et
1557 2690 1558 2695 ,

310 2728 374 2793 doeo
393 2740 467 2794 earet
485 2728 634 2814 definitio,
654 2748 716 2793 aaa
736 2730 981 2814 pronunciatum
984 2754 1002 2811 ,⁰
1026 2752 1091 2794 non
1112 2730 1210 2815 igitur
1228 2729 1321 2794 aliter
1343 2728 1468 2796 differre

310 2840 402 2916 putat
416 2830 476 2896 hoo
490 2831 732 2916 pronunciatum
746 2830 789 2896 ab
805 2830 997 2918 aequalitatis
1011 2832 1196 2899 delinitione
1205 2854 1303 2920 quam
1317 2832 1468 2900 efferendi

308 2932 423 3011 m0d03
439 2942 471 2997 et
482 2954 574 3019 posse
585 2932 729 2998 concedit
744 2934 849 3021 ipsum
865 2935 899 2999 in
910 2936 1128 3004 definitionem
1143 2936 1237 3003 facile
1251 2938 1466 3004 transmutari.

205 3112 211 3125 ,
308 3034 404 3116 Quod
418 3035 524 3101 innuit
538 3058 613 3101 vero
628 3048 756 3125 propter
771 3058 886 3104 nomen
903 3040 1098 3125 aequalitatis
1117 3040 1207 3128 prius
1222 3042 1422 3130 impositum,
1435 3052 1466 3106 et

308 3139 410 3225 vulgo
435 3150 594 3227 receptum
621 3140 655 3205 id
680 3141 853 3207 axiomatis
882 3144 1112 3231 potiusquam
1139 3145 1337 3211 definitionis
1363 3146 1464 3212 vioem
1557 3130 1558 3135 ἵ

309 3242 428 3323 subire,
452 3264 516 3308 non
538 3244 572 3308 in
594 3267 631 3310 eo
653 3246 722 3311 viro
745 3246 930 3313 doctissimo
951 3270 1080 3336 prorsus
1101 3240 1250 3315 assentio.
1295 3247 1384 3313 Nam
1407 3248 1464 3315 etsi

309 3365 412 3411 rerum
429 3348 623 3432 quatumvis,
640 3348 794 3433 trianguli
812 3349 963 3414 videlieet
982 3361 1038 3414 aut
1057 3349 1178 3429 circuli,
1193 3361 1322 3436 recepta
1337 3350 1465 3416 nomina
1557 3344 1558 3365 ¹

308 3450 384 3530 sint,
397 3460 429 3516 et
443 3450 652 3517 communiter
665 3461 827 3538 usurpata,
841 3462 947 3517 tamen
962 3453 1094 3540 expedit
1107 3456 1172 3519 ista
1185 3454 1317 3519 nomina
1330 3452 1464 3535 deliniri,

309 3554 350 3621 ad
364 3554 580 3620 excludendos
595 3576 710 3642 nempe
725 3554 873 3619 confusos
891 3554 931 3621 de
949 3556 1044 3622 rebus
1064 3556 1136 3623 istis
1157 3566 1190 3623 et
1207 3558 1374 3623 vocabulis
1393 3582 1464 3625 oon·

308 3668 429 3747 ceptus.
473 3657 603 3745 Vulgus
623 3659 719 3739 enim,
741 3668 778 3724 ut
796 3658 831 3723 in
852 3658 996 3725 diverbia
1017 3659 1126 3742 fertur,
1146 3683 1212 3727 non
1231 3662 1414 3749 distinguit,
1432 3674 1464 3728 et

308 3764 405 3831 idaeas
427 3764 544 3852 saepius
566 3764 662 3842 fovet,
685 3762 870 3827 nominibus
892 3762 1020 3827 usitatis
1044 3764 1271 3852 respondentes
1292 3764 1462 3831 admodum

307 3870 454 3935 oonfmes
472 3876 504 3933 et
523 3866 759 3954 inadaequatas3
782 3865 985 3932 scientiarum
1007 3890 1084 3934 vero
1105 3868 1220 3954 genim
1240 3878 1275 3935 et
1294 3868 1379 3935 ratio
1399 3868 1462 3934 dis·

743 4035 752 4066 1
770 4034 839 4085 raet
852 4035 937 4086 aaa.
949 4052 975 4101 p.
991 4036 1028 4086 1⁶.

359 4310 724 4381 Boreffiagreeswiththis
1557 4324 1558 4399 ζ

305 4390 740 4543 Μωῖεᾚὲἕῗξὲὶὴογὴνο
751 4414 875 4463 sammon
889 4416 993 4479 mmet,
1003 4404 1262 4464 emendemus:
1280 4408 1460 4481 buteqrnlity
1557 4412 1558 4465 ἶ
