3167 5192
138 310 237 363 secr.
253 294 344 381 xva]
476 312 665 365 nncnonm
686 314 961 365 nnrnnnamcm.
1243 301 1307 367 263

137 478 264 569 respice
285 479 390 561 sodes,
412 480 578 567 ingeniose
603 482 664 563 vir,
687 491 777 548 tuam
799 482 902 570 ipsius
927 482 1155 565 definitionem,
1177 494 1210 551 et
1231 484 1306 553 vide

137 607 219 651 nmn
231 585 328 672 juxta
341 584 433 651 illam
454 584 540 652 lines
561 586 663 673 possit
683 608 753 653 esse
774 610 924 655 mensura
944 589 1116 677 temporis;
1142 590 1210 675 (aut
1232 589 1308 678 quia

138 687 237 754 malis
251 687 428 754 involutius
442 688 541 776 loqui,
558 690 719 778 quantitas
732 691 884 780 temporis
892 692 914 777 ς)
935 692 969 759 h.
980 716 1008 759 e.
1024 692 1111 759 linea
1123 691 1225 779 possit
1239 712 1308 761 esse

138 814 217 880 pars
241 790 385 880 aliquota
409 792 599 880 quantitatis
627 795 797 882 temporis;
824 795 878 861 vel
903 818 945 861 an
970 794 1133 885 quantitas
1157 794 1309 882 temporis

135 892 292 961 confletur
317 916 360 960 ex
382 892 487 974 lineis,
508 893 562 960 vel
582 918 625 960 an
646 894 733 961 linea
754 895 798 961 sit
819 895 928 983 aliqua
949 896 1111 984 quantitas
1133 894 1305 984 temporis3

143 999 233 1086 (pars
262 996 349 1063 enim
369 996 513 1084 aliquota
534 997 724 1086 quantitatis
745 1000 898 1088 temporis
919 1010 968 1067 est
989 1000 1099 1089 aliqua
1120 1000 1308 1087 quantitatis

138 1100 323 1188 temporis3)
339 1100 473 1188 parique
485 1100 608 1166 ratione
615 1124 693 1167 num
708 1101 795 1168 linea
809 1102 853 1169 sit
867 1103 1028 1191 quantitas
1043 1101 1230 1192 superficiei,
1241 1126 1309 1171 cor·

139 1203 239 1291 poris,
253 1201 413 1291 ponderis,
429 1213 462 1269 ct
475 1202 606 1269 alterius
620 1203 762 1291 cujusvis
777 1205 908 1291 qnanti3
929 1204 983 1271 vel
996 1228 1038 1271 an
1053 1226 1163 1271 omnes
1177 1204 1307 1273 omnino

138 1306 338 1395 quantitates
351 1316 581 1394 componantur
595 1330 638 1373 ex
651 1306 764 1387 lineis3
787 1308 951 1394 quantitas
966 1308 1120 1396 (inquam)
1135 1331 1243 1375 annua
1254 1310 1308 1376 vel

139 1419 315 1491 mensurna,
346 1410 509 1497 quantitas
537 1409 673 1475 uncialis
702 1418 759 1476 aut
787 1410 958 1499 pondialis,
988 1412 1151 1499 quantitas
1182 1412 1306 1500 pedalis

139 1514 327 1603 quadratica
340 1513 395 1580 vel
408 1513 521 1581 cubica
533 1536 613 1580 num
627 1512 721 1579 lineae
735 1512 811 1589 sint,
823 1523 879 1579 aut
890 1514 1122 1580 constituantur
1137 1537 1178 1580 ex
1193 1514 1305 1583 lincis:

140 1639 251 1684 annon
264 1617 293 1682 si
307 1616 388 1705 quid
400 1616 514 1683 horum
529 1617 679 1683 statueris
693 1616 837 1683 audienti
851 1616 983 1683 debebis
998 1616 1198 1709 ludibrium?

207 1722 313 1809 Atqui
331 1744 399 1787 non
417 1721 496 1787 satis
510 1719 737 1787 animadvertit
750 1719 946 1786 clarissimus
960 1720 1020 1801 vir,
1035 1720 1071 1787 in
1085 1742 1146 1787 usu
1159 1720 1308 1787 vocabuli

140 1846 296 1891 mnam
309 1846 345 1890 se
361 1822 501 1889 multum
519 1846 540 1888 a
556 1826 616 1888 sut
634 1821 737 1910 ipsius
757 1821 943 1889 definitione
962 1822 1114 1905 recedere,
1129 1846 1229 1911 eoque
1244 1824 1307 1891 sibi

140 1926 274 1995 labendi
293 1926 492 1994 occasionem
510 1925 709 2007 ministrare3
732 1948 894 2014 quumque
914 1926 1008 1993 toties
1027 1926 1145 1993 lineam
1165 1927 1307 2016 appellat

138 2052 324 2098 mensuram
345 2029 508 2118 temporis,
531 2039 565 2095 et
585 2028 746 2116 ponderis,
768 2037 801 2095 et
823 2030 1038 2118 cujuscunque
1060 2031 1183 2118 quanti,
1201 2030 1307 2098 nulla·

139 2146 236 2203 tenus
254 2133 435 2221 intelligere
453 2141 560 2221 potest
577 2131 696 2198 lineam
716 2154 785 2199 csse
803 2142 926 2220 partem
950 2132 1124 2222 aliquotam
1143 2135 1305 2223 temporis,

140 2248 199 2305 aut
227 2236 388 2327 ponderis,
418 2246 475 2302 ant
498 2244 614 2314 motus,
645 2243 703 2300 aut
726 2233 876 2323 corporis,
899 2256 1004 2321 neque
1030 2257 1102 2301 cum
1126 2235 1167 2302 iis
1188 2236 1306 2304 lineam

138 2362 237 2429 posse
250 2360 441 2427 congruere3
464 2336 522 2405 sed
540 2336 656 2402 laxiori
675 2360 827 2403 mensurae
847 2336 1030 2423 significatu
1050 2338 1200 2419 abutitur,
1211 2340 1308 2427 juxta

138 2467 249 2533 quem,
271 2456 310 2512 ut
334 2455 429 2512 antea
453 2443 635 2510 distinctius
659 2442 877 2531 exposuimus,
903 2464 1053 2509 mensura
1079 2443 1217 2511 subinde
1239 2468 1306 2513 rem

138 2548 321 2637 quamlibet
336 2546 493 2634 designat,
508 2568 581 2634 quae
593 2546 698 2634 possit
712 2544 810 2611 aliam
825 2546 878 2612 vel
893 2546 1056 2613 commode
1073 2557 1305 2634 repraesentare,

137 2651 197 2717 rel
212 2650 494 2739 quomodocunque
502 2649 675 2717 notificare.
707 2646 781 2729 Quo
796 2648 922 2735 duplice
937 2658 1082 2737 respectu
1096 2647 1191 2730 linea,
1210 2651 1307 2736 (recta

139 2754 319 2845 prasertim
329 2763 386 2820 aut
399 2752 570 2833 mmnlans,
580 2753 622 2819 ob
637 2750 875 2841 simplicitatem
887 2762 919 2819 et
927 2752 1175 2819 uniformitatem
1190 2755 1304 2839 suam,)

141 2856 308 2944 temporis,
331 2855 489 2944 ponderis,
509 2854 700 2935 velocitatis,
724 2864 756 2921 et
778 2854 920 2944 cujusvis
942 2855 1053 2942 quanti
1074 2878 1222 2923 mensura
1243 2857 1308 2925 diei

140 2969 250 3049 potest
263 2969 296 3026 ct
308 2958 399 3025 solet
442 2956 530 3024 Nam
544 2958 621 3045 quia
637 2957 719 3024 ratio
737 2958 861 3046 quaevis
883 2970 1073 3047 quantorum
1095 2960 1189 3028 rectis
1211 2960 1305 3029 lineis

141 3060 282 3150 exprimi
296 3069 410 3149 potest,
420 3059 492 3126 ideo
505 3059 585 3126 satis
596 3060 760 3126 commode
773 3070 867 3127 rectae
878 3060 971 3129 linea
981 3062 1026 3128 eis
1041 3064 1305 3152 representandis

140 3164 356 3243 adhibentu13
369 3172 408 3229 nt
421 3184 453 3229 v.
463 3184 496 3249 g.
511 3183 569 3249 pro
580 3160 705 3229 duobus
720 3161 840 3243 solidis,
854 3185 987 3251 qnorum
999 3186 1099 3231 unum
1114 3166 1156 3232 ad
1170 3167 1305 3235 alterum

140 3264 346 3355 proportione
359 3264 405 3331 sic
419 3286 454 3330 se
468 3263 577 3344 habet,
592 3273 630 3329 ut
644 3269 692 3343 isi
707 3264 749 3330 sd
765 3273 793 3345 l,
809 3265 862 3332 vel
875 3275 914 3331 nt
928 3267 1081 3335 diameter
1096 3270 1244 3358 quadrati
1262 3270 1305 3337 ad

141 3370 242 3450 latus,
265 3367 392 3457 qnando
414 3376 528 3455 prater
551 3367 692 3455 ipsarum
714 3369 947 3456 proportionem
971 3370 1055 3435 nihil
1076 3372 1208 3439 obvenit
1229 3395 1304 3440 con·

141 3472 359 3553 siderandum,
374 3471 525 3539 substitui
539 3480 674 3558 possunt
687 3469 759 3537 duae
772 3480 866 3538 reetae
880 3472 973 3539 lineae
991 3472 1130 3561 ipsamm
1150 3476 1304 3543 rationem

141 3575 350 3655 exhibentes3
373 3574 505 3662 parique
519 3573 642 3639 ratione
656 3572 790 3639 duorum
805 3583 991 3661 temporum,
1008 3576 1061 3641 vel
1076 3575 1210 3644 duorum
1224 3600 1305 3665 pon·

141 3679 257 3747 derum
281 3678 458 3744 rationibus
482 3676 675 3743 exhibendis
700 3676 820 3743 assumi
845 3688 975 3766 possent
1000 3688 1093 3745 rectae
1122 3678 1234 3761 lineae;
1272 3690 1305 3748 et

140 3792 276 3850 eatenus
289 3779 470 3869 acceptione
483 3777 641 3845 latissimi
657 3789 849 3867 quantorum
867 3779 1002 3847 istomm
1022 3806 1173 3849 mensures
1195 3783 1305 3851 dican·

138 3898 194 3954 tur
216 3884 268 3951 lrae
288 3884 400 3965 lineae,
430 3906 494 3972 quo
516 3904 612 3949 sensu
633 3881 758 3949 numeri
780 3893 856 3949 sunt
877 3906 1033 3953 mensura
1059 3885 1199 3955 maxime
1219 3910 1305 3955 com·

140 4010 258 4057 munes
272 3999 304 4055 et
322 3987 448 4054 usitata
467 3996 657 4075 quantorum
677 3986 820 4051 omnium
839 3989 1179 4067 commensurabilium,
1195 4014 1302 4059 eorum

138 4094 298 4161 rationem
313 4092 536 4180 exprimentes,
548 4112 668 4178 proque
681 4088 722 4155 iis
737 4089 772 4154 in
785 4090 941 4157 ratiocinii
957 4092 1091 4160 decursu
1105 4096 1303 4179 substitntae3

139 4194 303 4287 quomodo
328 4194 425 4261 etiam
448 4192 566 4259 nedum
588 4190 691 4272 bneae,
715 4189 771 4257 sed
796 4190 860 4257 alia
882 4196 1004 4281 quaevis
1026 4202 1146 4284 quanta
1171 4198 1304 4268 aliorum

201 4420 735 4479 Hisunmdinessinuseoiterma
