3167 5192
303 413 344 478 16
690 431 815 480 omno
838 431 1072 480 enneaconta.

301 597 613 686 exoptatissimaque,
629 599 692 665 nisi
712 601 834 665 sontica
856 601 993 688 quadam
1015 598 1201 665 necessitate
1223 595 1363 675 adactus,
1381 619 1467 683 prae·
1570 621 1571 688 ᾗ

302 701 443 790 dureque
469 703 657 768 constrictus
682 703 801 790 inopia,
828 703 880 769 vel
911 725 952 768 ex
981 713 1070 790 parte
1098 700 1307 768 recessissem.
1351 698 1466 766 Nullis

301 815 383 872 certe
408 806 564 872 machinis
587 807 745 894 impulsus
769 831 788 871 a
812 807 905 871 vobis
930 805 1041 871 divelli
1065 804 1204 892 penitus,
1226 801 1326 867 nullis
1351 804 1464 868 condi·

301 907 442 974 tionibus
466 908 598 976 allectus
621 910 750 997 perduci
774 921 927 996 poteram,
952 919 990 973 ut
1013 929 1031 973 e
1053 906 1169 974 vestris
1194 906 1324 972 omnino
1347 907 1464 972 castris
1570 998 1571 1003 η

301 1011 549 1098 transfugercm3
579 1035 638 1079 nec
660 1015 721 1079 sub
745 1014 817 1078 aliis
842 1014 968 1101 uspiam
991 1012 1134 1099 gentium
1158 1033 1254 1098 quarn
1277 1009 1464 1096 insignibus

300 1115 415 1180 vestris
430 1116 586 1183 militavi:
609 1117 752 1204 quinimo
770 1123 834 1181 non
850 1127 917 1181 tam
937 1116 1018 1182 fines
1038 1124 1159 1180 vestros
1182 1111 1346 1199 dereliqui,
1362 1135 1463 1200 quam
1570 1120 1571 1143 l

301 1213 454 1282 ditionem
469 1219 644 1306 prolatavi3
668 1243 783 1285 nomen
801 1223 942 1284 vestrum
963 1217 1082 1306 protuli
1102 1215 1241 1302 longius,
1257 1215 1345 1281 haud
1366 1216 1463 1302 igno-

300 1321 433 1386 miniam
448 1323 541 1388 vobis
556 1324 715 1389 accersivi.
761 1322 875 1410 Neque
891 1332 961 1386 tam
983 1331 1096 1408 sponte
1115 1326 1188 1385 met
1206 1320 1344 1398 demum,
1361 1341 1463 1406 quam
1570 1322 1571 1349 ¹

300 1423 365 1489 fato
382 1424 520 1512 quodam
539 1426 688 1513 abreptus
705 1426 824 1505 videor,
842 1425 941 1491 futuri
963 1423 1095 1511 provido
1117 1445 1341 1510 praesagoqne;
1364 1433 1402 1487 nt
1423 1423 1461 1487 in
1570 1410 1571 1453 ³

300 1527 365 1592 alia
386 1528 524 1614 quadam
546 1530 725 1596 obscuriore
747 1535 849 1608 arena,
873 1527 959 1616 quod
981 1528 1015 1592 in
1037 1527 1098 1590 hoc
1118 1525 1235 1590 celebri
1257 1523 1351 1591 Circo
1372 1547 1462 1589 nunc

267 1625 270 1632 ⁴
299 1629 436 1696 initurus
459 1653 539 1713 sum,
564 1632 726 1698 certamini
749 1633 966 1721 praeluderem.
1011 1630 1066 1695 Me
1085 1631 1230 1717 quisquis
1253 1629 1352 1714 igitur
1373 1629 1461 1694 banc

250 1731 254 1739 ’
299 1732 342 1798 ob
362 1754 428 1798 rem
449 1756 505 1799 ceu
527 1734 684 1820 pertidum
707 1735 897 1800 desertorem
920 1743 976 1800 aut
996 1733 1169 1819 fugitivum
1188 1731 1383 1818 mancipium
1402 1753 1460 1797 sn-

299 1834 393 1920 gillat
408 1835 639 1916 inclementius,
655 1836 771 1902 viderit
786 1837 855 1925 ipse
871 1859 967 1924 quam
977 1836 1091 1924 justas,
1102 1855 1261 1922 quamque
1274 1833 1460 1920 probabiles

299 1935 354 2002 irae
370 1959 435 2002 suae
450 1959 560 2002 causas
576 1949 739 2025 praetexat.

365 2038 537 2127 Utcunque
559 2062 681 2127 nequeo
703 2064 767 2107 non
790 2041 890 2106 affine
914 2037 1124 2126 mihimetipsi
1146 2060 1219 2104 cnm
1243 2037 1358 2102 laetitit
1382 2061 1458 2124 gra-

299 2143 403 2225 tulari,
419 2155 467 2210 tot
489 2145 645 2211 erroribus
668 2145 846 2225 defunctus,
865 2155 913 2211 tot
934 2155 1060 2232 ereptus
1082 2143 1241 2224 fluctibus,
1261 2153 1310 2208 tot
1330 2143 1457 2208 vicissi-

289 2247 425 2336 tudines
440 2270 635 2334 permensus,
652 2248 738 2334 quod
753 2249 786 2312 in
803 2248 888 2313 hunc
907 2247 1035 2314 tandem
1054 2247 1307 2335 placidissimum
1326 2257 1455 2334 portum

297 2349 486 2436 appulerim,
511 2350 545 2415 in
572 2350 632 2416 hec
656 2351 818 2416 tutissime
842 2350 979 2416 statione
1003 2349 1216 2437 requiescam
1245 2349 1303 2415 ubi
1326 2350 1455 2437 cupiam

298 2453 419 2519 scilicet
441 2452 610 2533 anchoram
632 2453 770 2541 defigere
792 2464 945 2520 aeternum
966 2453 1171 2533 immobilem,
1188 2452 1340 2540 nulleque
1365 2455 1456 2541 (qua-

296 2565 389 2622 tenus
404 2579 460 2645 per
474 2557 540 2622 fata
554 2556 641 2642 licet)
664 2557 698 2623 vi
717 2557 941 2624 revellendum.
986 2555 1055 2622 Nec
1074 2555 1160 2621 enim
1182 2555 1247 2622 fere
1268 2555 1351 2621 votis
1374 2557 1455 2622 meis
1493 2577 1498 2592 ·

295 2659 520 2745 congruentius
536 2659 705 2747 quicquam
721 2660 877 2747 potuisset
891 2657 1026 2737 evenire,
1042 2679 1138 2744 quam
1159 2658 1193 2722 in
1212 2657 1319 2722 Almae
1338 2655 1455 2723 Matris

295 2761 379 2840 sinu,
405 2761 597 2827 omnimodis
623 2763 768 2828 innocuis
795 2762 918 2827 deliciis
941 2762 1163 2841 refertissim03
1195 2761 1229 2824 in
1250 2771 1355 2826 vestro
1379 2762 1454 2845 (hoc

294 2873 353 2942 est,
370 2863 535 2928 hominum
552 2863 659 2929 indole
680 2885 832 2950 perquam
853 2867 975 2929 sincere
994 2865 1190 2951 candidoque
1209 2873 1352 2952 pectore3
1375 2865 1454 2930 snb·

295 2963 365 3029 limi
388 2975 492 3053 captu,
511 2974 543 3030 et
565 2966 740 3031 excellente
763 2968 907 3033 doctrine
927 2968 1143 3056 praeditorum)
1167 2968 1306 3054 regibus,
1329 2969 1451 3055 opinor,

294 3067 373 3154 ipsis
403 3069 575 3134 invidendo
605 3069 779 3151 consortio;
819 3071 853 3136 in
882 3071 1096 3160 pulcherrimo
1126 3071 1290 3137 Musarum
1319 3072 1451 3160 palatio,
1568 3151 1569 3172 Χ

294 3171 495 3237 sanctissimo
510 3169 629 3259 templo
644 3172 783 3254 virtutis,
801 3174 998 3262 amplissimo
1018 3176 1111 3241 bonae
1132 3175 1249 3241 mentis
1271 3177 1451 3262 gymnasio,

293 3273 572 3361 illustrissimoque
593 3275 814 3362 prestantium
837 3277 1055 3364 exemplorum
1077 3277 1219 3358 theatr03
1242 3277 1372 3364 ingenio
1393 3301 1452 3346 cx·

292 3374 451 3465 poliendo,
476 3376 619 3442 moribus
644 3378 857 3458 efformandis,
884 3379 1111 3467 componendis
1133 3380 1309 3462 affectibus,
1335 3381 1454 3448 libera·

291 3479 377 3545 libus
402 3477 552 3548 Scicntiis
574 3503 639 3547 una
660 3482 825 3548 vobiscum
847 3483 1067 3549 condiscendis
1088 3483 1266 3564 intentum
1294 3485 1373 3550 satis
1393 3485 1452 3551 ho·

291 3588 391 3664 nesta,
410 3605 468 3648 nec
490 3582 662 3651 admodum
684 3590 859 3652 exoncrosb
879 3586 1032 3652 servitute
1054 3586 1268 3675 mancipatum
1290 3587 1394 3667 vobis,
1418 3601 1452 3655 et
1568 3608 1569 3627 ³

289 3687 422 3774 minime
451 3688 650 3776 aspemandt
679 3690 861 3756 conditione
893 3689 1115 3777 perfruentem,
1146 3689 1231 3777 quod
1265 3715 1451 3759 aemmnosae

244 3821 247 3826 ·
289 3801 432 3879 superest
446 3791 522 3855 vitae
542 3791 734 3877 transigere:
758 3792 791 3856 id
812 3791 897 3878 quod
918 3815 1004 3872 sanc,
1025 3792 1127 3858 libera
1146 3793 1241 3858 modo
1259 3785 1451 3862 concedatur

288 3894 385 3981 optio,
402 3894 520 3960 centies
535 3895 655 3974 malim,
671 3916 767 3981 quam
783 3906 839 3959 eut
853 3895 972 3960 aulicas
986 3895 1070 3960 inter
1083 3917 1228 3984 pompas,
1252 3908 1308 3964 aut
1328 3897 1450 3963 t'umul-

289 4007 341 4064 tus
365 3998 513 4078 urbanos,
540 4009 596 4064 aut
618 3997 752 4064 rusticas
778 3997 975 4078 solitudines,
1003 3999 1036 4064 in
1060 4023 1093 4064 re
1119 4000 1325 4086 quantumvis
1348 4000 1448 4082 lauta,
1567 4044 1568 4081 3

288 4100 530 4187 quibuscunque
546 4123 602 4166 ceu
622 4099 722 4188 copiis
743 4100 883 4180 affluens,
902 4123 958 4168 seu
979 4101 1126 4167 diffluens
1146 4103 1374 4190 voluptatibus,
1391 4128 1449 4171 sen

288 4201 391 4269 titulis
421 4201 605 4287 insignitus,
634 4203 819 4269 commorari
845 4213 877 4269 et
905 4227 1135 4271 consenescere.
1181 4205 1286 4286 Quam
1315 4208 1448 4295 proinde

287 4305 482 4384 felicitatem,
505 4326 570 4370 non
594 4305 663 4371 sinc
685 4307 815 4394 propitii
837 4307 989 4374 Numinis
1013 4309 1104 4392 (meis
1125 4331 1330 4397 mcommquc
1351 4314 1446 4380 rebus

286 4432 343 4498 per
365 4431 500 4498 nuperae
524 4408 603 4475 istas
627 4409 823 4476 calamitates
849 4410 1036 4497 gravissime
1063 4412 1188 4479 afflictis
1213 4414 1352 4500 benigne
1373 4438 1446 4504 pro·

284 4512 437 4598 videntis)
451 4511 605 4600 singulari
620 4513 835 4580 misericordie
848 4512 929 4578 mihi
944 4537 1134 4596 concessam,
1148 4539 1212 4602 qua
1225 4541 1283 4605 par
1296 4528 1353 4599 est,
1370 4543 1446 4608 erga
