3167 5192
79 415 175 467 uren.
194 403 256 490 ru]
451 425 639 477 une-nouus
660 425 803 477 ornos.
1111 409 1154 478 25

76 592 310 676 eommunire;
330 593 504 682 prestratis
524 594 636 681 ntique
659 593 883 670 fundamentis,
904 617 941 662 eu
962 596 1154 684 suppositio·

74 695 174 762 nibus
187 697 388 765 insistendo.
425 697 510 765 Cum
531 698 639 786 itaque
658 697 740 766 lueis
761 699 850 765 radio
868 719 981 787 corpus
1003 699 1154 787 adsigna-

75 807 148 864 tum
170 799 220 865 sit
240 800 352 888 figurt
369 801 597 889 prismutienm,
620 810 677 868 aut
697 800 927 888 cylindrieum3
950 808 983 868 et
1002 800 1063 869 hoe
1082 803 1154 890 qui-

74 898 149 967 dem
163 913 302 970 rectum
323 907 447 993 (utpote
466 927 532 992 pre
553 905 683 992 reliquis
705 904 854 992 simplex,
877 914 909 970 et
930 914 1051 971 nntrrae
1069 901 1163 974 tour

73 1025 149 1070 sues
165 1005 205 1070 in
221 1006 354 1092 agendo
367 1007 452 1072 vires
471 1006 612 1073 exerenti
633 1005 809 1094 praesertim
831 1007 1021 1074 conveniens
1031 1007 1053 1092 3)
1079 1029 1152 1074 eum

73 1116 105 1172 et
119 1109 252 1176 exinde
268 1133 455 1198 progressus
473 1111 543 1198 ejus
561 1119 691 1176 eatenus
711 1109 806 1177 fuerit
827 1110 986 1191 definitus,
1009 1121 1047 1178 ut
1067 1113 1153 1179 intre

73 1212 274 1298 superficies
297 1211 378 1278 dnus
405 1212 519 1300 plenus
546 1212 721 1280 inflectenti
748 1211 854 1279 medio
877 1214 1151 1301 perpendiculares

72 1312 291 1397 mendum
313 1338 394 1404 ques
408 1316 539 1405 quidem
553 1315 673 1383 abhinc
686 1316 826 1404 (quando
841 1316 949 1384 nullus
964 1326 1151 1387 transversus

73 1415 298 1486 dimensionis
312 1419 410 1499 illius,
425 1418 478 1486 vel
493 1418 653 1485 intervelli
673 1418 854 1506 superficies
874 1419 952 1486 istus
971 1421 1150 1490 dirimentis

72 1518 115 1586 ed
126 1544 201 1588 rem
217 1533 375 1605 nostrum,
391 1522 481 1588 illum
504 1521 617 1588 saltem
631 1545 728 1610 qnam
747 1545 833 1588 nunc
850 1523 1038 1612 attingimus
1060 1549 1150 1613 speo-

72 1632 149 1690 tnns
163 1627 318 1706 effeetus,
333 1637 390 1692 eut
402 1647 480 1692 usus
497 1625 551 1710 sit)
568 1626 735 1692 brevitatis
747 1635 781 1692 et
795 1625 1028 1712 perspicuitatis
1043 1636 1148 1712 comt,

73 1725 168 1794 uelut
197 1751 306 1796 unum
333 1729 452 1796 babere
476 1751 663 1818 possumns3
696 1728 837 1817 adeoque
861 1729 930 1817 jum
958 1729 1083 1797 radium
1112 1743 1149 1800 ut

74 1828 209 1897 duabus
234 1831 435 1900 solummodo·
456 1831 708 1901 dimensionibus
729 1832 909 1922 preditum,
932 1842 964 1900 et
987 1835 1029 1901 ud
1050 1835 1150 1902 instur

74 1927 385 2020 Purallelogrnmmi
407 1934 571 2022 eujusdam
595 1935 783 2023 reotungulr,
809 1935 844 2000 in
866 1935 962 2023 pleno
988 1936 1029 2002 ud
1051 1937 1149 2005 medii

74 2031 281 2103 inflectentis
303 2037 502 2123 superficiem
529 2048 614 2105 recto
635 2038 781 2127 jacentis,
808 2038 1051 2122 considerantes,
1074 2041 1149 2108 reli-

74 2157 178 2223 quom
203 2139 332 2207 itineris
349 2141 436 2230 quod
456 2143 654 2230 persequitur
672 2142 977 2227 determinationem,
999 2144 1147 2213 ultimam

75 2238 171 2308 illum
201 2253 239 2310 et
263 2243 465 2330 eompletnm,
491 2244 768 2331 investigabimus,
795 2267 833 2310 ue
855 2267 1069 2332 exponemus3
1093 2271 1148 2315 ou·

72 2339 169 2424 jusoe
200 2344 334 2432 quidem
359 2345 442 2410 oirou
468 2344 680 2412 redentionem
711 2343 926 2431 inquisitionis
955 2350 1148 2416 consectaria

41 2463 48 2476 ·
76 2445 256 2512 resultabit
269 2445 339 2512 bueo
352 2445 535 2534 propositio,
550 2443 670 2531 passim
690 2444 731 2510 ub
746 2443 873 2529 Opticis
887 2454 1031 2532 recepta:

144 2653 201 2719 Π.
247 2655 278 2718 5.
323 2650 449 2716 Radius
476 2649 628 2731 incedens,
654 2663 683 2717 et
709 2649 843 2738 restanus
872 2651 918 2716 ad
943 2653 1069 2740 speculi,
1100 2654 1216 2740 vetng.
1230 2687 1253 2738 5·

79 2758 182 2842 opaer'
209 2754 391 2840 rqiucteutis
412 2754 605 2842 superficiem
632 2752 763 2840 anyube
789 2755 976 2822 constituunt
1004 2757 1145 2844 (equuleo.

79 2856 199 2947 Hujus
221 2856 309 2924 effati
330 2855 574 2922 declarationem
584 2855 635 2922 sie
649 2857 846 2944 exequimur.
883 2855 1148 2946 Purellelogrum·

80 2982 175 3028 mum
189 2959 411 3048 reutnngulnm
422 2959 552 3027 ABOD
565 2959 647 3026 lueis
661 2969 864 3049 repraesentet
878 2961 1001 3027 redium
1016 2963 1147 3051 oblique

80 3063 183 3149 pleno
203 3063 332 3152 speculo
345 3064 414 3129 EF
425 3062 626 3130 incidentem.
668 3063 782 3150 (Reotu
795 3063 917 3132 seilicet
930 3065 997 3130 EF
1004 3065 1046 3132 sit
1061 3089 1147 3134 oom-

82 3168 193 3234 mum's
213 3167 311 3234 seetio
332 3165 423 3254 pleni
445 3165 487 3233 nd
505 3167 669 3256 speculum
694 3168 781 3249 teeti,
801 3167 917 3256 inquo
940 3168 1061 3236 dietum
1084 3169 1147 3237 Pe-

82 3269 379 3358 rnllelogmmrnum
407 3269 528 3351 existit,
559 3269 651 3336 etin
677 3294 750 3359 quo,
774 3271 950 3338 seeundum
971 3273 1145 3360 premisse,

84 3373 225 3441 reflectio
239 3374 409 3463 perugitur,
424 3395 497 3440 oum
511 3374 608 3461 plsno
621 3375 766 3462 speculi)
814 3373 897 3442 Cum
912 3375 1020 3462 itaque
1036 3375 1146 3442 Perel-

85 3473 286 3565 lelogrummi
300 3485 455 3565 punctum
477 3477 513 3541 B
531 3475 658 3563 speculo
680 3475 820 3564 primum
846 3475 1028 3563 impingens
1048 3499 1147 3564 opeoo

86 3598 124 3644 ne
148 3579 316 3668 impervio,
340 3582 428 3645 reete
454 3575 602 3666 progredi
627 3585 773 3664 nequent,
798 3585 928 3642 oonetur
953 3587 1074 3665 oportet
1098 3579 1146 3664 (ut

86 3681 342 3766 praestruximus)
365 3691 574 3749 retroversus
591 3680 625 3745 A
644 3701 700 3767 per
718 3679 822 3766 ipsum
844 3687 961 3745 rentem
983 3679 1047 3746 BA
1069 3681 1147 3748 resi·

87 3781 155 3854 lim.
201 3785 285 3853 Cum
299 3795 406 3852 nutem
425 3784 546 3852 interes
564 3793 658 3850 reete
679 3784 745 3848 BD
766 3803 862 3871 supra
884 3782 1047 3870 speculum
1067 3784 1146 3851 emi·

87 3890 194 3958 nentis
212 3891 293 3957 ulter
314 3889 468 3956 terminus
493 3889 538 3969 D,
561 3885 651 3954 nullo
674 3885 867 3975 prepeditus
891 3886 1056 3954 obstaculo
1076 3887 1146 3975 peri

87 3991 289 4061 vehementiu
302 4013 430 4058 cursum
451 4013 578 4080 quoque
598 4012 693 4057 suum
711 3989 872 4056 adnitatur
886 4011 1070 4077 promovere
1088 4013 1146 4078 per

88 4107 206 4165 rectum
226 4097 338 4179 ODH3
360 4095 469 4184 palem
489 4093 617 4161 videtur
633 4094 800 4181 utriusque
815 4091 981 4159 conatibus
1002 4092 1144 4161 adversis

89 4223 152 4269 non
174 4201 267 4268 aliter
290 4200 417 4268 facilins
445 4209 502 4265 eut
531 4198 662 4287 propius
687 4196 834 4264 satisfieri
863 4218 965 4284 posse,
996 4219 1092 4285 quum
1115 4198 1144 4266 si

88 4314 257 4394 utrumque
271 4305 356 4372 uiros
375 4311 531 4391 punctum
550 4302 584 4367 Z
594 4311 688 4368 reete
709 4301 775 4366 BD
796 4299 936 4367 medium
955 4301 1144 4369 rotationem

89 4410 253 4497 concipiat
300 4408 356 4478 Sic
372 4408 459 4475 enim
477 4417 647 4494 utrumque
667 4405 786 4494 puriter
804 4412 837 4472 et
857 4409 954 4492 quum
975 4405 1144 4474 minimum

89 4525 216 4583 erecto
240 4535 336 4603 quem
360 4511 507 4580 affectent
532 4533 626 4579 eursu
650 4509 837 4593 deflectent;
864 4508 1021 4600 siquidem
1050 4521 1143 4579 reetae

173 4637 204 4685 s.
220 4636 257 4685 n.
282 4631 320 4678 u.
1034 4616 1057 4682 4
