3167 5192
301 329 365 395 att
632 342 818 393 terriones
841 341 1113 393 narnurrancm.
1246 324 1352 409 [sacr.
1369 342 1479 391 xvn.

301 510 399 594 tripos
415 510 591 599 exprimere
605 510 695 590 solet,
712 519 745 576 et
759 532 833 578 suos
852 510 895 575 ab
913 508 970 577 illo
989 508 1156 597 plerosque
1172 507 1371 595 significatus
1393 530 1479 575 mu·

301 614 402 679 tuarir
432 613 488 679 sed
507 612 553 679 rei
572 612 672 679 nimia
691 612 818 678 claritas
843 611 920 678 facit
942 613 985 698 (et
1008 611 1085 700 quia
1106 610 1242 677 nimium
1260 610 1330 698 jam
1350 611 1480 698 hujus-

300 717 389 783 modi
403 717 545 805 parergis
560 716 669 782 datum
689 718 748 800 est)
767 726 804 781 ut
822 715 876 781 isti
895 738 1024 803 parcam
1044 736 1156 802 operae.
1201 713 1331 781 Addam
1345 714 1478 793 solum,

300 820 376 887 inde
390 821 491 888 videri
506 821 606 904 λόγον
619 820 777 908 ejusmodi
791 842 912 900 sensus,
928 842 1002 886 cum
1024 819 1103 885 istos
1124 828 1291 885 extraneos
1313 828 1387 885 tum
1413 842 1478 907 pe-

301 924 451 991 culiarem
473 923 653 991 Geometris
674 946 803 989 sensum
821 923 1044 1010 desumpsisse,
1060 922 1146 1010 quod
1160 923 1301 989 diversas
1314 944 1365 989 res
1382 922 1478 989 intes

301 1050 335 1095 se
349 1027 559 1117 comparando
574 1027 699 1109 dicitur,
716 1029 853 1109 effertur,
872 1026 1061 1115 exprimitur
1078 1026 1218 1114 ipsarum
1233 1025 1476 1092 determinatus

300 1131 399 1211 valor,
415 1140 470 1196 aut
484 1129 656 1217 quantitas,
672 1152 713 1195 ex
727 1138 872 1218 respectu
886 1151 980 1217 quern
995 1152 1061 1195 una
1074 1150 1124 1195 res
1138 1128 1262 1195 obtinet
1275 1128 1317 1195 ad
1330 1128 1450 1195 aliam.

365 1234 461 1301 Ratio
481 1243 588 1299 autem
603 1232 729 1299 ducitur
742 1256 763 1298 a
776 1246 874 1313 ratus,
894 1233 956 1299 hoc
972 1242 1021 1297 est
1039 1255 1058 1297 a
1078 1256 1157 1312 reor,
1172 1231 1256 1297 idem
1271 1230 1474 1318 designante

301 1334 387 1421 quod
397 1349 479 1425 puto
493 1335 547 1401 vel
564 1336 727 1418 exstima-
748 1358 915 1422 rerumque
929 1332 1060 1422 proinde
1075 1356 1204 1399 censum
1219 1343 1275 1400 aut
1289 1333 1473 1399 aestimium

301 1437 421 1505 indicat
445 1462 487 1505 ex
507 1439 740 1527 comparatione
762 1438 970 1505 notificatum.
1015 1436 1181 1517 Quomodo
1206 1438 1303 1503 etiam
1327 1438 1471 1503 verbum

295 1554 422 1630 patore,
438 1542 635 1631 deductaque
655 1542 696 1607 ab
716 1541 772 1606 illo
792 1552 979 1629 conputare,
999 1552 1179 1628 supputere,
1201 1539 1330 1605 denotat
1349 1562 1472 1605 nnme-

299 1646 400 1712 rando
415 1646 468 1713 vel
481 1657 641 1733 utcunque
654 1668 705 1712 res
720 1644 908 1712 conferendo
923 1654 1050 1731 quanta
1065 1654 1140 1711 sunt
1161 1642 1396 1731 (magnitudine
1412 1644 1471 1709 vel

300 1748 402 1835 pretio
416 1750 556 1835 quante)
572 1748 746 1815 aestimare:
770 1750 856 1836 quod
870 1759 902 1814 et
917 1746 1038 1814 Graecis
1054 1747 1169 1813 dicitur
1182 1744 1380 1829 λογίζεσθαι.

366 1850 440 1917 Vox
455 1862 562 1917 antem
569 1854 733 1939 proportio
747 1852 900 1943 reperitur
915 1875 935 1917 a
949 1850 1101 1919 Cicerone
1115 1850 1282 1938 aliquoties
1296 1860 1468 1937 usupare,

300 1976 481 2040 quanquam
496 1976 590 2019 sensu
604 1977 669 2021 non
682 1978 746 2021 uno
761 1965 873 2021 exacte
888 1954 1008 2021 eodem.
1045 1953 1139 2019 Alias
1153 1953 1238 2019 enim
1252 1952 1338 2041 apud
1352 1954 1467 2042 ipsum

301 2056 385 2123 idem
401 2055 505 2122 volere
519 2058 645 2124 videtur
659 2058 746 2145 quod
760 2057 900 2147 simplex
914 2058 1004 2139 ratio,
1020 2080 1249 2145 nonnunquam
1268 2080 1343 2123 vero
1363 2058 1467 2124 ratio-

299 2186 378 2227 num
392 2160 636 2228 similitudinem
654 2163 706 2227 vel
724 2163 907 2249 analogiam
926 2163 1111 2250 designare:
1133 2163 1317 2251 primusque
1332 2162 1466 2231 videtur

300 2266 356 2332 ille
380 2264 449 2353 ipse
474 2266 543 2353 ejus
569 2288 662 2331 usum
687 2265 899 2347 adinvenisse,
927 2265 1040 2332 saltem
1069 2266 1111 2331 ad
1139 2288 1188 2333 res
1212 2264 1463 2333 Mathematicus

299 2369 421 2459 primus
436 2368 636 2457 applicuisse.
682 2367 738 2435 Sic
752 2368 858 2433 innuit
879 2367 914 2433 in
936 2367 1114 2455 fragmento
1136 2368 1222 2457 quod
1244 2368 1380 2433 Timreus
1402 2368 1459 2433 in-
1565 2414 1566 2451 ,

300 2474 458 2553 scribitur,
473 2473 527 2540 vel
547 2473 596 2539 De
611 2472 790 2538 Universo:
815 2474 912 2538 verba
933 2473 1031 2553 sunt¹,
1057 2472 1121 2539 sed
1141 2474 1332 2541 aaronem
1352 2472 1389 2538 id
1409 2486 1460 2539 est

300 2578 499 2667 aptissimum
523 2590 615 2664 atque
634 2575 891 2663 pulcherrumum,
918 2576 1002 2662 quod
1025 2599 1064 2641 aa
1088 2598 1120 2641 se
1142 2588 1233 2663 atqua
1254 2576 1293 2642 de
1315 2576 1365 2643 tir
1386 2599 1459 2663 qum

299 2684 456 2770 astringit,
471 2706 567 2769 qaum
580 2681 716 2745 meina
736 2702 832 2745 unum
854 2680 952 2765 efficit.
998 2678 1042 2744 Id
1060 2680 1173 2767 optineo
1194 2680 1369 2767 semitm·
1388 2705 1459 2768 qrroe

306 2785 428 2851 Groeeei
443 2783 610 2867 ἀναλσγία,
624 2784 740 2849 Latiae
758 2782 947 2867 (eudemum
961 2794 1006 2847 est
1026 2784 1119 2863 caim,
1134 2785 1283 2869 quoniam
1303 2784 1369 2851 toec
1385 2784 1456 2872 pn·-

300 2911 385 2953 mum
399 2912 421 2953 a
434 2887 521 2952 ochra
535 2888 700 2971 notamur)
718 2887 917 2973 comparatio,
930 2888 1124 2973 proportiove
1138 2886 1321 2975 dr'ct'poteat
1358 2885 1457 2953 Porro

300 2989 416 3077 saepius
431 2990 465 3053 in
485 2989 546 3054 isto
566 2989 675 3055 libello
693 2989 904 3077 proportionis
924 2990 1023 3056 utitur
1043 2990 1208 3072 vocabulo,
1224 3013 1319 3059 sensu
1338 3000 1455 3071 tanen,

299 3105 337 3160 ut
350 3094 452 3161 videri
466 3094 696 3182 praemonitum,
712 3096 821 3182 aliqua
835 3095 932 3161 vario.

364 3200 447 3285 Ejus
461 3210 568 3266 autem
582 3200 767 3287 effingenda
781 3202 858 3267 hinc
872 3211 1000 3288 accepta
1010 3201 1136 3267 videtur
1150 3200 1239 3288 origo
1255 3201 1306 3269 vel
1321 3202 1454 3269 occasio.

300 3304 385 3374 Cum
404 3304 438 3369 in
455 3303 659 3390 corrogandis
681 3306 902 3392 vectigalibus,
924 3316 957 3372 et
976 3306 1183 3393 importandis
1204 3306 1350 3373 oneribus
1372 3307 1456 3393 pub-

299 3411 380 3491 licis,
402 3431 460 3498 pro
474 3408 659 3475 facultatum
683 3411 776 3475 modo
802 3410 976 3476 secundum
1003 3432 1110 3496 seques
1136 3410 1223 3496 leges
1249 3419 1368 3491 taxato,
1394 3432 1457 3479 sne

300 3516 413 3602 cuique
428 3536 501 3600 pars
515 3512 724 3599 persolvenda
737 3512 874 3593 cesserit,
891 3534 963 3599 quos
977 3535 1090 3600 nempe
1105 3522 1174 3579 rata
1186 3512 1337 3600 cujusque
1350 3516 1457 3601 portio

300 3619 385 3685 dicta
404 3626 470 3698 est3
493 3617 569 3683 hine
581 3616 801 3702 unusquisque
815 3616 937 3682 solvere
952 3616 1055 3682 dictus
1075 3640 1131 3705 pro
1151 3617 1303 3704 portione,
1323 3618 1374 3683 vel
1392 3640 1455 3707 pro
1563 3634 1564 3679 1

300 3727 369 3787 rati
392 3725 451 3787 sut
473 3721 635 3807 portione3
665 3720 741 3785 hinc
767 3720 894 3785 emersit
915 3720 1105 3787 vocabulum
1129 3720 1297 3807 proportio,
1321 3719 1455 3807 dignum
1563 3754 1564 3811 t

299 3825 405 3891 visum
420 3822 575 3903 Ciceroni,
596 3845 696 3910 quum
711 3821 840 3890 Graecas
861 3822 968 3889 literas
989 3845 1045 3889 suo
1061 3823 1176 3889 donare
1191 3822 1285 3889 Latio
1304 3823 1455 3907 studeret,
1563 3814 1564 3867 l

348 3996 359 4029 ¹
371 3996 472 4056 Δεσμῶν
482 3992 505 4040 δ’
517 3994 530 4043 ὁ
542 3994 679 4051 κάλλιστος,
693 3988 713 4051 ᾤ
724 3988 753 4038 dr
764 3990 836 4039 αὑτὸν
848 3992 888 4039 καὶ
899 3992 931 4040 τὰ
942 3994 1083 4053 ξυνδούμενιι
1094 3993 1130 4042 ὅτι
1141 3994 1250 4053 μάλιστα
1262 3994 1287 4042 ἐν
1295 3994 1359 4056 ποιῇ.
1377 3994 1457 4049 Τοῦτο

301 4078 327 4126 δὲ
338 4079 431 4139 πέφυκε
442 4078 561 4139 ἀναλογία
573 4076 695 4125 κάλλιστα
707 4074 842 4122 ἀποτελεῖν.

351 4346 508 4415 Proportio
525 4348 688 4407 introducod
706 4353 742 4425 by
760 4355 865 4410 Oiooro.

354 4431 476 4488 Derived
497 4434 568 4489 from
587 4438 699 4494 tarable
716 4439 882 4509 proportior.
