3167 5192
121 394 225 443 nucu
243 378 350 464 xvii]
484 391 670 444 uncrrouns
692 391 966 443 nrununrrrcn.
1229 376 1294 443 279

119 564 300 632 relationes
314 563 376 631 sibi
390 562 482 651 quusi
496 562 659 629 contrarie
672 562 726 628 vel
739 561 905 627 universe
952 558 1052 645 (blele
1066 560 1164 647 igitur
1178 558 1292 627 Theon

120 667 183 734 ills
214 666 414 755 Smyrnaeus,
444 665 640 733 Nicomacho
668 664 878 744 consentiens,
908 663 982 731 'lviv
1011 662 1046 729 δὲ
1074 662 1195 730 ἀνίσων
1223 661 1291 729 διά·

122 796 246 854 cuppa
259 770 320 853 μὲν
333 768 368 836 ἓν
380 769 438 835 sul
450 767 489 836 τὸ
503 767 591 849 αὐτὸ,
607 766 658 857 ἐφ’
674 766 826 856 ἑκατέρου
840 765 1000 854 ἑκάτερον·
1021 766 1119 849 nosos
1134 764 1169 831 δὲ
1189 766 1295 854 ἔτερος

123 872 185 939 καὶ
208 872 352 944 &mbr
373 871 523 960 ἑκατέρου
543 870 626 959 πρὸς
646 868 820 956 scheper,
838 878 871 935 et
891 892 962 957 quus
981 879 1156 958 sequuntur
1170 868 1205 935 in
1218 892 1294 937 eeu·

123 975 205 1042 dem
220 974 436 1058 sententium).

197 1076 286 1144 Sene
306 1076 364 1143 vix
386 1074 527 1164 percipio
549 1098 606 1141 cur
626 1098 691 1142 nou
713 1098 804 1163 aeque
825 1075 976 1143 confundi
998 1075 1136 1142 debeant
1157 1074 1294 1143 rationes

126 1178 352 1259 Geometricoe‚
368 1201 440 1266 quse
454 1178 537 1245 inter
553 1179 634 1245 duos
652 1178 805 1245 terminos
824 1178 1007 1267 inequales,
1024 1201 1067 1245 ex
1086 1178 1293 1245 tenuinorum

125 1282 330 1349 intercedant
343 1280 517 1347 Metuthesi
530 1282 577 1348 sic
595 1291 632 1348 ut
648 1304 706 1370 pro
726 1288 791 1347 und
811 1282 932 1349 ratione
950 1282 1136 1362 habeantur,
1153 1303 1242 1369 aeque
1256 1304 1294 1347 sc

126 1384 232 1473 vulgo
252 1386 502 1467 commiscentur,
519 1406 640 1473 proque
657 1390 725 1451 unt
742 1396 911 1453 censentur
929 1386 1098 1453 relationes
1120 1384 1294 1453 secundum
1351 1448 1352 1451 ,

127 1486 302 1576 διαφοράν,
316 1510 390 1576 quse
402 1488 486 1553 inter
499 1488 652 1553 terminos
665 1486 777 1555 itidem
792 1488 932 1576 sequsles
945 1498 1120 1555 versentur.
1239 1528 1243 1536 ·

196 1591 269 1659 Nec
291 1592 397 1659 obstet
416 1590 502 1679 quod
521 1590 693 1679 improprie
712 1590 756 1657 sit
772 1590 957 1679 hujusmodi
977 1590 1145 1658 subductio
1165 1590 1294 1679 majoris

126 1717 149 1760 a
165 1695 304 1775 minore,
324 1693 473 1782 quodque
493 1692 620 1759 difficile
639 1692 787 1759 rideatur
810 1693 974 1782 concipere
997 1692 1076 1781 quid
1100 1692 1170 1780 ipso
1192 1693 1295 1759 nihilo

126 1796 251 1863 minus.
295 1795 381 1863 Num
401 1796 489 1863 hund
508 1795 573 1863 fere
591 1796 698 1862 minus
719 1796 892 1885 impropria
913 1806 1076 1865 censeatur
1098 1796 1213 1863 divisio
1234 1797 1297 1862 mi·

125 1900 220 1966 noris
234 1922 292 1988 per
304 1901 420 1987 majus,
435 1922 538 1987 neque
555 1899 682 1966 lucilius
701 1899 847 1967 videatur
864 1899 1028 1988 concipere
1047 1898 1172 1988 quoties
1191 1898 1295 1987 majus

125 2026 150 2069 s
168 2003 296 2069 minore
314 2003 501 2070 continetur.
546 2000 635 2070 Setis
655 2001 811 2090 estquod
830 2002 1014 2091 hujusmodi
1031 2002 1210 2085 subductio,
1225 2003 1295 2091 puri

125 2106 230 2173 modo
244 2129 282 2172 uc
294 2105 475 2173 istiusmodi
488 2104 615 2187 divisio,
630 2116 742 2173 exacte
755 2106 878 2173 calculo
898 2118 996 2195 paret,
1017 2130 1055 2173 uc
1074 2107 1200 2195 legibus
1220 2108 1296 2174 sub-

122 2212 218 2299 jacet
232 2210 464 2291 Arithmeticis,
479 2218 513 2277 et
525 2232 591 2276 non
605 2209 675 2275 sine
687 2210 810 2277 ratione
824 2211 1016 2297 confingitur
1030 2220 1085 2277 sut
1099 2211 1278 2279 adhibetur.

199 2312 311 2401 Adjici
336 2322 444 2401 posset
471 2312 558 2379 hunc
586 2312 784 2380 subducendi
812 2313 953 2395 modurn,
981 2314 1086 2401 quoad
1112 2313 1177 2380 slis
1200 2315 1295 2381 valde

127 2418 248 2486 utilem
267 2440 345 2497 esse,
361 2416 536 2505 praesertim
555 2416 590 2482 in
608 2417 865 2505 progressionum
880 2416 1152 2484 Geometricarnm
1167 2440 1298 2505 compa·

128 2520 259 2587 ratione
279 2542 352 2585 cum
373 2518 614 2599 Arithmeticis;
644 2528 678 2585 et
699 2518 858 2607 imprimis
879 2518 1008 2585 illarum
1029 2518 1296 2608 progressionum,

129 2644 211 2711 quse
223 2622 373 2709 utrinque
387 2622 430 2687 ub
447 2622 571 2689 uuitute
587 2620 763 2709 procedunt
782 2620 860 2687 hinc
876 2621 1053 2703 crescendo,
1069 2620 1160 2687 illinc
1175 2620 1296 2689 decres-

130 2725 255 2805 cendo;
278 2725 361 2791 sicut
378 2724 464 2790 enim
480 2724 693 2792 crescentibus
713 2723 859 2791 terminis
878 2736 1073 2813 exponentes
1093 2724 1297 2811 assignentur

131 2828 279 2917 positivi,
304 2828 352 2894 itu
376 2827 629 2895 decrescentibus
653 2826 909 2893 commodissime
934 2815 1117 2895 tribuuntur
1141 2828 1295 2915 negativi.

21 2951 27 2964 ·
135 2932 206 3001 Sed
218 2932 280 2998 hoc
293 2953 358 2997 non
372 2930 501 3018 estjam
515 2928 724 3018 persuadendi
738 2929 837 2997 locus.

202 3034 321 3102 Moneo
333 3044 459 3102 tentum
472 3031 507 3099 in
518 3032 702 3102 Geometrid
715 3032 808 3099 facile
823 3032 1001 3101 differentes
1012 3034 1107 3103 hasce
1117 3040 1293 3126 negativus,

134 3162 194 3207 seu
206 3137 310 3204 nihilo
324 3137 461 3203 minores
475 3134 627 3202 terminos
641 3134 797 3201 exhiberi.
830 3133 916 3203 Num
931 3137 972 3203 cb
987 3138 1096 3205 eodem
1111 3140 1177 3208 fixo
1191 3142 1307 3211 limite

134 3252 264 3309 tuntum
285 3241 321 3307 in
345 3250 451 3329 partes
473 3247 656 3305 statuuntur
680 3250 714 3306 et
738 3248 962 3327 computentur
985 3243 1156 3311 contrarius
1182 3247 1233 3327 iis,
1258 3247 1292 3314 iu

134 3368 218 3435 ques
231 3354 420 3432 procurrunt
440 3343 568 3409 termini
589 3341 719 3431 positivi
740 3342 842 3409 nihilo
864 3344 1009 3432 majores.
1054 3346 1104 3413 Ut
1119 3347 1195 3414 siin
1210 3350 1297 3417 linet

134 3454 224 3517 rectt
237 3446 403 3514 indefinite
416 3450 550 3513 extenst
563 3444 636 3512 duos
649 3456 743 3512 rectse
755 3446 837 3527 AM,
853 3446 930 3528 AN,

605 3588 817 3669 ‘ill'

136 3788 275 3868 sumpte
289 3776 439 3865 utrinqne
453 3776 489 3842 in
505 3785 611 3865 portes
629 3775 810 3859 contrarias,
827 3776 962 3864 singule
982 3788 1146 3867 sequentur
1165 3778 1296 3847 cuilibet

135 3894 233 3952 rectoe
252 3882 291 3964 Ζ,
313 3891 346 3949 et
365 3890 452 3947 recte
472 3881 550 3946 ΑΜ
564 3880 703 3947 anterius
724 3902 894 3948 excurrens
916 3890 1117 3970 repraescntet
1134 3884 1210 3967 ÷Z,
1226 3892 1295 3950 turn

640 4014 650 4050 ¹
668 4018 730 4083 Cep.
745 4031 785 4079 30.

189 4314 279 4370 What
294 4313 320 4369 is
336 4311 508 4369 subtmction
525 4312 556 4369 of
569 4314 681 4384 menter
697 4312 769 4368 from
786 4308 862 4367 lessi

189 4408 258 4464 'l'his
273 4408 298 4464 is
314 4405 406 4462 nsetul
421 4406 451 4461 in
467 4405 664 4476 progressione
959 4452 963 4456 .

192 4490 378 4550 Geometrioul
393 4490 546 4547 exhibition
561 4490 592 4545 ol
601 4488 729 4559 negative
746 4487 905 4559 quentitios.
