3167 5192
102 388 193 438 naor.
208 370 289 457 rra]
431 388 620 439 memoras
641 388 917 439 muneramus.
1196 374 1258 439 103

101 561 159 626 sibi
173 572 298 627 cunctae
312 584 405 649 pares
419 562 484 627 sint
492 586 501 642 ;
518 560 654 648 denique
668 560 754 648 quod
769 558 998 627 Mathematica
1013 561 1178 628 ratiocinia
1192 563 1258 627 sint

100 663 335 750 perfectissimae
349 663 642 729 demonstrationes.

160 766 355 832 Accuratius
367 766 438 831 haec
451 776 544 847 certe,
557 765 749 833 luculentius
763 775 797 832 et
811 766 940 831 uberius
955 766 1181 854 exposuissem,
1194 767 1257 834 nisi

101 868 181 955 qnod
198 868 383 956 importune
401 869 609 936 obvenientes
627 868 699 934 aliae
720 868 867 955 quasdam
889 869 1159 956 occupatiunculae
1181 893 1257 936 avo·

101 972 196 1037 norint
209 973 368 1051 animum,
384 984 417 1038 et
436 972 614 1039 meditandi
632 973 715 1037 mihi
736 983 862 1060 tempus
876 973 1094 1059 praeciderint3
1118 996 1255 1039 necnon

102 1075 140 1140 ab
158 1075 284 1162 aliquot
306 1076 421 1142 diebus
442 1076 578 1163 languor
595 1076 727 1164 quidam
744 1080 821 1162 (non
836 1076 914 1143 adeo
928 1077 1046 1163 gravis,
1062 1089 1095 1141 at
1109 1078 1256 1145 nonnihil

101 1178 329 1264 incommodus)
347 1179 569 1268 corpusculum
583 1180 755 1261 invaserit3
778 1180 835 1266 qni
856 1180 933 1245 facit
954 1191 991 1245 ut
1013 1181 1169 1268 cumipse
1190 1205 1255 1247 non

102 1280 268 1346 admodum
283 1281 421 1362 valeam,
436 1304 496 1347 ros
510 1280 633 1363 saltem,
655 1282 778 1370 Optimi
800 1282 981 1362 Auditores,
1001 1281 1176 1371 discupiam
1198 1307 1257 1351 va-

101 1382 159 1449 lere
170 1384 358 1471 plurimum.
404 1394 409 1402 '

161 1487 226 1552 ch
239 1487 382 1554 desitum
402 1499 452 1555 est
471 1489 532 1554 hoc
550 1510 644 1569 anno,
664 1488 875 1555 Professionis
897 1489 1051 1556 institue
1071 1490 1182 1579 primo,
1203 1492 1255 1557 cui

103 1589 245 1657 nimirum
270 1592 391 1659 accidit
412 1593 543 1659 unicum
568 1593 685 1659 habere
706 1592 887 1659 terminum.
932 1592 1168 1681 Amplificando
1194 1618 1255 1659 nu·

103 1714 192 1773 mero,
202 1693 396 1781 chartaeque,
411 1718 484 1782 quae
499 1705 651 1783 superest,
666 1695 797 1783 propius
811 1694 1033 1782 adimplendae,
1049 1694 1129 1761 duas
1143 1706 1254 1763 mutuo

105 1792 259 1861 desumam
289 1798 356 1883 (vel
381 1799 488 1886 potius
516 1799 617 1885 gratis
645 1798 807 1885 adjiciam)
838 1798 998 1880 lectiones,
1029 1799 1105 1865 anni
1134 1800 1254 1888 primas

104 1896 330 1985 subsequentis,

472 2054 876 2065 --——-——-.—-

550 2232 681 2308 LEOT.
704 2234 807 2306 VIL*

485 2414 606 2501 [Terin.
628 2412 730 2479 Mieh.
755 2412 859 2498 1664.]

177 2566 231 2636 OS
250 2580 311 2649 est,
330 2561 524 2646 Academici,
545 2588 617 2629 cnm
637 2562 836 2629 humanitate
853 2563 1036 2651 conspirans
1051 2564 1178 2653 optime,
1193 2590 1252 2634 nec

197 2670 250 2758 qui
267 2671 375 2758 magis
394 2665 473 2733 alibi
493 2690 589 2754 quam
609 2665 694 2754 apud
713 2686 772 2730 vos
789 2688 851 2729 usu
870 2665 1031 2754 frequente
1049 2668 1251 2736 confirmatus

109 2766 268 2855 invalescit,
285 2783 360 2861 post
374 2770 557 2837 diuturnam
571 2769 748 2836 absentiam
763 2767 887 2835 oblatos
902 2770 936 2834 in
951 2782 1153 2859 conspectum
1171 2774 1251 2840 ami·

110 2892 156 2936 cos
178 2874 347 2942 ardentiori
373 2872 512 2963 quodam
538 2872 653 2937 affectu
676 2872 851 2959 complecti,
877 2872 1044 2960 profusiori
1067 2874 1251 2962 garrulitate

110 2978 294 3065 compellare.
341 2978 404 3044 Cui
424 2988 459 3042 ut
476 2999 535 3063 ego
556 2975 777 3041 consuetudini
799 2976 977 3043 insisterem
999 2977 1102 3061 hodie,
1119 2980 1146 3046 si
1168 2982 1249 3049 mihi

110 3078 154 3143 rel
166 3084 352 3153 mediocrem
370 3093 425 3149 aut
442 3092 555 3146 natura
572 3079 787 3162 concessisset,
805 3092 861 3147 aut
878 3081 1018 3147 studium
1039 3092 1250 3173 comparasset

112 3178 221 3252 dicendi
234 3185 430 3265 facultatem,
446 3182 593 3270 equidem
605 3183 763 3271 permulta
777 3183 878 3250 fateor
893 3184 980 3252 haud
1000 3186 1138 3273 segniter
1155 3211 1249 3275 urge·

111 3297 179 3355 rent.
219 3291 305 3358 Nam
320 3299 354 3356 et
367 3288 498 3354 affectus
513 3286 658 3353 stimulos
673 3288 816 3353 acerrimi
838 3291 995 3376 persentio
1005 3315 1013 3370 ;
1044 3300 1076 3356 et
1097 3292 1248 3358 orationis

113 3407 280 3475 argumento
300 3394 473 3458 instructus
492 3412 562 3454 sum
582 3388 838 3476 splendidissimo
857 3391 954 3478 juxta
971 3414 1008 3456 ae
1029 3392 1197 3473 uberrimo,
1211 3404 1248 3460 ut

113 3512 159 3577 pro
178 3502 334 3587 comperte
353 3518 467 3583 nempe
488 3498 595 3558 vestri
614 3490 733 3557 eximia
751 3492 786 3557 in
806 3516 857 3559 me
877 3492 1099 3560 benevolentia
1120 3495 1248 3561 meritas

114 3608 202 3677 grates
214 3600 435 3690 persolverem,
459 3606 495 3662 ut
512 3596 644 3661 enixum
661 3595 696 3660 in
715 3597 881 3685 praeclaras
901 3594 1086 3683 disciplinas
1107 3597 1247 3665 studium

114 3702 309 3785 predicarem,
323 3714 360 3769 ut
374 3703 506 3789 dignam
519 3698 599 3765 viris
612 3698 812 3787 philosophis
830 3698 1017 3787 patientiam
1030 3708 1168 3765 vestram
1183 3701 1248 3767 ool-

116 3796 266 3892 laudarem,
282 3818 316 3873 et
330 3802 566 3892 congratularer
578 3802 681 3868 vobis.

169 3906 228 3976 Sed
245 3934 346 4001 quum
362 3908 528 3996 ingenium
546 3930 663 3986 meum,
686 3904 729 3970 ad
748 3904 917 3971 dicendum
936 3928 1087 3995 perquam
1105 3906 1247 3975 inhabile

118 4001 299 4105 ineptumque
313 4012 463 4081 reclamet
481 4010 710 4091 vehementius,
726 4019 758 4075 et
774 4009 871 4099 hujus
891 4009 1030 4078 instituti
1047 4011 1147 4079 nostri
1166 4011 1246 4079 ratio

160 4267 353 4331 strumum
373 4271 603 4328 demonstratione
623 4286 672 4325 ara
691 4269 805 4342 perfect

160 4353 209 4413 'l'he
226 4360 336 4417 Autlror
355 4376 416 4430 says
436 4358 472 4414 he
492 4358 543 4413 has
561 4357 634 4413 been
654 4356 693 4411 ill.

160 4440 216 4501 liris
231 4448 299 4504 ends
318 4446 369 4503 tha
385 4446 448 4502 first
465 4444 552 4517 years
570 4443 709 4499 Lectrrres

163 4530 609 4591 'amoomreofLoetures
