3167 5192
526 391 651 442 orario
674 391 908 443 summouit.
1252 374 1294 438 13

131 579 235 646 usqne
261 567 406 646 posteros
433 559 632 644 perennabit,
659 557 800 648 ipsisque
828 560 909 625 adeo
937 581 1011 624 cum
1036 557 1136 624 saeris
1163 559 1294 646 (quibus

132 665 271 751 pretium
287 663 422 728 adauxit
436 663 680 750 quodammodo,
699 665 899 752 gratiamque
917 665 1046 751 adjecit)
1067 661 1186 730 Bibliis
1204 675 1294 730 aeter·

132 767 228 831 nitati
246 768 446 854 permanebit
466 779 657 834 consecratu.
702 767 861 834 Caeterum
883 769 917 833 in
940 768 1000 833 boc
1021 768 1101 855 ipso,
1120 768 1206 854 qnod
1226 791 1292 856 prae

131 869 245 958 lingna
274 872 430 939 babemus
460 873 598 958 negotio,
628 895 695 938 non
723 873 845 960 absque
873 872 1027 958 vegrandi
1054 884 1183 960 stupore
1211 873 1293 938 mihi

131 973 251 1040 licebat
271 977 450 1054 observare,
471 977 577 1040 virum
599 987 692 1040 aetate
713 975 996 1061 ingravescentem,
1018 999 1078 1041 nec
1099 975 1192 1041 firmt
1212 977 1293 1042 satis

130 1086 276 1144 utentem
305 1079 498 1158 valetudine,
527 1089 634 1144 tantas
662 1078 776 1144 aliene
804 1079 852 1144 rei
877 1078 1008 1164 vigilias
1031 1078 1214 1166 impendere
1239 1079 1292 1146 vel

128 1179 275 1266 potuisse
296 1181 325 1245 si
345 1181 453 1260 vellet,
475 1191 531 1245 ant
554 1179 582 1244 si
605 1190 712 1266 posset
737 1179 887 1258 voluisse,
906 1189 1047 1267 quantas
1070 1203 1164 1246 nemo
1184 1180 1294 1248 forsan

129 1281 227 1361 alins,
242 1284 339 1348 etiam
354 1293 447 1350 etate
466 1283 593 1348 validus
615 1295 648 1349 et
669 1305 798 1370 corpore
818 1284 977 1363 robustus,
992 1307 1058 1350 sure
1079 1284 1290 1370 prestitisset.

128 1385 258 1452 Tantus
280 1387 374 1452 illum
398 1387 490 1452 ardor
512 1387 724 1452 inflammavit
747 1386 787 1452 de
813 1387 906 1452 vobis
928 1388 1010 1454 bene
1033 1387 1196 1468 merendi3
1226 1388 1292 1455 tale

127 1489 315 1578 perficiendi
329 1490 414 1576 quod
429 1491 602 1578 occepisset
621 1491 742 1576 egregii
760 1490 909 1556 facinoris
928 1491 1058 1557 incessit
1076 1491 1290 1571 desiderinm3

127 1604 168 1658 ut
190 1615 265 1657 cum
286 1593 379 1658 annis
400 1594 575 1659 secrevisse
596 1594 681 1659 vires
703 1595 852 1680 corporis,
867 1617 939 1659 cnm
962 1605 1055 1661 etate
1077 1594 1170 1680 vigor
1190 1594 1292 1660 animi

127 1695 310 1784 provectior
323 1695 473 1776 evasisse,
489 1705 520 1760 et
535 1717 598 1783 quo
613 1694 655 1760 ad
668 1695 745 1760 vitae
760 1707 902 1760 centrum
919 1696 1051 1784 propius
1067 1695 1238 1775 accederet,
1253 1717 1293 1762 eo

127 1798 206 1864 ferri
224 1799 385 1866 videretur
407 1799 579 1866 incitatius.
624 1799 671 1864 At
696 1798 774 1885 quid
798 1799 868 1886 ejus
893 1799 928 1863 in
954 1799 1014 1864 hae
1038 1799 1235 1870 conficienda
1258 1823 1292 1867 re

128 1925 343 1969 commemoro
372 1903 583 1981 sedulitatem,
613 1924 712 1988 qnnm
741 1902 777 1966 in
806 1901 1001 1989 auspicanda
1025 1904 1132 1989 potius
1158 1903 1291 1969 enixum

128 2006 283 2087 studium,
305 2019 338 2073 ct
360 2007 537 2094 impensam
558 2029 633 2093 erga
658 2027 717 2071 vos
739 2004 995 2072 benevolentiam
1020 2005 1153 2073 debeam
1177 2007 1293 2095 praedi·

128 2110 227 2175 care?
248 2110 405 2196 siquidem
421 2110 470 2174 illi
490 2120 616 2175 tantum
637 2132 701 2174 non
724 2109 844 2196 primus
864 2109 1005 2196 ingentis
1027 2109 1124 2197 hujus
1145 2110 1292 2176 beneficii

127 2223 238 2300 partes
259 2213 374 2280 referre
395 2211 516 2278 debetis
538 2221 682 2299 acceptas
693 2239 701 2292 ;
725 2213 817 2300 cnjus
837 2213 996 2280 excitatns
1017 2212 1193 2294 admonitu,
1215 2237 1292 2279 con·

128 2315 205 2382 silio
218 2337 396 2402 persuasus,
412 2316 541 2382 hortatu
555 2315 746 2402 compulsus,
762 2315 914 2382 mirificus
929 2317 985 2383 ille
1004 2316 1165 2383 Maecenas
1184 2326 1293 2383 noster

127 2441 205 2485 cum
218 2417 479 2484 Mathematieam
494 2419 577 2483 hanc
592 2419 762 2484 instituerit
777 2417 1019 2499 Professionem
1035 2431 1104 2486 tum
1118 2418 1292 2488 lectissimo

127 2521 286 2588 librorum
300 2521 447 2587 thesauro
462 2521 702 2589 Bibliothecam
717 2532 856 2588 vestram
870 2522 979 2587 ditarit
991 2523 1182 2608 ornaritque
1204 2523 1292 2600 Quid

128 2624 243 2691 enim?
263 2623 454 2712 annonjnre
472 2624 618 2690 beneficii
638 2634 747 2690 auctor
768 2623 944 2689 censendus
962 2633 1021 2703 est,
1036 2624 1094 2710 qui
1111 2624 1293 2689 benefacto·

127 2751 198 2794 rem
213 2728 320 2814 ipsum
334 2727 526 2807 conciliavit,
542 2738 576 2792 et
589 2727 682 2814 qnasi
697 2725 829 2792 donavit
847 2726 957 2807 vobis3
980 2727 1037 2814 qui
1053 2725 1160 2791 aliene
1171 2748 1216 2805 re,
1232 2732 1292 2791 sud

128 2852 208 2896 vero
229 2829 395 2916 sapientia,
415 2833 474 2894 sut
495 2828 615 2915 profuit
632 2829 816 2909 voluntate3
838 2828 895 2916 qni
916 2829 1068 2895 aliorsum
1089 2829 1291 2896 exundantes

129 2933 356 3000 munificentiae
375 2935 462 2999 rivos
482 2935 515 2998 iu
535 2955 641 2999 aream
660 2943 801 2998 vestram
817 2932 975 2999 deduxit?
994 2935 1115 3021 absque
1128 2957 1192 3020 quo
1206 2943 1290 3000 certe

127 3035 253 3114 fuisset,
271 3057 336 3100 non
356 3045 440 3102 esset
460 3035 556 3100 hodie
577 3035 663 3121 quod
684 3043 810 3100 tanturn
831 3057 892 3121 ego
912 3036 1028 3101 studiis
1049 3035 1288 3116 adminiculum,

127 3150 256 3206 tantum
271 3139 453 3204 Academiae
466 3148 696 3217 ornamentum,
712 3147 836 3202 tantum
851 3136 967 3203 seculo
980 3138 1165 3226 exemplum
1179 3150 1289 3224 gram-

126 3242 212 3308 lnrer
225 3242 404 3308 accessisse.
450 3241 562 3308 Haeret
576 3240 716 3328 prolecto
735 3241 857 3327 lingua,
873 3241 980 3306 delicit
998 3240 1175 3328 ingenium,
1190 3241 1290 3306 colla·

125 3347 235 3413 bascit
263 3348 389 3412 animus
415 3349 514 3414 verba
541 3345 736 3434 perquirenti
765 3356 855 3410 tanto
885 3346 1038 3413 beneficio
1067 3347 1290 3434 quadantenus

125 3451 313 3536 squuata3
336 3450 427 3537 cujus
442 3449 695 3536 magnitudinem
711 3472 768 3515 vos
783 3449 952 3535 cogitando
970 3449 1097 3514 facilins
1117 3449 1287 3528 estimare,

123 3575 227 3641 qnsm
241 3575 301 3638 ego
317 3551 451 3618 diceudo
473 3553 593 3640 possim
616 3553 803 3638 exprimere.
846 3551 903 3616 Ab
924 3550 1134 3638 insuperabili
1155 3549 1288 3637 proinde

124 3664 246 3721 conatu
260 3653 434 3720 subducam
448 3677 509 3732 me,
525 3663 694 3741 postquam
710 3652 743 3718 id
757 3677 858 3718 unum
873 3653 961 3718 fuero
980 3661 1183 3740 protestatus,
1199 3650 1288 3716 illius

124 3758 352 3825 commemisse
365 3757 428 3822 viri
448 3757 600 3823 eximiam
622 3758 657 3823 in
679 3780 731 3822 me
752 3756 983 3843 benignitatem
1005 3753 1170 3843 pulchrius
1191 3754 1288 3841 longe

124 3872 226 3949 atque
240 3861 369 3926 uberius
384 3860 589 3947 gratitudinis
604 3860 833 3926 testimonium.

194 3961 286 4028 Huic
300 3963 399 4050 igitur
413 3962 560 4028 obeundo
580 3962 681 4029 officio
701 3960 869 4049 designati,
884 3985 943 4050 par
961 3960 1043 4028 illud
1061 3960 1201 4027 viromm
1223 3961 1287 4029 tale

126 4077 316 4153 tantumque
335 4065 437 4152 quid?
459 4088 500 4130 an
518 4064 696 4129 adhibitam
715 4065 777 4129 sibi
798 4063 894 4129 fidem
916 4063 1086 4144 violarunt,
1102 4065 1142 4131 de
1158 4087 1193 4132 se
1211 4089 1288 4132 con·

126 4179 252 4255 ceptam
277 4190 367 4255 spem
390 4165 598 4234 deluserunt?
622 4189 700 4232 num
724 4189 781 4253 pro
805 4188 892 4232 more
913 4166 1011 4232 nimis
1032 4191 1128 4256 qnam
1149 4179 1285 4255 recepto,

126 4273 252 4360 privato
267 4271 455 4359 compendio
468 4271 593 4352 intenti,
606 4269 659 4336 vel
674 4268 804 4336 desidiae
820 4291 885 4336 snae
896 4270 1113 4358 indulgentes,
1125 4283 1287 4359 speratum

125 4376 279 4444 beneficii
300 4377 440 4442 lrnctnm
465 4375 499 4440 in
522 4375 630 4464 plnres
650 4395 751 4440 annos
774 4373 989 4442 distulerunt?
1018 4376 1082 4441 imo
1105 4397 1165 4438 nec
1185 4396 1286 4438 unum

126 4481 338 4566 permiserunt
352 4501 517 4546 excurrere
531 4501 596 4568 pon
617 4478 759 4546 liberstae
780 4477 856 4544 fidei
876 4501 952 4560 sue,
968 4501 1033 4545 nou
1053 4477 1193 4545 absoluti
1213 4501 1288 4565 pro·
