3167 5192
104 394 194 446 sacr.
212 380 301 465 xva]
436 393 622 445 anamotus
644 392 918 447 marsanamcaa
1193 378 1257 443 253

101 562 235 632 diversis
264 564 467 647 collocantur,
493 566 688 655 letcropeaau
713 565 902 634 vocitentur.
948 563 1032 633 Sunt
1061 572 1167 630 autem
1196 564 1259 631 ista

101 668 308 735 subordinatas
329 679 520 757 quantorum
543 694 659 758 genera
682 670 783 737 veluti
799 670 934 737 totidem
956 668 1073 735 classes
1093 678 1126 735 et
1144 667 1259 755 praedi-

101 784 247 840 amenta
266 773 463 861 quantitatis,
488 774 598 841 ecdem
615 773 680 841 iere
699 774 795 839 modo
815 774 875 841 sub
895 772 1072 859 quantitate
1093 770 1257 860 disposita,

101 898 162 963 quc
177 876 328 964 vulgaria
341 875 587 965 predicamenta
605 877 666 943 sub
680 885 770 959 ente;
793 876 889 942 valde
904 875 1038 941 discreta
1054 898 1073 941 a
1088 899 1121 942 se
1135 885 1257 956 mutuo,

101 989 276 1068 praeterque
291 980 391 1047 dictas
407 980 482 1047 illas
497 978 659 1068 gericrales
678 979 867 1068 quantitatis
885 978 1066 1045 affectiones
1080 978 1162 1043 nihil
1176 978 1259 1045 inter

101 1106 131 1151 se
145 1106 317 1150 commune
331 1084 385 1152 vel
398 1084 503 1151 simile
517 1084 638 1151 sortita.

163 1185 327 1253 caetsrum
345 1186 479 1253 istarum
498 1186 727 1253 convenientia
745 1197 777 1253 ct
795 1185 989 1252 diversitatis
1009 1186 1089 1252 ratic
1103 1184 1259 1272 generalis

101 1300 145 1356 est
161 1289 312 1378 aptitudo
331 1290 383 1357 vel
397 1289 585 1379 ineptitud0,
604 1288 762 1377 capacitas
782 1297 839 1355 aut
857 1288 1050 1376 incapacitas
1070 1298 1259 1375 quantorum

101 1393 139 1459 ad
157 1394 423 1483 compositionem
443 1416 500 1461 seu
519 1393 718 1461 coalitionem
738 1393 773 1459 in
793 1416 894 1459 unum
911 1400 1014 1458 totum
1024 1418 1033 1473 ;
1056 1392 1109 1458 vel
1126 1390 1167 1456 ad
1184 1392 1260 1458 sub-

101 1497 290 1565 tractionem
312 1520 368 1564 sau
389 1498 647 1564 constitutionem
668 1498 744 1563 novi
767 1496 904 1576 residui3
935 1494 1127 1576 addibilitas,
1153 1506 1190 1561 ut
1214 1495 1261 1560 ita

103 1600 218 1683 dicam,
242 1601 295 1667 vel
319 1600 537 1669 inaddibilitas
567 1601 663 1667 unius
688 1601 729 1667 ad
755 1600 908 1681 altarum3
940 1598 1183 1666 subducibilitas
1207 1600 1261 1665 vel

101 1727 164 1771 nou
190 1704 434 1773 subducibilitas
454 1703 550 1769 unius
572 1704 614 1772 ab
636 1702 753 1785 alter03
784 1724 934 1770 excessus
959 1711 1062 1768 cartus
1085 1711 1134 1767 est
1154 1701 1261 1768 animo

103 1806 399 1895 comprehensibilis
424 1807 519 1873 unius
549 1828 646 1894 supra
675 1807 820 1887 alterum,
849 1806 903 1873 vel
931 1804 1071 1873 defectus
1099 1804 1195 1871 unius
1220 1806 1262 1871 ab

104 1909 221 1989 alterc3
244 1909 298 1976 val
311 1908 387 1975 talis
401 1914 549 1975 excessus
565 1919 621 1975 aut
635 1909 775 1977 defectas
790 1910 1001 1998 incapacitas;
1018 1919 1051 1975 et
1065 1908 1142 1975 hinc
1156 1931 1261 1995 aqua-

104 2011 178 2079 litas
197 2012 254 2079 vel
272 2011 473 2099 inaequalitas
492 2013 588 2079 rmius
610 2022 754 2102 respectu
773 2013 921 2079 alterius:
943 2014 978 2078 in
992 2012 1054 2093 his,
1073 2013 1214 2100 inquam,
1229 2022 1262 2078 et

104 2113 172 2181 hac
185 2113 473 2183 concomitantibus
491 2125 547 2181 aut
561 2115 814 2185 consectantibus
833 2116 985 2181 fundatur
998 2115 1263 2203 homogeneitatis

106 2226 135 2281 ct
149 2215 429 2303 heterogeneitatis
449 2218 530 2283 ratio
550 2217 733 2306 respective.
778 2218 864 2283 Nam
881 2241 953 2306 quac
975 2219 1021 2284 sic
1042 2220 1155 2285 affecta
1176 2229 1260 2299 sunt,

106 2328 140 2385 ut
153 2320 283 2408 possint
296 2342 363 2385 esse
382 2330 487 2409 partas
502 2320 597 2387 unius
612 2344 715 2408 persa
736 2332 841 2387 mente
855 2321 1074 2409 conceptibilis
1089 2322 1212 2410 quanti,
1226 2322 1261 2386 in

106 2445 202 2489 unam
227 2445 385 2488 summam
405 2424 583 2510 aggregari,
606 2424 782 2511 adjectione
804 2425 855 2490 sui
876 2446 910 2490 se
930 2432 1042 2490 mutuo
1063 2446 1188 2510 augere,
1211 2424 1263 2490 vel

107 2525 298 2592 detractione
319 2526 479 2606 minuere3
501 2548 573 2613 quae
595 2538 679 2593 certo
700 2548 833 2592 excessu
853 2527 908 2594 vel
929 2526 1053 2592 defectu
1074 2526 1226 2593 differunt
1243 2550 1264 2592 a

107 2648 140 2694 ac
153 2628 309 2709 invicem
332 2649 466 2716 quorum
483 2650 584 2694 unum
598 2628 686 2695 haud
700 2628 871 2716 improprie
891 2628 944 2695 vel
963 2628 1070 2717 inepte
1087 2627 1150 2694 dici
1163 2630 1264 2716 possit
1312 2712 1318 2724 .

108 2730 228 2818 aequnle
246 2729 346 2811 alteri,
365 2729 418 2797 vel
432 2730 529 2797 altero
544 2731 647 2818 majus
667 2728 816 2796 minusve
825 2755 834 2811 ;
857 2730 1054 2818 homogenca
1071 2741 1156 2812 sunt,
1175 2742 1208 2798 et
1222 2730 1263 2797 ad

109 2833 238 2899 eandem
259 2833 475 2920 quantitatum
493 2834 576 2899 inter
595 2856 629 2899 se
648 2834 912 2920 comparabilium
931 2833 1064 2901 classem
1084 2834 1261 2923 pertinent3

110 2958 179 3021 quae
200 2958 300 3017 secus,
323 2936 541 3023 heterogenca‚
561 2936 701 3003 diversas
719 2936 760 3003 ad
781 2937 884 3029 tribus
903 2937 987 3005 inter
1006 2961 1041 3004 se
1058 2938 1209 3007 discretas
1230 2949 1263 3006 et

111 3039 343 3125 ἀσυμβλήτους
356 3038 527 3107 referenda.
865 3087 868 3093 -

175 3144 232 3213 Sin
255 3144 389 3233 hujusce
415 3142 577 3210 varietatis
602 3142 756 3230 originem
779 3142 911 3211 ulterius
932 3147 1079 3233 persequi
1101 3146 1208 3228 libeat,
1231 3157 1263 3212 et

112 3246 192 3313 unde
205 3247 280 3314 talis
296 3246 431 3313 subinde
442 3253 632 3333 quantorum
647 3245 939 3333 incomparabilitas
949 3259 1087 3335 exurgat
1100 3247 1263 3336 indagare,

112 3372 153 3416 ex
164 3350 347 3441 hujusmodi
360 3350 425 3417 fere
439 3349 542 3415 causis
556 3348 659 3437 ipsam
674 3350 899 3439 comperiemus
913 3351 1079 3439 proficisci.

177 3466 203 3524 1.
230 3456 350 3537 Primo,
363 3478 406 3522 ex
416 3454 511 3522 valde
520 3452 645 3521 diversa
655 3454 854 3541 qucnmdam
866 3465 1055 3541 quantorum
1066 3460 1264 3542 naturaqud

113 3556 149 3623 lit
160 3568 195 3625 ut
208 3560 266 3625 uui
280 3558 441 3626 communi
460 3579 615 3624 mensura
635 3556 750 3643 subjici
769 3566 938 3644 nequeant,
958 3578 1031 3645 quas
1050 3558 1167 3646 pariter
1184 3557 1264 3623 utri-

114 3682 172 3747 que
184 3670 337 3750 congruat
352 3671 408 3727 aut
422 3659 607 3740 conveniam
628 3659 695 3725 imo
713 3682 773 3725 nec
789 3668 826 3725 ut
843 3659 914 3747 ipsa
927 3680 1019 3725 mena
1038 3667 1145 3725 nostra
1163 3660 1265 3747 possit

115 3784 151 3828 ea
172 3774 365 3843 connectere,
391 3762 445 3829 vel
471 3761 531 3829 sub
556 3762 652 3828 unius
681 3761 758 3828 certi
787 3760 1069 3849 quomodocunque
1098 3760 1264 3828 uniformis

116 3868 274 3957 compositi
302 3858 424 3933 ratione
453 3866 634 3953 conciperc3
669 3886 734 3931 non
762 3864 937 3931 secundum
966 3865 1179 3953 aequalitatem
1207 3876 1266 3931 aut

116 3968 366 4059 inaqualitatem
388 3992 552 4039 excessum
564 3979 631 4057 ,aut
652 3968 819 4050 defectum,
837 3969 997 4036 ullatenus
1018 3992 1057 4036 ea
1077 3968 1263 4037 contendere

116 4071 165 4137 rel
176 4073 370 4141 committere
384 4071 466 4139 inter
487 4094 530 4139 se.
576 4071 629 4137 Ita
642 4095 674 4138 v.
684 4094 717 4158 g.
732 4071 930 4159 magnitudo,
951 4072 1086 4161 pondus,
1100 4072 1262 4155 velocitas,

119 4182 244 4265 tempus,
273 4177 461 4257 resistentia,
490 4176 550 4257 vis,
580 4175 790 4263 heterogenca
819 4187 852 4243 et
880 4176 1140 4265 incomparabilia
1167 4190 1263 4261 sunt;

531 4329 626 4337 „n-—u

168 4398 374 4472 Homcgencous
391 4402 495 4474 iithcy
511 4420 562 4460 cau
578 4403 615 4459 be
633 4402 726 4460 added
743 4402 799 4459 and
816 4402 984 4460 subuacted.

169 4486 200 4553 (l)
233 4487 460 4559 Hetcrcgcnecus
477 4490 627 4571 quantitics
644 4492 743 4545 munot
759 4489 797 4545 be
813 4490 967 4562 compared
