3167 5192
402 359 465 424 102
757 369 945 420 sscnonss
966 369 1108 420 omrem.
1272 351 1379 437 [secr.
1395 367 1466 418 xrr.

280 627 283 634 Ι
400 554 488 630 patet
517 565 697 610 connexum
726 542 801 606 NK
822 565 878 629 per
906 541 946 605 N
969 539 1138 606 incidentis
1164 538 1206 605 ad
1230 539 1296 606 ΒΟ
1316 538 1467 626 paralleli

400 646 569 713 refractum
598 668 686 726 esse;
716 645 794 732 quia
819 643 941 709 scilicet
970 652 1018 708 est
1053 642 1140 709 CX:
1162 642 1235 708 XN
1248 665 1268 708 :r
1294 642 1357 708 ΟΧ
1368 665 1376 708 :
1398 643 1429 706 Τ
1442 664 1466 708 :r

400 749 432 813 R
448 747 502 813 :I.

465 899 525 967 IV.
563 901 682 968 Verum
704 912 795 966 extra
813 923 920 966 casum
936 899 1031 979 hunc,
1048 909 1080 966 et
1094 899 1174 965 alios
1190 899 1398 987 particulares
1413 899 1466 965 nil

275 1013 280 1021 '
400 1004 463 1070 huc
478 1003 657 1084 attinentes,
674 1001 849 1090 generatim
865 1013 1051 1088 conceptum
1061 1001 1223 1068 Proclama
1239 1001 1385 1070 Solidnm
1401 1014 1465 1084 est,

401 1116 455 1172 aut
480 1105 649 1194 plusquam
672 1104 837 1186 Solidum;
861 1107 910 1190 (ut
931 1129 973 1171 ex
999 1105 1124 1194 analysi
1149 1129 1213 1172 non
1240 1106 1365 1174 difficile
1390 1129 1467 1196 per·

401 1210 552 1297 spiciatur
560 1212 582 1293 ;)
600 1219 632 1274 et
647 1219 729 1275 certe
750 1211 804 1275 via
825 1215 984 1290 consueta,
1000 1233 1056 1297 per
1075 1210 1176 1276 lineas
1190 1211 1289 1298 vulgo
1307 1221 1465 1299 receptas,

387 1323 582 1377 .constructu
607 1335 759 1399 perquam
785 1311 920 1376 arduum
943 1321 975 1376 et
997 1334 1181 1399 operosum;
1205 1313 1251 1377 ita
1273 1312 1403 1400 quidem
1425 1322 1467 1378 ut

400 1414 474 1480 licet
496 1414 576 1504 mihi
598 1438 662 1479 non
683 1415 812 1502 penitus
836 1415 1029 1502 incomperta
1051 1415 1093 1480 sit
1115 1414 1283 1480 methodus
1305 1415 1465 1503 ejusmodi

400 1515 664 1580 constructionem
687 1539 751 1580 non
773 1538 869 1581 unam
893 1515 1055 1596 moliendi,
1084 1537 1166 1602 aegre
1192 1515 1311 1602 possim
1333 1515 1464 1600 adduci,

400 1628 525 1682 tantum
540 1628 576 1683 ut
592 1619 621 1683 ei
636 1619 797 1704 temporis,
813 1629 938 1683 tantum
960 1618 1077 1684 laboris
1092 1619 1285 1706 impendam,
1306 1639 1464 1707 quantum

401 1719 561 1806 exposcit;
603 1719 761 1807 suffecerit
789 1719 898 1805 itaque
932 1720 1062 1784 modum
1096 1719 1276 1806 indigitare,
1312 1743 1375 1808 quo
1405 1745 1465 1809 per

399 1821 517 1886 lineam
537 1823 698 1908 quandam
718 1821 781 1887 sibi
802 1822 1004 1910 peculiarem,
1028 1824 1203 1910 punctatim
1224 1822 1309 1889 facili
1332 1826 1463 1910 negotio

401 1924 641 2010 designabilem,
664 1926 710 1989 ita
730 1925 870 1990 construi
885 1927 995 2012 possit,
1018 1937 1054 1990 ut
1073 1950 1137 1991 una
1152 1949 1242 1992 suam
1257 1937 1402 1993 naturam
1423 1953 1463 1996 ac

400 2028 540 2094 indolem
555 2028 668 2116 prodat
677 2053 686 2114 3
702 2028 816 2094 modus
832 2029 887 2094 ille
902 2029 1069 2096 sic'habet.

465 2182 507 2250 V.
552 2183 765 2250 Conncctatur
784 2193 869 2251 recta
894 2186 958 2252 ΟΧ
963 2211 971 2266 ;
994 2185 1113 2272 fiatque
1134 2186 1218 2252 CX:
1240 2187 1331 2254 0112:
1348 2187 1459 2268 12:13

399 2298 432 2354 ct
453 2310 510 2374 per
530 2298 684 2375 punctum
713 2289 745 2354 V
759 2287 924 2354 indefinite
945 2289 1150 2376 protendatur
1171 2299 1256 2356 recta
1276 2292 1313 2356 F
1312 2291 1351 2372 Ο,
1376 2292 1461 2357 datae

406 2390 464 2457 ΟΒ
475 2390 639 2478 parallela;
655 2402 723 2456 tum
739 2392 973 2478 erefringentis
988 2403 1094 2458 centro
1112 2393 1242 2459 Orectoe
1257 2404 1461 2482 quotcunque

407 2494 458 2560 ΟΙ
467 2505 591 2575 exeant,
607 2505 723 2562 rectam
739 2496 774 2559 F
775 2495 805 2561 Ο
820 2496 1021 2562 decussantes
1036 2497 1163 2582 punctis
1177 2497 1229 2577 H3
1246 2507 1278 2562 et
1293 2509 1398 2563 centro
1413 2500 1459 2580 X,

401 2597 568 2664 intervallo
590 2608 690 2664 rectas
720 2599 784 2663 VH
799 2608 985 2686 perpetuum
1012 2608 1156 2685 aequante
1178 2600 1324 2688 descripti
1349 2601 1460 2667 circuli

400 2702 495 2767 rectis
516 2702 566 2768 ΟΙ
574 2712 738 2766 occurrant
751 2703 878 2788 punctis
892 2703 931 2766 N
935 2727 944 2781 ;
967 2725 1023 2788 per
1042 2702 1224 2788 hujusmodi
1239 2713 1358 2790 puncta
1372 2727 1461 2792 quae·

399 2805 450 2870 vis
465 2805 550 2872 linea
563 2806 687 2886 transit,
706 2827 802 2892 quam
817 2805 979 2870 innuimus
995 2807 1131 2892 expositi
1146 2807 1348 2874 Prodlamctz'a
1364 2807 1461 2875 Solu·

399 2908 480 2974 tioni
495 2908 722 2972 deservituram
732 2933 740 2986 ;
765 2909 833 2994 ejus
854 2907 982 2988 scilicet,
1003 2919 1035 2972 ct-
1050 2909 1116 2974 dati
1134 2909 1241 2976 circuli
1257 2911 1459 2998 refringentis

400 3009 579 3073 intersectio
599 3011 757 3095 quapiam
772 3009 954 3075 incidentiae
978 3023 1131 3098 punctum
1152 3013 1221 3092 erit,
1246 3013 1286 3078 ad
1302 3015 1386 3100 quod
1401 3039 1460 3102 per

399 3113 438 3176 X
447 3111 543 3176 ducta
561 3121 647 3176 recta
666 3111 855 3197 refringatur
874 3112 908 3176 in
931 3112 1070 3200 aliquam
1087 3115 1149 3201 ipsi
1168 3115 1233 3182 ΒΟ
1249 3116 1455 3203 parallelam3

399 3237 455 3279 sau
469 3213 611 3277 vicissim
626 3212 695 3278 hacc
706 3213 740 3278 in
755 3213 854 3278 illam.
888 3211 939 3280 Sit
954 3216 1039 3280 enim
1055 3215 1128 3281 talis
1144 3215 1322 3284 intersectio
1333 3220 1457 3306 quavis

397 3316 438 3380 N
440 3341 449 3396 ;
465 3325 498 3381 et
512 3316 606 3381 ducta
620 3316 693 3381 NX
702 3315 805 3403 ipsam
820 3316 885 3382 ΒΟ
897 3327 980 3382 secet
995 3317 1028 3381 in
1043 3319 1082 3380 K
1086 3343 1094 3398 3
1118 3329 1150 3383 et
1164 3318 1229 3384 sint
1243 3320 1322 3404 NM,
1338 3341 1376 3385 ac
1391 3321 1429 3384 X
1430 3321 1466 3386 T

397 3421 440 3488 ad
466 3421 533 3487 ΒΟ
557 3420 727 3507 paralleloe.
771 3421 895 3507 Estque
924 3429 993 3486 tum
1029 3421 1094 3486 ΟΚ
1108 3446 1116 3486 :
1136 3421 1210 3487 ΚΝ
1224 3445 1243 3487 r:
1270 3423 1351 3508 (TX
1362 3447 1370 3489 :
1386 3425 1465 3490 ΧΝ

398 3551 417 3592 z:
440 3526 504 3590 ΤΧ
514 3549 522 3590 :
546 3525 611 3590 VH
620 3548 639 3590 z:
662 3525 725 3591 ΟΧ
737 3547 744 3589 :
768 3525 796 3590 Ο
801 3525 873 3608 Vc)
891 3524 923 3589 Β
938 3548 946 3590 :
963 3524 990 3588 I
991 3549 1000 3604 ;
1027 3523 1112 3588 unde
1134 3524 1305 3590 secundum
1328 3536 1457 3593 ostensa

397 3628 497 3715 liquet
521 3628 629 3692 NXK
649 3627 816 3692 refractum
843 3649 911 3693 esse
936 3627 1038 3713 ipsius
1063 3627 1139 3692 MN
1143 3654 1151 3708 ;
1179 3627 1265 3714 quod
1290 3631 1457 3716 oportebat

396 3731 524 3796 factum.
555 3729 608 3794 Ita
621 3731 784 3795 Problema
798 3729 1017 3816 δυσπόριστον
1030 3739 1191 3816 utcunque
1205 3730 1312 3796 licebit
1327 3735 1455 3820 exequi,

396 3857 538 3899 necnon
560 3832 665 3919 ejusce
682 3833 869 3919 qualitatem
890 3833 1024 3914 intueri;
1047 3844 1125 3922 quot
1144 3833 1267 3900 refracti
1290 3859 1345 3922 per
1369 3837 1453 3902 oculi

396 3949 537 4003 centrum
553 3947 658 4003 meent
672 3937 812 4016 definire,
835 3936 1040 4023 singulosque
1054 3937 1159 4024 reipsa
1173 3937 1357 4024 designare;
1381 3963 1454 4027 quae

396 4039 630 4126 longiusculum
643 4049 727 4106 esset
742 4039 908 4126 sigillatim
921 4061 1079 4127 exponere
1087 4065 1095 4120 ;
1114 4063 1187 4106 cum
1202 4051 1308 4106 autem
1323 4053 1453 4110 eatenus

396 4143 546 4229 imaginis
564 4142 652 4208 locus
671 4143 825 4209 habeatur
842 4143 1079 4224 determinatus,
1096 4143 1236 4210 succedit
1258 4155 1294 4210 ut
1314 4145 1453 4212 breviter

396 4245 491 4312 etiam
506 4246 702 4333 ipsissimum
722 4246 756 4311 in
771 4245 899 4332 singulo
917 4245 975 4311 tali
989 4245 1121 4311 refracto
1135 4255 1289 4332 punctum
1305 4245 1452 4312 ostenda-

395 4369 477 4424 mus,
492 4347 534 4412 ad
553 4346 639 4432 quod
653 4346 711 4412 illa
724 4348 888 4430 consistit;
916 4347 949 4411 in
968 4347 1018 4433 cuj
1023 4368 1059 4412 us
1073 4345 1119 4413 rei
1134 4347 1270 4434 gratiam
1285 4347 1346 4414 hoc
1360 4351 1451 4438 quasi

400 4447 525 4513 Lernma
538 4459 788 4535 prasternemus.
