3167 5192
325 394 389 462 266
660 402 847 455 arenosas
869 398 1142 451 usruauamcs.
1247 440 1250 445 .
1282 378 1386 465 [uuor.
1400 396 1465 447 xvi.

324 588 452 648 coactus
472 577 634 648 cridentit
655 576 713 644 vix
735 575 886 643 diffitetur
907 574 994 661 ipse3
1021 572 1055 639 at
1074 570 1259 660 quomodo?
1286 590 1351 635 non
1370 568 1467 655 utique

325 706 383 749 ceu
397 682 500 749 calida
513 679 566 747 vel
585 679 712 766 frigida,
727 678 820 765 nigra
840 676 894 743 vel
915 677 998 757 alba,
1022 676 1078 743 sed
1099 686 1136 741 ut
1157 682 1296 763 quanta;
1318 696 1374 739 nec
1394 674 1468 738 euim

326 785 417 851 aliter
437 808 475 855 ea
496 782 673 850 considerat
694 779 951 847 Mathematicus.
995 777 1234 860 Quamobrem?
1263 776 1468 866 quianullum

327 886 447 953 babent
463 886 591 974 σχέσιν,
606 908 671 950 ιιοιι
685 883 860 971 comparari
879 893 1000 970 queunt
1018 884 1101 949 inter
1122 905 1156 949 se
1176 880 1262 948 κατὰ
1280 881 1470 963 anamim

331 991 402 1074 (nos
415 999 453 1055 ut
466 987 623 1055 veridicus
637 987 729 1053 docet
742 986 918 1069 Euclides),
934 986 1010 1071 quia
1031 985 1152 1051 scilicet
1173 1007 1238 1049 non
1260 984 1370 1051 codam
1389 984 1471 1049 modo

329 1104 449 1182 quanta
462 1101 547 1173 sunt,
563 1101 597 1157 at
610 1090 728 1156 diversi
742 1088 867 1176 generis
881 1088 1091 1177 quantitatem
1106 1088 1242 1169 habent;
1261 1087 1314 1154 val
1328 1087 1402 1175 quia
1414 1088 1472 1154 sine

330 1202 448 1283 magnt
466 1196 531 1263 dici
549 1195 661 1283 nequit
680 1193 885 1273 absurditate,
900 1202 1026 1259 tantum
1045 1202 1094 1259 est
1115 1202 1240 1279 tempus
1262 1202 1414 1279 quantum
1432 1202 1472 1257 est

330 1301 424 1380 linea,
440 1310 547 1365 tantus
566 1307 615 1363 est
634 1319 737 1363 annus
754 1305 910 1383 quantum
927 1305 975 1361 est
992 1294 1141 1361 stadium.
1184 1292 1274 1380 Ergo
1294 1293 1474 1382 quantitates

331 1402 481 1491 temporis
495 1413 528 1469 et
540 1401 633 1467 lineae
648 1410 723 1466 sunt
736 1398 855 1466 diversi
870 1398 1003 1485 generis.

397 1502 517 1570 Varum
538 1502 672 1591 reponit,
695 1501 857 1590 quantitas
878 1501 1027 1589 temporis
1047 1524 1067 1566 a
1085 1500 1171 1567 linet
1188 1510 1406 1567 mensuratur:
1427 1502 1475 1579 ita

334 1606 406 1673 dico
430 1628 549 1688 rursus,
572 1605 733 1693 aequivoca
758 1603 912 1670 sumendo
938 1603 1129 1671 vocabulum
1151 1626 1355 1687 ammarum
1375 1624 1478 1690 nempe

334 1732 399 1777 non
420 1717 582 1776 mensurat
602 1716 639 1773 ut
656 1728 729 1795 pars
750 1706 843 1771 istius
866 1706 1036 1793 quantitas,
1060 1714 1110 1771 ast
1130 1706 1287 1772 duntaxat
1304 1716 1343 1773 ut
1361 1706 1478 1793 signum

334 1813 460 1879 musula
473 1812 527 1879 vel
541 1832 754 1899 consequans3
777 1832 820 1875 ex
833 1830 897 1896 quo
910 1809 994 1874 nihil
1008 1809 1042 1875 in
1056 1808 1125 1896 ejus
1139 1832 1206 1876 rem
1221 1810 1431 1876 concludatur.

399 1913 504 1996 Addo,
520 1937 579 1982 nec
593 1914 765 1980 admodum
780 1914 906 2001 propria
917 1914 1125 2001 quantitatem
1139 1912 1291 2001 temporis
1306 1912 1478 1992 mensurari,

335 2018 392 2085 sed
415 2018 521 2105 ipsum
544 2018 650 2107 potius
674 2027 799 2105 tempus
823 2027 860 2083 ut
882 2027 1038 2105 quantum
1066 2028 1274 2099 mensuratur,
1304 2016 1358 2085 rel
1385 2014 1481 2105 quoad

336 2122 565 2210 quantitatem
591 2122 674 2188 sicut
694 2143 759 2186 non
779 2130 846 2187 tam
869 2119 995 2187 videtur
1014 2121 1137 2202 albedo,
1161 2144 1256 2209 quam
1278 2144 1391 2210 corpus
1410 2144 1480 2209 qua-

336 2234 429 2307 tenus
451 2224 570 2305 album,
591 2246 647 2290 seu
665 2234 791 2311 propter
809 2223 1000 2303 albedinem,
1016 2223 1076 2289 hoc
1093 2236 1150 2305 est,
1170 2225 1246 2312 quia
1261 2224 1367 2291 taliter
1384 2224 1481 2312 dispo-

336 2326 433 2407 nitur,
449 2335 485 2392 ut
499 2326 556 2392 tali
570 2326 663 2392 modo
677 2327 784 2392 visum
804 2326 928 2391 afficiat.
974 2324 1071 2392 Unde
1089 2348 1148 2392 nec
1162 2326 1259 2414 juxta
1275 2328 1479 2394 definitionem

336 2429 416 2517 ejus,
435 2428 643 2516 Homogenea
664 2437 739 2493 sunt
760 2450 894 2515 quorum
915 2449 1071 2493 mensura
1093 2440 1281 2515 congruunt,
1299 2430 1478 2518 quantitates

337 2534 495 2601 abstracta
516 2542 651 2620 sumpta
672 2541 748 2597 sunt
768 2530 1030 2617 homogeneitatis
1052 2532 1133 2597 bene
1154 2554 1303 2620 capaoes;
1333 2532 1404 2621 quia
1419 2554 1479 2599 non

337 2638 415 2726 ipsae
434 2646 664 2716 mensurantur,
680 2645 713 2701 at
734 2642 878 2701 concreta
899 2633 1005 2720 potius
1023 2642 1143 2721 quanta
1163 2644 1291 2723 propter
1311 2646 1368 2702 aut
1387 2634 1480 2725 quoad

338 2740 443 2827 ipsas,
467 2749 500 2804 at
519 2760 595 2804 sane
613 2747 741 2825 propter
758 2737 845 2825 ipsas
864 2735 961 2801 ctiam
981 2735 1177 2823 homogenea
1198 2747 1280 2819 sunt,
1296 2749 1353 2805 aut
1371 2739 1480 2805 hetero-

338 2862 439 2926 ganea
452 2838 687 2905 Mathematice.

404 2941 525 3007 Verum
551 2942 655 3007 adhuc
683 2942 790 3023 instat,
813 2950 990 3030 temporum
1011 2942 1149 3008 rationes
1170 2953 1252 3009 recte
1274 2954 1481 3034 comparantur
1549 2970 1550 2977 ¹

340 3064 413 3107 cnm
434 3040 589 3108 linearum
610 3044 805 3125 rationibus3
836 3044 1065 3126 diciturenim,
1089 3044 1139 3111 Ut
1159 3069 1193 3112 se
1214 3046 1311 3113 habat
1332 3070 1430 3113 annus
1448 3044 1482 3111 ad

341 3144 516 3226 biennium,
531 3146 577 3210 ita
590 3145 674 3211 linea
688 3147 811 3233 pedalis
826 3147 868 3213 ad
880 3148 1077 3236 bipedalem3
1095 3148 1207 3237 quidni
1222 3150 1321 3237 igitur
1334 3150 1482 3238 quantitas

342 3250 493 3336 temporis
514 3272 587 3315 cum
608 3250 701 3316 lincae
722 3252 898 3338 quantitate
920 3252 1118 3319 centaretum?
1160 3253 1208 3318 At
1228 3277 1324 3342 quam
1346 3253 1483 3321 immanis

342 3364 392 3418 ast
406 3350 576 3440 asamar
589 3353 746 3442 ejusmodi
760 3357 944 3437 ratiociniis,
959 3380 1031 3422 cum
1049 3358 1188 3445 plurium
1206 3360 1363 3427 rationum
1382 3359 1484 3426 simili·

343 3458 403 3523 bus
417 3456 593 3522 rationibus
607 3456 767 3524 absolutas
782 3458 974 3547 simplicium
988 3461 1181 3548 quantitates
1196 3462 1405 3531 confundere?
1434 3462 1483 3528 Er

343 3584 381 3627 eo
400 3560 551 3626 nimirum
570 3560 656 3646 quod
677 3583 773 3628 ovum
791 3586 825 3628 sa
843 3562 938 3629 habet
960 3562 1001 3628 ad
1023 3563 1085 3631 duo
1106 3586 1177 3647 ova,
1197 3566 1280 3632 sicut
1301 3568 1430 3655 angelus
1450 3564 1484 3631 ad

343 3662 423 3729 duos
445 3662 594 3749 angelos3
615 3663 668 3729 vel
689 3664 775 3750 quod
797 3664 891 3730 unius
913 3665 965 3731 ovi
987 3667 1029 3732 ad
1050 3667 1114 3734 duo
1134 3691 1196 3734 ova
1216 3669 1289 3736 talis
1311 3672 1354 3737 sit
1374 3671 1483 3747 relatio,

344 3766 449 3853 qualia
463 3766 558 3831 unius
573 3765 680 3851 angeli
694 3766 735 3831 ad
745 3766 824 3831 duos
835 3766 974 3853 angelos
987 3769 1144 3855 quomodo
1158 3770 1309 3837 inferatur
1322 3773 1389 3840 ullo
1403 3772 1484 3839 modo

344 3871 398 3935 ovi
416 3880 449 3935 et
463 3868 570 3955 angeli
583 3868 703 3935 similes
717 3892 795 3950 essa,
810 3870 863 3935 val
878 3871 1088 3958 homogenaea
1105 3874 1321 3961 quantitates?
1340 3876 1392 3943 rel
1410 3872 1550 3977 quodq

346 3974 578 4060 quantitatibus
597 3973 651 4039 ovi
670 3983 703 4037 et
721 3974 827 4060 angeli
848 3974 958 4041 eadem
978 3999 1125 4043 mensura
1144 3980 1322 4067 congruat?
1341 3982 1394 4049 val
1411 3968 1550 4097 quod

339 4076 479 4163 angelus
503 4075 601 4141 ullam
627 4076 756 4142 omnino
781 4076 942 4163 possideat
966 4079 1144 4147 absolutam
1170 4084 1403 4170 quantitatem?
1447 4082 1484 4149 At
1549 4048 1550 4147 l

984 4294 1071 4301 ,αο-

401 4424 455 4479 His
472 4438 585 4479 answer.
622 4424 743 4481 Furthcr
760 4426 905 4495 objection.

400 4509 453 4566 His
471 4524 582 4565 answcr.
