3167 5192
187 917 387 986 mercum
416 919 460 976 IN
489 875 572 988 Qus
601 919 742 977 OPERIS
772 921 901 978 HUJUS
932 923 1217 996 Assenserunt,

328 1029 376 1086 ll'l'
402 1029 547 1087 SOOPUS
574 1031 772 1088 ssuvl'ruu
799 1032 1072 1092 EXPONUNTUR

537 1281 825 1292 ψ-

239 1505 595 1586 ERGONTARIS
614 1507 747 1599 (amice
760 1533 845 1584 oum
857 1509 1224 1608 primischarissime)

245 1623 338 1724 quid
363 1625 403 1699 in
438 1625 684 1701 Lectionibus
709 1623 792 1701 istis
811 1625 893 1725 jam
923 1627 1037 1726 praelo
1067 1629 1226 1706 subditis

168 1740 414 1838 praestiterr'm,
432 1749 499 1816 aut
514 1749 692 1842 proestare
708 1741 891 1818 voluerim
904 1742 1101 1843 Responso
1118 1745 1225 1821 facile

167 1855 323 1957 defungi
350 1883 508 1958 possem,
540 1885 585 1934 ea
612 1859 769 1936 dicendo
797 1859 964 1960 praestita
988 1860 1116 1952 videri
1141 1889 1224 1962 quae

167 1973 399 2074 singularum
428 1975 537 2052 initia
561 1976 792 2076 pollicentur,
822 1977 1003 2078 equibus
1027 1978 1224 2080 insequen-

166 2089 263 2165 tium
280 2092 489 2189 methodus,
515 2091 682 2187 materia,
710 2119 843 2192 scopus
862 2101 1030 2170 constare
1046 2102 1224 2194 poterunt

167 2206 445 2306 ipsadelibanti.
479 2210 676 2286 Verumin
689 2236 885 2305 summam,
900 2211 1040 2310 opinor,
1054 2212 1223 2289 111110011-

165 2324 264 2400 trahi
281 2325 348 2417 vis,
366 2334 405 2403 et
421 2327 491 2402 sub
505 2353 623 2402 unum
639 2334 834 2425 aspectum
855 2326 991 2426 redigi:
1013 2326 1053 2402 id
1070 2329 1222 2428 quidem

165 2467 264 2542 aegre
297 2470 460 2543 possum,
493 2445 567 2519 nisi
610 2443 728 2543 (quod
766 2443 879 2541 juxta
911 2442 1144 2518 fastidiosum
1178 2471 1222 2522 ao

163 2559 320 2662 longum
335 2565 449 2658 esset)
467 2560 657 2659 complura
672 2560 911 2634 111001011οω
923 2558 1131 2650 recitand03
1155 2561 1221 2636 sed

162 2685 354 2777 utcunque
370 2703 513 2753 morem
524 2676 597 2752 tibi
613 2701 751 2776 geram,
764 2701 889 2751 rerum
904 2675 1026 2774 capita
1039 2677 1221 2754 succincte

161 2793 427 2894 perstringens.
480 2794 699 2871 Generatim
736 2820 781 2869 eo
820 2793 998 2886 connitor,
1034 2795 1220 2890 utillum,

162 2938 277 3013 quam
292 2912 525 2988 tractandum
548 2911 716 3012 suscipio,
745 2911 886 3012 Optime
913 2917 1057 3012 partem
1082 2911 1221 3014 aliqua-

161 3036 272 3105 tenus
298 3055 549 3129 promoveam,
577 3030 658 3129 ejus
684 3027 868 3127 imprimis
895 3027 1075 3128 principia
1105 3029 1220 3131 expli-

161 3146 279 3223 cando
294 3176 305 3238 ;
330 3155 413 3224 tum
431 3149 479 3224 ab
495 3149 586 3248 ipsis
602 3147 721 3225 Utiles
735 3146 975 3224 0001001110
984 3146 1201 3223 deducendo
1208 3175 1219 3238 ;

161 3262 311 3340 demum
328 3266 531 3366 praecipuos
548 3274 658 3367 (quos
677 3265 1027 3356 animadverteram)
1053 3264 1219 3341 defectus

160 3381 376 3481 supplendo,
409 3410 477 3459 nec
510 3409 587 3458 non
619 3384 782 3481 1111901101
811 3408 953 3457 errores
981 3382 1215 3481 corrigendo:

158 3496 232 3577 huo
248 3499 448 3590 collimens,
466 3500 658 3600 speciatim
674 3499 795 3598 primo
810 3505 975 3595 receptas
990 3497 1216 3596 hypotheses

158 3614 208 3691 ad
230 3642 387 3693 examen
407 3642 550 3711 revoco,
581 3622 765 3715 quatenus
792 3611 1036 3688 admittendae
1065 3619 1216 3688 suntet

158 3734 345 3833 quomodo
379 3734 517 3811 rectius
554 3731 805 3833 intelligendae
843 3729 993 3806 edocere
1033 3729 1213 3818 studens;

157 3857 241 3926 tum
271 3878 292 3926 0
319 3852 482 3953 physicis
505 3849 767 3928 verisimilibus
798 3848 918 3924 causis
943 3848 1041 3947 ipses
1067 3846 1214 3921 eliciens

156 3994 201 4043 ac
216 3965 397 4062 astruens,
417 3970 491 4070 qut
508 3969 548 4044 in
569 3975 675 4068 parte
699 3966 793 4042 mihi
821 3966 908 4042 fidei
930 3964 1091 4040 multum
1108 3964 1213 4039 attri-

155 4084 223 4160 bui
260 4087 377 4161 nolim
389 4115 400 4177 3
439 4113 525 4187 quae
552 4083 801 4185 probabiliora
828 4082 921 4158 mihi
955 4081 1036 4156 visa
1063 4079 1210 4179 protuli,

155 4202 375 4305 neutiquam
392 4231 480 4281 vero
497 4205 598 4298 talia,
618 4203 754 4304 quibus
769 4201 849 4299 ipse
862 4224 1085 4300 magnopere
1102 4198 1211 4272 confi-

156 4317 244 4393 dnm
277 4319 444 4397 Valeant
477 4327 659 4422 quantum
692 4316 816 4393 valere
845 4323 1011 4417 possunt.
1066 4313 1210 4392 Saltem

154 4435 380 4535 hypotheses
396 4438 495 4530 ipsas
511 4437 661 4515 admitti
672 4443 771 4536 peto,
788 4460 855 4511 ceu
872 4431 1109 4533 experientiae
1126 4457 1210 4508 eon-
