<?xml version="1.0" encoding="UTF-8"?>
<!DOCTYPE html PUBLIC "-//W3C//DTD XHTML 1.0 Transitional//EN"
    "http://www.w3.org/TR/xhtml1/DTD/xhtml1-transitional.dtd">
<html xmlns="http://www.w3.org/1999/xhtml" xml:lang="en" lang="en">
 <head>
  <title>
</title>
<meta http-equiv="Content-Type" content="text/html;charset=utf-8" />
  <meta name='ocr-system' content='tesseract 3.04.00' />
  <meta name='ocr-capabilities' content='ocr_page ocr_carea ocr_par ocr_line ocrx_word'/>
</head>
<body>
  <div class='ocr_page' id='page_1' title='image "./mathematicalwor00whewgoog_0081.png"; bbox 0 0 3167 5192; ppageno 0'>
   <div class='ocr_carea' id='block_1_1' title="bbox 102 382 1260 468">
    <p class='ocr_par' dir='ltr' id='par_1_1' title="bbox 102 382 1260 468">
     <span class='ocr_line' id='line_1_1' title="bbox 102 382 1260 468; baseline 0.003 -18"><span class='ocrx_word' id='word_1_1' title='bbox 102 400 196 450; x_wconf 76' lang='lat' dir='ltr'><strong>asor.</strong></span> <span class='ocrx_word' id='word_1_2' title='bbox 215 382 283 468; x_wconf 73' lang='grc' dir='ltr'>ιιι]</span> <span class='ocrx_word' id='word_1_3' title='bbox 442 400 628 452; x_wconf 78' lang='lat' dir='ltr'><strong>anemonas</strong></span> <span class='ocrx_word' id='word_1_4' title='bbox 652 401 925 450; x_wconf 68' lang='lat' dir='ltr'><strong>smunnnnurca</strong></span> <span class='ocrx_word' id='word_1_5' title='bbox 1218 388 1260 453; x_wconf 81' lang='grc'><strong>57</strong></span> 
     </span>
    </p>
   </div>
   <div class='ocr_carea' id='block_1_2' title="bbox 98 567 1260 3739">
    <p class='ocr_par' dir='ltr' id='par_1_2' title="bbox 100 567 1260 1068">
     <span class='ocr_line' id='line_1_2' title="bbox 100 567 1260 657; baseline 0.001 -21"><span class='ocrx_word' id='word_1_6' title='bbox 100 571 141 636; x_wconf 83' lang='lat' dir='ltr'><strong>ab</strong></span> <span class='ocrx_word' id='word_1_7' title='bbox 155 569 232 650; x_wconf 89' lang='lat' dir='ltr'><strong>alio,</strong></span> <span class='ocrx_word' id='word_1_8' title='bbox 254 579 480 657; x_wconf 70' lang='lat' dir='ltr'>consequenter</span> <span class='ocrx_word' id='word_1_9' title='bbox 499 567 540 634; x_wconf 87' lang='lat' dir='ltr'><strong>ad</strong></span> <span class='ocrx_word' id='word_1_10' title='bbox 560 579 649 634; x_wconf 78' lang='lat' dir='ltr'><strong>actius</strong></span> <span class='ocrx_word' id='word_1_11' title='bbox 669 567 785 634; x_wconf 88' lang='lat' dir='ltr'><strong>mentis</strong></span> <span class='ocrx_word' id='word_1_12' title='bbox 804 568 1042 655; x_wconf 75' lang='lat' dir='ltr'>magnitudines</span> <span class='ocrx_word' id='word_1_13' title='bbox 1064 569 1144 635; x_wconf 91' lang='lat' dir='ltr'><strong>alias</strong></span> <span class='ocrx_word' id='word_1_14' title='bbox 1163 580 1260 657; x_wconf 84' lang='lat' dir='ltr'><strong>atque</strong></span> 
     </span>
     <span class='ocr_line' id='line_1_3' title="bbox 101 671 1260 760; baseline 0.001 -22"><span class='ocrx_word' id='word_1_15' title='bbox 101 671 180 738; x_wconf 82' lang='lat' dir='ltr'><strong>alias</strong></span> <span class='ocrx_word' id='word_1_16' title='bbox 193 693 238 739; x_wconf 81' lang='lat' dir='ltr'><strong>ex</strong></span> <span class='ocrx_word' id='word_1_17' title='bbox 258 677 323 740; x_wconf 77' lang='lat' dir='ltr'><strong>unt</strong></span> <span class='ocrx_word' id='word_1_18' title='bbox 341 671 459 759; x_wconf 72' lang='lat' dir='ltr'><strong>alique,</strong></span> <span class='ocrx_word' id='word_1_19' title='bbox 476 694 572 760; x_wconf 89' lang='lat' dir='ltr'><strong>quam</strong></span> <span class='ocrx_word' id='word_1_20' title='bbox 591 671 833 759; x_wconf 87' lang='lat' dir='ltr'><strong>incompositam</strong></span> <span class='ocrx_word' id='word_1_21' title='bbox 852 671 1001 760; x_wconf 72' lang='lat' dir='ltr'><strong>concipit,</strong></span> <span class='ocrx_word' id='word_1_22' title='bbox 1023 695 1080 760; x_wconf 87' lang='lat' dir='ltr'><strong>per</strong></span> <span class='ocrx_word' id='word_1_23' title='bbox 1098 673 1260 760; x_wconf 87' lang='lat' dir='ltr'><strong>repetitio-</strong></span> 
     </span>
     <span class='ocr_line' id='line_1_4' title="bbox 101 773 1258 862; baseline 0.003 -24"><span class='ocrx_word' id='word_1_24' title='bbox 101 797 171 840; x_wconf 86' lang='lat' dir='ltr'><strong>nem</strong></span> <span class='ocrx_word' id='word_1_25' title='bbox 201 774 275 862; x_wconf 88' lang='lat' dir='ltr'><strong>ejus</strong></span> <span class='ocrx_word' id='word_1_26' title='bbox 307 774 372 860; x_wconf 80' lang='lat' dir='ltr'><strong>(rel</strong></span> <span class='ocrx_word' id='word_1_27' title='bbox 400 774 431 841; x_wconf 90' lang='lat' dir='ltr'><strong>ei</strong></span> <span class='ocrx_word' id='word_1_28' title='bbox 456 773 588 862; x_wconf 83' lang='lat' dir='ltr'><strong>aequalis</strong></span> <span class='ocrx_word' id='word_1_29' title='bbox 615 773 837 861; x_wconf 86' lang='lat' dir='ltr'><strong>adjectionem)</strong></span> <span class='ocrx_word' id='word_1_30' title='bbox 868 775 1019 840; x_wconf 88' lang='lat' dir='ltr'><strong>continuo</strong></span> <span class='ocrx_word' id='word_1_31' title='bbox 1048 776 1258 842; x_wconf 76' lang='lat' dir='ltr'><strong>successivam</strong></span> 
     </span>
     <span class='ocr_line' id='line_1_5' title="bbox 101 875 1258 967; baseline 0.003 -25"><span class='ocrx_word' id='word_1_32' title='bbox 101 876 330 964; x_wconf 89' lang='lat' dir='ltr'><strong>componentis,</strong></span> <span class='ocrx_word' id='word_1_33' title='bbox 346 885 402 943; x_wconf 89' lang='lat' dir='ltr'><strong>aut</strong></span> <span class='ocrx_word' id='word_1_34' title='bbox 416 875 623 963; x_wconf 73' lang='lat' dir='ltr'><strong>compositam</strong></span> <span class='ocrx_word' id='word_1_35' title='bbox 639 875 820 962; x_wconf 87' lang='lat' dir='ltr'><strong>cogitantis.</strong></span> <span class='ocrx_word' id='word_1_36' title='bbox 864 875 946 955; x_wconf 73' lang='lat' dir='ltr'><strong>Quae</strong></span> <span class='ocrx_word' id='word_1_37' title='bbox 959 877 1106 964; x_wconf 81' lang='lat' dir='ltr'><strong>repetitio</strong></span> <span class='ocrx_word' id='word_1_38' title='bbox 1119 877 1258 967; x_wconf 89' lang='lat' dir='ltr'><strong>primum</strong></span> 
     </span>
     <span class='ocr_line' id='line_1_6' title="bbox 100 978 1076 1068; baseline 0.002 -23"><span class='ocrx_word' id='word_1_39' title='bbox 100 990 203 1046; x_wconf 85' lang='lat' dir='ltr'><strong>urente</strong></span> <span class='ocrx_word' id='word_1_40' title='bbox 217 990 357 1068; x_wconf 86' lang='lat' dir='ltr'><strong>peracta,</strong></span> <span class='ocrx_word' id='word_1_41' title='bbox 373 992 441 1048; x_wconf 89' lang='lat' dir='ltr'><strong>tum</strong></span> <span class='ocrx_word' id='word_1_42' title='bbox 457 1003 600 1047; x_wconf 89' lang='lat' dir='ltr'><strong>sermone</strong></span> <span class='ocrx_word' id='word_1_43' title='bbox 615 980 738 1068; x_wconf 85' lang='lat' dir='ltr'><strong>prolata</strong></span> <span class='ocrx_word' id='word_1_44' title='bbox 752 978 868 1046; x_wconf 89' lang='lat' dir='ltr'><strong>dicitur</strong></span> <span class='ocrx_word' id='word_1_45' title='bbox 881 980 1076 1047; x_wconf 75' lang='lat' dir='ltr'><strong>Nameratcb.</strong></span> 
     </span>
    </p>

    <p class='ocr_par' dir='ltr' id='par_1_3' title="bbox 98 1081 1259 2302">
     <span class='ocr_line' id='line_1_7' title="bbox 162 1081 1259 1172; baseline 0 -22"><span class='ocrx_word' id='word_1_46' title='bbox 162 1081 298 1172; x_wconf 86' lang='lat' dir='ltr'><strong>Optime</strong></span> <span class='ocrx_word' id='word_1_47' title='bbox 311 1084 346 1150; x_wconf 91' lang='lat' dir='ltr'><strong>in</strong></span> <span class='ocrx_word' id='word_1_48' title='bbox 361 1085 444 1150; x_wconf 84' lang='lat' dir='ltr'><strong>hanc</strong></span> <span class='ocrx_word' id='word_1_49' title='bbox 458 1082 647 1150; x_wconf 83' lang='lat' dir='ltr'><strong>sententiam</strong></span> <span class='ocrx_word' id='word_1_50' title='bbox 662 1081 862 1148; x_wconf 85' lang='lat' dir='ltr'><strong>Aristoteles.</strong></span> <span class='ocrx_word' id='word_1_51' title='bbox 894 1081 1037 1166; x_wconf 66' lang='grc' dir='ltr'>Ἀνάγκη</span> <span class='ocrx_word' id='word_1_52' title='bbox 1052 1081 1259 1172; x_wconf 74' lang='grc' dir='ltr'>ἀριθμεῖσθαι</span> 
     </span>
     <span class='ocr_line' id='line_1_8' title="bbox 99 1184 1257 1277; baseline 0.002 -23"><span class='ocrx_word' id='word_1_53' title='bbox 99 1186 152 1254; x_wconf 76' lang='grc' dir='ltr'>τὸν</span> <span class='ocrx_word' id='word_1_54' title='bbox 165 1185 306 1275; x_wconf 72' lang='grc' dir='ltr'>ἀριθμὸν</span> <span class='ocrx_word' id='word_1_55' title='bbox 320 1186 404 1254; x_wconf 78' lang='grc' dir='ltr'>κατὰ</span> <span class='ocrx_word' id='word_1_56' title='bbox 425 1185 484 1269; x_wconf 80' lang='grc' dir='ltr'>τὴν</span> <span class='ocrx_word' id='word_1_57' title='bbox 505 1185 694 1273; x_wconf 76' lang='grc' dir='ltr'>πρόσθεσιν</span> <span class='ocrx_word' id='word_1_58' title='bbox 721 1184 806 1252; x_wconf 77' lang='grc' dir='ltr'>Οἶον</span> <span class='ocrx_word' id='word_1_59' title='bbox 825 1185 886 1269; x_wconf 74' lang='grc' dir='ltr'>τὴν</span> <span class='ocrx_word' id='word_1_60' title='bbox 906 1185 1016 1268; x_wconf 79' lang='grc' dir='ltr'><em>δυάδα,</em></span> <span class='ocrx_word' id='word_1_61' title='bbox 1040 1187 1122 1277; x_wconf 79' lang='grc' dir='ltr'>πρὸς</span> <span class='ocrx_word' id='word_1_62' title='bbox 1143 1193 1191 1277; x_wconf 69' lang='grc' dir='ltr'>τῷ</span> <span class='ocrx_word' id='word_1_63' title='bbox 1211 1189 1257 1256; x_wconf 70' lang='lat' dir='ltr'><strong>tul</strong></span> 
     </span>
     <span class='ocr_line' id='line_1_9' title="bbox 100 1287 1257 1380; baseline 0.003 -24"><span class='ocrx_word' id='word_1_64' title='bbox 100 1289 204 1357; x_wconf 70' lang='grc' dir='ltr'>ἄλλον</span> <span class='ocrx_word' id='word_1_65' title='bbox 221 1291 292 1363; x_wconf 75' lang='grc' dir='ltr'>ἑνὸς</span> <span class='ocrx_word' id='word_1_66' title='bbox 313 1290 556 1380; x_wconf 77' lang='grc' dir='ltr'>προστεθέντος,</span> <span class='ocrx_word' id='word_1_67' title='bbox 573 1289 628 1356; x_wconf 68' lang='lat' dir='ltr'><strong>nat</strong></span> <span class='ocrx_word' id='word_1_68' title='bbox 649 1287 709 1371; x_wconf 77' lang='grc' dir='ltr'>τὴν</span> <span class='ocrx_word' id='word_1_69' title='bbox 730 1287 847 1378; x_wconf 74' lang='grc' dir='ltr'>τριάδα</span> <span class='ocrx_word' id='word_1_70' title='bbox 868 1289 975 1356; x_wconf 79' lang='grc' dir='ltr'>ἄλλου</span> <span class='ocrx_word' id='word_1_71' title='bbox 996 1288 1064 1363; x_wconf 78' lang='grc' dir='ltr'><strong>ἐνὸς</strong></span> <span class='ocrx_word' id='word_1_72' title='bbox 1085 1289 1168 1379; x_wconf 79' lang='grc' dir='ltr'>πρὸς</span> <span class='ocrx_word' id='word_1_73' title='bbox 1189 1296 1257 1364; x_wconf 79' lang='grc' dir='ltr'>τοῖς</span> 
     </span>
     <span class='ocr_line' id='line_1_10' title="bbox 99 1389 1256 1482; baseline 0.003 -25"><span class='ocrx_word' id='word_1_74' title='bbox 99 1391 171 1459; x_wconf 80' lang='grc' dir='ltr'>δυσὶ</span> <span class='ocrx_word' id='word_1_75' title='bbox 184 1392 430 1482; x_wconf 73' lang='grc' dir='ltr'>προστεθέντος,</span> <span class='ocrx_word' id='word_1_76' title='bbox 450 1391 505 1458; x_wconf 77' lang='lat' dir='ltr'><strong>sal</strong></span> <span class='ocrx_word' id='word_1_77' title='bbox 522 1390 582 1474; x_wconf 79' lang='grc' dir='ltr'>τὴν</span> <span class='ocrx_word' id='word_1_78' title='bbox 601 1389 741 1480; x_wconf 78' lang='grc' dir='ltr'>τετράδα</span> <span class='ocrx_word' id='word_1_79' title='bbox 755 1389 934 1463; x_wconf 55' lang='lat' dir='ltr'><strong>dechor&amp;</strong></span> <span class='ocrx_word' id='word_1_80' title='bbox 979 1392 1029 1460; x_wconf 87' lang='lat' dir='ltr'><strong>Ut</strong></span> <span class='ocrx_word' id='word_1_81' title='bbox 1042 1415 1115 1460; x_wconf 89' lang='lat' dir='ltr'><strong>curn</strong></span> <span class='ocrx_word' id='word_1_82' title='bbox 1129 1394 1256 1480; x_wconf 83' lang='lat' dir='ltr'><strong>magni·</strong></span> 
     </span>
     <span class='ocr_line' id='line_1_11' title="bbox 100 1492 1258 1582; baseline 0.002 -22"><span class='ocrx_word' id='word_1_83' title='bbox 100 1493 242 1562; x_wconf 86' lang='lat' dir='ltr'><strong>tudinem</strong></span> <span class='ocrx_word' id='word_1_84' title='bbox 264 1496 299 1560; x_wconf 99' lang='lat' dir='ltr'><strong><em>A</em></strong></span> <span class='ocrx_word' id='word_1_85' title='bbox 327 1503 432 1560; x_wconf 85' lang='lat' dir='ltr'><strong>mente</strong></span> <span class='ocrx_word' id='word_1_86' title='bbox 455 1503 561 1580; x_wconf 87' lang='lat' dir='ltr'><strong>repeto</strong></span> <span class='ocrx_word' id='word_1_87' title='bbox 585 1492 693 1574; x_wconf 89' lang='lat' dir='ltr'><strong>semel,</strong></span> <span class='ocrx_word' id='word_1_88' title='bbox 714 1502 770 1558; x_wconf 88' lang='lat' dir='ltr'><strong>aut</strong></span> <span class='ocrx_word' id='word_1_89' title='bbox 792 1493 843 1558; x_wconf 91' lang='lat' dir='ltr'><strong>illi</strong></span> <span class='ocrx_word' id='word_1_90' title='bbox 867 1494 1022 1582; x_wconf 75' lang='lat' dir='ltr'><strong>aqualem</strong></span> <span class='ocrx_word' id='word_1_91' title='bbox 1045 1494 1177 1562; x_wconf 90' lang='lat' dir='ltr'><strong>alteram</strong></span> <span class='ocrx_word' id='word_1_92' title='bbox 1200 1495 1258 1562; x_wconf 90' lang='lat' dir='ltr'><strong>ad-</strong></span> 
     </span>
     <span class='ocr_line' id='line_1_12' title="bbox 98 1595 1258 1684; baseline 0 -20"><span class='ocrx_word' id='word_1_93' title='bbox 98 1597 211 1684; x_wconf 85' lang='lat' dir='ltr'><strong>jectam</strong></span> <span class='ocrx_word' id='word_1_94' title='bbox 233 1596 391 1684; x_wconf 89' lang='lat' dir='ltr'><strong>concipio,</strong></span> <span class='ocrx_word' id='word_1_95' title='bbox 413 1595 668 1682; x_wconf 73' lang='lat' dir='ltr'><strong>magnitudinem</strong></span> <span class='ocrx_word' id='word_1_96' title='bbox 690 1595 790 1676; x_wconf 79' lang='lat' dir='ltr'><strong>illam,</strong></span> <span class='ocrx_word' id='word_1_97' title='bbox 813 1617 885 1682; x_wconf 78' lang='lat' dir='ltr'><strong>quae</strong></span> <span class='ocrx_word' id='word_1_98' title='bbox 906 1597 1082 1684; x_wconf 88' lang='lat' dir='ltr'><strong>concipitur</strong></span> <span class='ocrx_word' id='word_1_99' title='bbox 1103 1598 1150 1662; x_wconf 88' lang='lat' dir='ltr'><strong>ita</strong></span> <span class='ocrx_word' id='word_1_100' title='bbox 1171 1621 1258 1664; x_wconf 91' lang='lat' dir='ltr'><strong>com·</strong></span> 
     </span>
     <span class='ocr_line' id='line_1_13' title="bbox 102 1698 1257 1787; baseline 0.003 -23"><span class='ocrx_word' id='word_1_101' title='bbox 102 1700 209 1786; x_wconf 83' lang='lat' dir='ltr'><strong>posita,</strong></span> <span class='ocrx_word' id='word_1_102' title='bbox 225 1699 362 1786; x_wconf 86' lang='lat' dir='ltr'><strong>designo</strong></span> <span class='ocrx_word' id='word_1_103' title='bbox 376 1699 514 1779; x_wconf 91' lang='lat' dir='ltr'><strong>nomine,</strong></span> <span class='ocrx_word' id='word_1_104' title='bbox 530 1698 582 1765; x_wconf 83' lang='lat' dir='ltr'><strong>vel</strong></span> <span class='ocrx_word' id='word_1_105' title='bbox 597 1698 774 1764; x_wconf 85' lang='lat' dir='ltr'><strong>charactere</strong></span> <span class='ocrx_word' id='word_1_106' title='bbox 792 1698 916 1766; x_wconf 74' lang='lat' dir='ltr'><strong>binarii</strong></span> <span class='ocrx_word' id='word_1_107' title='bbox 915 1725 932 1781; x_wconf 87' lang='lat'><strong>,·</strong></span> <span class='ocrx_word' id='word_1_108' title='bbox 953 1698 1081 1786; x_wconf 87' lang='lat' dir='ltr'><strong>quodsi</strong></span> <span class='ocrx_word' id='word_1_109' title='bbox 1095 1701 1257 1787; x_wconf 83' lang='lat' dir='ltr'><strong>magnitu-</strong></span> 
     </span>
     <span class='ocr_line' id='line_1_14' title="bbox 102 1799 1255 1891; baseline 0.003 -23"><span class='ocrx_word' id='word_1_110' title='bbox 102 1801 203 1868; x_wconf 83' lang='lat' dir='ltr'><strong>dinem</strong></span> <span class='ocrx_word' id='word_1_111' title='bbox 232 1801 370 1870; x_wconf 86' lang='lat' dir='ltr'><strong>eandem</strong></span> <span class='ocrx_word' id='word_1_112' title='bbox 391 1803 424 1868; x_wconf 89' lang='lat' dir='ltr'><strong><em>A</em></strong></span> <span class='ocrx_word' id='word_1_113' title='bbox 447 1801 552 1868; x_wconf 88' lang='lat' dir='ltr'><strong>adhuc</strong></span> <span class='ocrx_word' id='word_1_114' title='bbox 580 1799 806 1888; x_wconf 64' lang='lat' dir='ltr'><strong>recogitaret</strong></span> <span class='ocrx_word' id='word_1_115' title='bbox 831 1801 1023 1868; x_wconf 78' lang='lat' dir='ltr'><strong>alteterius</strong></span> <span class='ocrx_word' id='word_1_116' title='bbox 1044 1804 1255 1891; x_wconf 78' lang='lat' dir='ltr'><strong>superadjicio</strong></span> 
     </span>
     <span class='ocr_line' id='line_1_15' title="bbox 102 1903 1256 1996; baseline 0.007 -26"><span class='ocrx_word' id='word_1_117' title='bbox 102 1905 185 1990; x_wconf 89' lang='lat' dir='ltr'><strong>prius</strong></span> <span class='ocrx_word' id='word_1_118' title='bbox 206 1917 370 1996; x_wconf 73' lang='lat' dir='ltr'><strong>concepte</strong></span> <span class='ocrx_word' id='word_1_119' title='bbox 389 1904 615 1992; x_wconf 74' lang='lat' dir='ltr'><strong>magnitudini,</strong></span> <span class='ocrx_word' id='word_1_120' title='bbox 641 1903 758 1970; x_wconf 88' lang='lat' dir='ltr'><strong>binarii</strong></span> <span class='ocrx_word' id='word_1_121' title='bbox 781 1909 857 1970; x_wconf 76' lang='lat' dir='ltr'><strong>note</strong></span> <span class='ocrx_word' id='word_1_122' title='bbox 877 1905 1063 1992; x_wconf 76' lang='lat' dir='ltr'><strong>designata,</strong></span> <span class='ocrx_word' id='word_1_123' title='bbox 1085 1919 1256 1996; x_wconf 86' lang='lat' dir='ltr'><strong>conceptus</strong></span> 
     </span>
     <span class='ocr_line' id='line_1_16' title="bbox 103 2006 1257 2096; baseline 0.007 -23"><span class='ocrx_word' id='word_1_124' title='bbox 103 2008 227 2076; x_wconf 88' lang='lat' dir='ltr'><strong>efficitur</strong></span> <span class='ocrx_word' id='word_1_125' title='bbox 246 2009 380 2076; x_wconf 81' lang='lat' dir='ltr'><strong>alterius</strong></span> <span class='ocrx_word' id='word_1_126' title='bbox 402 2008 583 2094; x_wconf 85' lang='lat' dir='ltr'><strong>compositae</strong></span> <span class='ocrx_word' id='word_1_127' title='bbox 603 2006 845 2095; x_wconf 79' lang='lat' dir='ltr'><strong>magnitudinis,</strong></span> <span class='ocrx_word' id='word_1_128' title='bbox 863 2031 960 2096; x_wconf 90' lang='lat' dir='ltr'><strong>quam</strong></span> <span class='ocrx_word' id='word_1_129' title='bbox 985 2010 1097 2078; x_wconf 89' lang='lat' dir='ltr'><strong>itidem</strong></span> <span class='ocrx_word' id='word_1_130' title='bbox 1122 2014 1257 2082; x_wconf 85' lang='lat' dir='ltr'><strong>annucio</strong></span> 
     </span>
     <span class='ocr_line' id='line_1_17' title="bbox 103 2109 1255 2203; baseline 0.007 -28"><span class='ocrx_word' id='word_1_131' title='bbox 103 2111 233 2193; x_wconf 89' lang='lat' dir='ltr'><strong>nomine,</strong></span> <span class='ocrx_word' id='word_1_132' title='bbox 257 2110 315 2179; x_wconf 79' lang='lat' dir='ltr'><strong>uel</strong></span> <span class='ocrx_word' id='word_1_133' title='bbox 341 2109 484 2178; x_wconf 90' lang='lat' dir='ltr'><strong>describo</strong></span> <span class='ocrx_word' id='word_1_134' title='bbox 510 2109 687 2178; x_wconf 80' lang='lat' dir='ltr'><strong>charactere</strong></span> <span class='ocrx_word' id='word_1_135' title='bbox 713 2113 856 2180; x_wconf 77' lang='lat' dir='ltr'><strong>ternarii.</strong></span> <span class='ocrx_word' id='word_1_136' title='bbox 900 2112 1009 2200; x_wconf 82' lang='lat' dir='ltr'><strong>Atque</strong></span> <span class='ocrx_word' id='word_1_137' title='bbox 1034 2114 1081 2181; x_wconf 86' lang='lat' dir='ltr'><strong>ita</strong></span> <span class='ocrx_word' id='word_1_138' title='bbox 1100 2138 1193 2203; x_wconf 89' lang='lat' dir='ltr'><strong>porro</strong></span> <span class='ocrx_word' id='word_1_139' title='bbox 1215 2116 1255 2184; x_wconf 92' lang='lat' dir='ltr'><strong>de</strong></span> 
     </span>
     <span class='ocr_line' id='line_1_18' title="bbox 106 2213 237 2302; baseline 0 -22"><span class='ocrx_word' id='word_1_140' title='bbox 106 2213 237 2302; x_wconf 87' lang='lat' dir='ltr'><strong>reliquis.</strong></span> 
     </span>
    </p>

    <p class='ocr_par' dir='ltr' id='par_1_4' title="bbox 107 2313 1258 3739">
     <span class='ocr_line' id='line_1_19' title="bbox 164 2313 1255 2407; baseline 0.002 -23"><span class='ocrx_word' id='word_1_141' title='bbox 164 2315 227 2384; x_wconf 82' lang='lat' dir='ltr'><strong>Sed</strong></span> <span class='ocrx_word' id='word_1_142' title='bbox 241 2316 283 2383; x_wconf 89' lang='lat' dir='ltr'><strong>de</strong></span> <span class='ocrx_word' id='word_1_143' title='bbox 300 2314 441 2402; x_wconf 84' lang='lat' dir='ltr'><strong>generali</strong></span> <span class='ocrx_word' id='word_1_144' title='bbox 455 2315 579 2380; x_wconf 88' lang='lat' dir='ltr'><strong>numeri</strong></span> <span class='ocrx_word' id='word_1_145' title='bbox 600 2313 720 2380; x_wconf 82' lang='lat' dir='ltr'><strong>ratione</strong></span> <span class='ocrx_word' id='word_1_146' title='bbox 740 2337 812 2401; x_wconf 86' lang='lat' dir='ltr'><strong>quaa</strong></span> <span class='ocrx_word' id='word_1_147' title='bbox 829 2337 927 2404; x_wconf 86' lang='lat' dir='ltr'><strong>supra</strong></span> <span class='ocrx_word' id='word_1_148' title='bbox 939 2316 1091 2398; x_wconf 83' lang='lat' dir='ltr'><strong>diximus,</strong></span> <span class='ocrx_word' id='word_1_149' title='bbox 1107 2319 1255 2407; x_wconf 90' lang='lat' dir='ltr'><strong>exemplo</strong></span> 
     </span>
     <span class='ocr_line' id='line_1_20' title="bbox 107 2415 1256 2504; baseline 0.005 -22"><span class='ocrx_word' id='word_1_150' title='bbox 107 2419 243 2486; x_wconf 86' lang='lat' dir='ltr'><strong>nonnihil</strong></span> <span class='ocrx_word' id='word_1_151' title='bbox 257 2417 465 2486; x_wconf 83' lang='lat' dir='ltr'><strong>elucidamus.</strong></span> <span class='ocrx_word' id='word_1_152' title='bbox 511 2415 564 2485; x_wconf 87' lang='lat' dir='ltr'><strong>Sit</strong></span> <span class='ocrx_word' id='word_1_153' title='bbox 582 2439 609 2482; x_wconf 91' lang='lat' dir='ltr'><strong>e.</strong></span> <span class='ocrx_word' id='word_1_154' title='bbox 619 2439 652 2503; x_wconf 87' lang='lat' dir='ltr'><strong>g.</strong></span> <span class='ocrx_word' id='word_1_155' title='bbox 672 2415 759 2482; x_wconf 90' lang='lat' dir='ltr'><strong>linea</strong></span> <span class='ocrx_word' id='word_1_156' title='bbox 777 2417 901 2504; x_wconf 84' lang='lat' dir='ltr'><strong>quaevis</strong></span> <span class='ocrx_word' id='word_1_157' title='bbox 915 2422 967 2500; x_wconf 89' lang='lat' dir='ltr'><strong>A;</strong></span> <span class='ocrx_word' id='word_1_158' title='bbox 990 2420 1066 2486; x_wconf 90' lang='lat' dir='ltr'><strong>huic</strong></span> <span class='ocrx_word' id='word_1_159' title='bbox 1083 2422 1193 2488; x_wconf 85' lang='lat' dir='ltr'><strong>nullus</strong></span> <span class='ocrx_word' id='word_1_160' title='bbox 1213 2445 1256 2490; x_wconf 82' lang='lat' dir='ltr'><strong>ex</strong></span> 
     </span>
     <span class='ocr_line' id='line_1_21' title="bbox 107 2517 1256 2610; baseline -0.001 -22"><span class='ocrx_word' id='word_1_161' title='bbox 107 2531 187 2606; x_wconf 85' lang='lat' dir='ltr'><strong>parte</strong></span> <span class='ocrx_word' id='word_1_162' title='bbox 204 2522 249 2588; x_wconf 91' lang='lat' dir='ltr'><strong>rei</strong></span> <span class='ocrx_word' id='word_1_163' title='bbox 266 2541 420 2588; x_wconf 88' lang='lat' dir='ltr'><strong>numerus</strong></span> <span class='ocrx_word' id='word_1_164' title='bbox 437 2517 637 2606; x_wconf 82' lang='lat' dir='ltr'><strong>peculiariter</strong></span> <span class='ocrx_word' id='word_1_165' title='bbox 658 2517 829 2605; x_wconf 82' lang='lat' dir='ltr'><strong>competit3</strong></span> <span class='ocrx_word' id='word_1_166' title='bbox 851 2527 885 2584; x_wconf 87' lang='lat' dir='ltr'><strong>at</strong></span> <span class='ocrx_word' id='word_1_167' title='bbox 906 2519 935 2584; x_wconf 90' lang='lat' dir='ltr'><strong>si</strong></span> <span class='ocrx_word' id='word_1_168' title='bbox 956 2520 1132 2607; x_wconf 86' lang='lat' dir='ltr'><strong>cogitemus</strong></span> <span class='ocrx_word' id='word_1_169' title='bbox 1153 2522 1256 2610; x_wconf 85' lang='lat' dir='ltr'><strong>ipsam</strong></span> 
     </span>
     <span class='ocr_line' id='line_1_22' title="bbox 108 2617 1258 2710; baseline 0.003 -23"><span class='ocrx_word' id='word_1_170' title='bbox 108 2643 144 2687; x_wconf 83' lang='lat' dir='ltr'><strong>ex</strong></span> <span class='ocrx_word' id='word_1_171' title='bbox 156 2623 261 2710; x_wconf 77' lang='lat' dir='ltr'><strong>aliqua</strong></span> <span class='ocrx_word' id='word_1_172' title='bbox 273 2623 365 2690; x_wconf 79' lang='lat' dir='ltr'><strong>linea</strong></span> <span class='ocrx_word' id='word_1_173' title='bbox 377 2643 434 2708; x_wconf 88' lang='lat' dir='ltr'><strong>per</strong></span> <span class='ocrx_word' id='word_1_174' title='bbox 447 2619 564 2686; x_wconf 84' lang='lat' dir='ltr'><strong>uiuam</strong></span> <span class='ocrx_word' id='word_1_175' title='bbox 578 2619 629 2684; x_wconf 86' lang='lat' dir='ltr'><strong>aui</strong></span> <span class='ocrx_word' id='word_1_176' title='bbox 643 2617 873 2706; x_wconf 83' lang='lat' dir='ltr'><strong>repetitionem,</strong></span> <span class='ocrx_word' id='word_1_177' title='bbox 889 2620 984 2688; x_wconf 88' lang='lat' dir='ltr'><strong>modo</strong></span> <span class='ocrx_word' id='word_1_178' title='bbox 1000 2623 1163 2710; x_wconf 76' lang='lat' dir='ltr'><strong>exposito,</strong></span> <span class='ocrx_word' id='word_1_179' title='bbox 1171 2645 1258 2690; x_wconf 91' lang='lat' dir='ltr'><strong>com-</strong></span> 
     </span>
     <span class='ocr_line' id='line_1_23' title="bbox 108 2721 1256 2814; baseline 0.002 -24"><span class='ocrx_word' id='word_1_180' title='bbox 108 2725 175 2810; x_wconf 83' lang='lat' dir='ltr'><strong>posi</strong></span> <span class='ocrx_word' id='word_1_181' title='bbox 191 2726 254 2814; x_wconf 77' lang='lat' dir='ltr'><strong>(vel</strong></span> <span class='ocrx_word' id='word_1_182' title='bbox 267 2724 358 2814; x_wconf 90' lang='lat' dir='ltr'><strong>quod</strong></span> <span class='ocrx_word' id='word_1_183' title='bbox 372 2723 483 2792; x_wconf 90' lang='lat' dir='ltr'><strong>eodem</strong></span> <span class='ocrx_word' id='word_1_184' title='bbox 499 2722 621 2803; x_wconf 89' lang='lat' dir='ltr'><strong>recidit,</strong></span> <span class='ocrx_word' id='word_1_185' title='bbox 637 2722 672 2789; x_wconf 91' lang='lat' dir='ltr'><strong>iu</strong></span> <span class='ocrx_word' id='word_1_186' title='bbox 691 2733 755 2790; x_wconf 87' lang='lat' dir='ltr'><strong>tres</strong></span> <span class='ocrx_word' id='word_1_187' title='bbox 775 2721 913 2811; x_wconf 81' lang='lat' dir='ltr'><strong>aequales</strong></span> <span class='ocrx_word' id='word_1_188' title='bbox 933 2733 1039 2812; x_wconf 87' lang='lat' dir='ltr'><strong>partes</strong></span> <span class='ocrx_word' id='word_1_189' title='bbox 1058 2724 1125 2792; x_wconf 83' lang='lat' dir='ltr'><strong>fore</strong></span> <span class='ocrx_word' id='word_1_190' title='bbox 1143 2725 1256 2792; x_wconf 86' lang='lat' dir='ltr'><strong>divisi-</strong></span> 
     </span>
     <span class='ocr_line' id='line_1_24' title="bbox 109 2825 1257 2915; baseline 0.003 -23"><span class='ocrx_word' id='word_1_191' title='bbox 109 2827 214 2911; x_wconf 83' lang='lat' dir='ltr'><strong>bilcm3</strong></span> <span class='ocrx_word' id='word_1_192' title='bbox 234 2829 323 2898; x_wconf 90' lang='lat' dir='ltr'><strong>idem</strong></span> <span class='ocrx_word' id='word_1_193' title='bbox 338 2827 423 2894; x_wconf 87' lang='lat' dir='ltr'><strong>enim</strong></span> <span class='ocrx_word' id='word_1_194' title='bbox 437 2835 487 2893; x_wconf 87' lang='lat' dir='ltr'><strong>est</strong></span> <span class='ocrx_word' id='word_1_195' title='bbox 500 2847 543 2892; x_wconf 87' lang='lat' dir='ltr'><strong>ex</strong></span> <span class='ocrx_word' id='word_1_196' title='bbox 556 2825 659 2892; x_wconf 88' lang='lat' dir='ltr'><strong>tribus</strong></span> <span class='ocrx_word' id='word_1_197' title='bbox 675 2825 853 2911; x_wconf 75' lang='lat' dir='ltr'><strong>aequalibus</strong></span> <span class='ocrx_word' id='word_1_198' title='bbox 866 2827 1022 2914; x_wconf 89' lang='lat' dir='ltr'><strong>componi,</strong></span> <span class='ocrx_word' id='word_1_199' title='bbox 1037 2827 1124 2915; x_wconf 91' lang='lat' dir='ltr'><strong>quod</strong></span> <span class='ocrx_word' id='word_1_200' title='bbox 1142 2829 1176 2894; x_wconf 91' lang='lat' dir='ltr'><strong>in</strong></span> <span class='ocrx_word' id='word_1_201' title='bbox 1193 2828 1257 2896; x_wconf 80' lang='lat' dir='ltr'><strong>tria</strong></span> 
     </span>
     <span class='ocr_line' id='line_1_25' title="bbox 111 2918 1255 3020; baseline -0.004 -17"><span class='ocrx_word' id='word_1_202' title='bbox 111 2933 233 3020; x_wconf 66' lang='lat' dir='ltr'><strong>equdia</strong></span> <span class='ocrx_word' id='word_1_203' title='bbox 245 2931 366 3001; x_wconf 82' lang='lat' dir='ltr'><strong>resolvi</strong></span> <span class='ocrx_word' id='word_1_204' title='bbox 384 2931 489 3020; x_wconf 88' lang='lat' dir='ltr'><strong>posse)</strong></span> <span class='ocrx_word' id='word_1_205' title='bbox 511 2951 550 2996; x_wconf 89' lang='lat' dir='ltr'><strong>ea</strong></span> <span class='ocrx_word' id='word_1_206' title='bbox 570 2936 698 3016; x_wconf 87' lang='lat' dir='ltr'><strong>propter</strong></span> <span class='ocrx_word' id='word_1_207' title='bbox 719 2929 823 3016; x_wconf 86' lang='lat' dir='ltr'><strong>ipsam</strong></span> <span class='ocrx_word' id='word_1_208' title='bbox 845 2929 1080 3017; x_wconf 90' lang='lat' dir='ltr'><strong>appellabimus</strong></span> <span class='ocrx_word' id='word_1_209' title='bbox 1101 2918 1165 2998; x_wconf 83' lang='lat' dir='ltr'><strong>tres</strong></span> <span class='ocrx_word' id='word_1_210' title='bbox 1190 2934 1255 3019; x_wconf 85' lang='lat' dir='ltr'><strong>(vel</strong></span> 
     </span>
     <span class='ocr_line' id='line_1_26' title="bbox 111 3032 1254 3124; baseline 0.002 -22"><span class='ocrx_word' id='word_1_211' title='bbox 111 3045 166 3102; x_wconf 80' lang='lat' dir='ltr'><strong>tres</strong></span> <span class='ocrx_word' id='word_1_212' title='bbox 177 3037 282 3104; x_wconf 87' lang='lat' dir='ltr'><strong>tertius</strong></span> <span class='ocrx_word' id='word_1_213' title='bbox 299 3035 402 3124; x_wconf 88' lang='lat' dir='ltr'><strong>ipsius</strong></span> <span class='ocrx_word' id='word_1_214' title='bbox 415 3035 461 3118; x_wconf 80' lang='lat' dir='ltr'><strong>A)</strong></span> <span class='ocrx_word' id='word_1_215' title='bbox 478 3043 511 3100; x_wconf 91' lang='lat' dir='ltr'><strong>et</strong></span> <span class='ocrx_word' id='word_1_216' title='bbox 525 3054 665 3119; x_wconf 84' lang='lat' dir='ltr'><strong>congruo</strong></span> <span class='ocrx_word' id='word_1_217' title='bbox 684 3032 814 3098; x_wconf 77' lang='lat' dir='ltr'><strong>terumii</strong></span> <span class='ocrx_word' id='word_1_218' title='bbox 828 3033 1007 3101; x_wconf 85' lang='lat' dir='ltr'><strong>charactere</strong></span> <span class='ocrx_word' id='word_1_219' title='bbox 1021 3033 1254 3104; x_wconf 76' lang='lat' dir='ltr'><strong>denotabimur.</strong></span> 
     </span>
     <span class='ocr_line' id='line_1_27' title="bbox 114 3133 1255 3229; baseline 0.003 -27"><span class='ocrx_word' id='word_1_220' title='bbox 114 3133 164 3202; x_wconf 82' lang='lat' dir='ltr'><strong>Sin</strong></span> <span class='ocrx_word' id='word_1_221' title='bbox 176 3141 390 3229; x_wconf 87' lang='lat' dir='ltr'><strong>concipiamus</strong></span> <span class='ocrx_word' id='word_1_222' title='bbox 404 3137 537 3204; x_wconf 81' lang='lat' dir='ltr'><strong>eandem</strong></span> <span class='ocrx_word' id='word_1_223' title='bbox 547 3135 581 3200; x_wconf 92' lang='lat' dir='ltr'><strong><em>A</em></strong></span> <span class='ocrx_word' id='word_1_224' title='bbox 597 3157 638 3200; x_wconf 87' lang='lat' dir='ltr'><strong>ex</strong></span> <span class='ocrx_word' id='word_1_225' title='bbox 653 3143 774 3222; x_wconf 87' lang='lat' dir='ltr'><strong>septem</strong></span> <span class='ocrx_word' id='word_1_226' title='bbox 789 3136 966 3223; x_wconf 72' lang='lat' dir='ltr'><strong>aequalibus</strong></span> <span class='ocrx_word' id='word_1_227' title='bbox 979 3137 1073 3204; x_wconf 88' lang='lat' dir='ltr'><strong>lineis</strong></span> <span class='ocrx_word' id='word_1_228' title='bbox 1087 3140 1255 3226; x_wconf 81' lang='lat' dir='ltr'><strong>aggregari</strong></span> 
     </span>
     <span class='ocr_line' id='line_1_28' title="bbox 116 3236 1256 3331; baseline 0.004 -28"><span class='ocrx_word' id='word_1_229' title='bbox 116 3239 171 3322; x_wconf 83' lang='lat' dir='ltr'><strong>(vel</strong></span> <span class='ocrx_word' id='word_1_230' title='bbox 182 3242 215 3308; x_wconf 92' lang='lat' dir='ltr'><strong>in</strong></span> <span class='ocrx_word' id='word_1_231' title='bbox 229 3253 247 3309; x_wconf 77' lang='lat' dir='ltr'><strong>t</strong></span> <span class='ocrx_word' id='word_1_232' title='bbox 263 3241 402 3331; x_wconf 69' lang='lat' dir='ltr'><strong>equales</strong></span> <span class='ocrx_word' id='word_1_233' title='bbox 416 3239 517 3308; x_wconf 86' lang='lat' dir='ltr'><strong>lineas</strong></span> <span class='ocrx_word' id='word_1_234' title='bbox 530 3260 624 3327; x_wconf 82' lang='lat' dir='ltr'><strong>posse</strong></span> <span class='ocrx_word' id='word_1_235' title='bbox 635 3236 797 3323; x_wconf 81' lang='lat' dir='ltr'><strong>distribui)</strong></span> <span class='ocrx_word' id='word_1_236' title='bbox 811 3262 855 3306; x_wconf 86' lang='lat' dir='ltr'><strong>ex</strong></span> <span class='ocrx_word' id='word_1_237' title='bbox 867 3239 1017 3327; x_wconf 86' lang='lat' dir='ltr'><strong>qualibus</strong></span> <span class='ocrx_word' id='word_1_238' title='bbox 1031 3241 1145 3308; x_wconf 88' lang='lat' dir='ltr'><strong>iisdem</strong></span> <span class='ocrx_word' id='word_1_239' title='bbox 1156 3243 1256 3329; x_wconf 89' lang='lat' dir='ltr'><strong>parti·</strong></span> 
     </span>
     <span class='ocr_line' id='line_1_29' title="bbox 115 3341 1255 3429; baseline 0.004 -23"><span class='ocrx_word' id='word_1_240' title='bbox 115 3341 297 3413; x_wconf 84' lang='lat' dir='ltr'><strong>eulisdccem</strong></span> <span class='ocrx_word' id='word_1_241' title='bbox 309 3344 410 3412; x_wconf 85' lang='lat' dir='ltr'><strong>altera</strong></span> <span class='ocrx_word' id='word_1_242' title='bbox 417 3343 503 3410; x_wconf 87' lang='lat' dir='ltr'><strong>linea</strong></span> <span class='ocrx_word' id='word_1_243' title='bbox 512 3341 546 3407; x_wconf 91' lang='lat' dir='ltr'><em>B</em></span> <span class='ocrx_word' id='word_1_244' title='bbox 554 3341 727 3429; x_wconf 90' lang='lat' dir='ltr'><strong>composita</strong></span> <span class='ocrx_word' id='word_1_245' title='bbox 741 3343 810 3428; x_wconf 89' lang='lat' dir='ltr'><strong>(seu</strong></span> <span class='ocrx_word' id='word_1_246' title='bbox 823 3342 859 3407; x_wconf 92' lang='lat' dir='ltr'><strong>in</strong></span> <span class='ocrx_word' id='word_1_247' title='bbox 869 3343 1003 3410; x_wconf 90' lang='lat' dir='ltr'><strong>totidem</strong></span> <span class='ocrx_word' id='word_1_248' title='bbox 1011 3343 1086 3410; x_wconf 89' lang='lat' dir='ltr'><strong>illas</strong></span> <span class='ocrx_word' id='word_1_249' title='bbox 1099 3344 1255 3410; x_wconf 86' lang='lat' dir='ltr'><strong>resolubi-</strong></span> 
     </span>
     <span class='ocr_line' id='line_1_30' title="bbox 116 3440 1256 3534; baseline 0.003 -26"><span class='ocrx_word' id='word_1_250' title='bbox 116 3440 315 3528; x_wconf 88' lang='lat' dir='ltr'><strong>lis)censetur‚</strong></span> <span class='ocrx_word' id='word_1_251' title='bbox 325 3445 535 3514; x_wconf 86' lang='lat' dir='ltr'><strong>hiucliueaA</strong></span> <span class='ocrx_word' id='word_1_252' title='bbox 546 3442 714 3512; x_wconf 83' lang='lat' dir='ltr'><strong>vocabitur</strong></span> <span class='ocrx_word' id='word_1_253' title='bbox 722 3454 843 3534; x_wconf 88' lang='lat' dir='ltr'><strong>septem</strong></span> <span class='ocrx_word' id='word_1_254' title='bbox 852 3445 1175 3532; x_wconf 81' lang='lat' dir='ltr'><strong>velseptemdecimse</strong></span> <span class='ocrx_word' id='word_1_255' title='bbox 1183 3469 1256 3532; x_wconf 90' lang='lat' dir='ltr'><strong>par·</strong></span> 
     </span>
     <span class='ocr_line' id='line_1_31' title="bbox 117 3545 1256 3634; baseline 0.001 -22"><span class='ocrx_word' id='word_1_256' title='bbox 117 3555 158 3612; x_wconf 83' lang='lat' dir='ltr'><strong>tes</strong></span> <span class='ocrx_word' id='word_1_257' title='bbox 172 3550 226 3634; x_wconf 63' lang='grc' dir='ltr'><strong>(ἡ)</strong></span> <span class='ocrx_word' id='word_1_258' title='bbox 239 3551 333 3620; x_wconf 77' lang='lat' dir='ltr'><strong>linem</strong></span> <span class='ocrx_word' id='word_1_259' title='bbox 346 3551 387 3616; x_wconf 89' lang='lat' dir='ltr'><strong>B.</strong></span> <span class='ocrx_word' id='word_1_260' title='bbox 410 3547 504 3630; x_wconf 81' lang='lat' dir='ltr'><strong>Quod</strong></span> <span class='ocrx_word' id='word_1_261' title='bbox 518 3547 547 3614; x_wconf 91' lang='lat' dir='ltr'><strong>si</strong></span> <span class='ocrx_word' id='word_1_262' title='bbox 557 3546 668 3614; x_wconf 84' lang='lat' dir='ltr'><strong>eadem</strong></span> <span class='ocrx_word' id='word_1_263' title='bbox 676 3546 762 3614; x_wconf 87' lang='lat' dir='ltr'><strong>linea</strong></span> <span class='ocrx_word' id='word_1_264' title='bbox 772 3547 806 3612; x_wconf 89' lang='lat' dir='ltr'><strong><em>A</em></strong></span> <span class='ocrx_word' id='word_1_265' title='bbox 817 3545 1001 3612; x_wconf 88' lang='lat' dir='ltr'><strong>nullatenus</strong></span> <span class='ocrx_word' id='word_1_266' title='bbox 1011 3556 1068 3611; x_wconf 91' lang='lat' dir='ltr'><strong>aut</strong></span> <span class='ocrx_word' id='word_1_267' title='bbox 1081 3548 1256 3634; x_wconf 89' lang='lat' dir='ltr'><strong>composita</strong></span> 
     </span>
     <span class='ocr_line' id='line_1_32' title="bbox 118 3648 1253 3739; baseline 0.005 -27"><span class='ocrx_word' id='word_1_268' title='bbox 118 3659 165 3714; x_wconf 83' lang='lat' dir='ltr'><strong>aut</strong></span> <span class='ocrx_word' id='word_1_269' title='bbox 176 3651 273 3720; x_wconf 85' lang='lat' dir='ltr'><strong>divisa</strong></span> <span class='ocrx_word' id='word_1_270' title='bbox 285 3653 452 3739; x_wconf 83' lang='lat' dir='ltr'><strong>cogitetur,</strong></span> <span class='ocrx_word' id='word_1_271' title='bbox 468 3651 601 3718; x_wconf 84' lang='lat' dir='ltr'><strong>unitatis</strong></span> <span class='ocrx_word' id='word_1_272' title='bbox 616 3650 687 3738; x_wconf 87' lang='lat' dir='ltr'><strong>ipsa</strong></span> <span class='ocrx_word' id='word_1_273' title='bbox 705 3648 858 3736; x_wconf 83' lang='lat' dir='ltr'><strong>gaudebit</strong></span> <span class='ocrx_word' id='word_1_274' title='bbox 876 3648 1006 3714; x_wconf 89' lang='lat' dir='ltr'><strong>nomine</strong></span> <span class='ocrx_word' id='word_1_275' title='bbox 1018 3660 1051 3716; x_wconf 88' lang='lat' dir='ltr'><strong>et</strong></span> <span class='ocrx_word' id='word_1_276' title='bbox 1065 3651 1253 3720; x_wconf 86' lang='lat' dir='ltr'><strong>charactere.</strong></span> 
     </span>
    </p>
   </div>
   <div class='ocr_carea' id='block_1_3' title="bbox 120 3747 1255 4148">
    <p class='ocr_par' dir='ltr' id='par_1_5' title="bbox 120 3747 1255 4148">
     <span class='ocr_line' id='line_1_33' title="bbox 120 3747 1254 3844; baseline 0.003 -27"><span class='ocrx_word' id='word_1_277' title='bbox 120 3747 170 3818; x_wconf 81' lang='lat' dir='ltr'><strong>Sin</strong></span> <span class='ocrx_word' id='word_1_278' title='bbox 185 3755 282 3824; x_wconf 90' lang='lat' dir='ltr'><strong>adhuc</strong></span> <span class='ocrx_word' id='word_1_279' title='bbox 301 3755 557 3844; x_wconf 83' lang='lat' dir='ltr'><strong>apprehendatur</strong></span> <span class='ocrx_word' id='word_1_280' title='bbox 570 3753 657 3820; x_wconf 84' lang='lat' dir='ltr'><strong>diota</strong></span> <span class='ocrx_word' id='word_1_281' title='bbox 670 3752 757 3819; x_wconf 88' lang='lat' dir='ltr'><strong>linea</strong></span> <span class='ocrx_word' id='word_1_282' title='bbox 770 3754 805 3818; x_wconf 91' lang='lat' dir='ltr'><strong><em>A</em></strong></span> <span class='ocrx_word' id='word_1_283' title='bbox 819 3774 879 3820; x_wconf 91' lang='lat' dir='ltr'><strong>ceu</strong></span> <span class='ocrx_word' id='word_1_284' title='bbox 891 3751 997 3819; x_wconf 87' lang='lat' dir='ltr'><strong>media</strong></span> <span class='ocrx_word' id='word_1_285' title='bbox 1011 3753 1254 3841; x_wconf 88' lang='lat' dir='ltr'><strong>proportionalis</strong></span> 
     </span>
     <span class='ocr_line' id='line_1_34' title="bbox 120 3851 1254 3946; baseline -0.001 -22"><span class='ocrx_word' id='word_1_286' title='bbox 120 3851 189 3924; x_wconf 81' lang='lat' dir='ltr'><strong>intur</strong></span> <span class='ocrx_word' id='word_1_287' title='bbox 205 3857 320 3926; x_wconf 76' lang='lat' dir='ltr'><strong>lineam</strong></span> <span class='ocrx_word' id='word_1_288' title='bbox 340 3858 487 3946; x_wconf 85' lang='lat' dir='ltr'><strong>quamvis</strong></span> <span class='ocrx_word' id='word_1_289' title='bbox 507 3859 542 3924; x_wconf 92' lang='lat' dir='ltr'><em>B</em></span> <span class='ocrx_word' id='word_1_290' title='bbox 559 3879 603 3924; x_wconf 82' lang='lat' dir='ltr'><strong>ex</strong></span> <span class='ocrx_word' id='word_1_291' title='bbox 624 3851 749 3924; x_wconf 83' lang='lat' dir='ltr'><strong>duabus</strong></span> <span class='ocrx_word' id='word_1_292' title='bbox 770 3854 865 3922; x_wconf 89' lang='lat' dir='ltr'><strong>lineis</strong></span> <span class='ocrx_word' id='word_1_293' title='bbox 887 3853 1063 3942; x_wconf 71' lang='lat' dir='ltr'><strong>equalibus</strong></span> <span class='ocrx_word' id='word_1_294' title='bbox 1085 3856 1254 3923; x_wconf 88' lang='lat' dir='ltr'><strong>conflatam</strong></span> 
     </span>
     <span class='ocr_line' id='line_1_35' title="bbox 124 3954 1255 4050; baseline -0.002 -22"><span class='ocrx_word' id='word_1_295' title='bbox 124 3954 331 4050; x_wconf 65' lang='lat' dir='ltr'><strong>(bicumque</strong></span> <span class='ocrx_word' id='word_1_296' title='bbox 355 3959 530 4047; x_wconf 74' lang='lat' dir='ltr'><strong>equaliter)</strong></span> <span class='ocrx_word' id='word_1_297' title='bbox 558 3968 591 4026; x_wconf 85' lang='lat' dir='ltr'><strong>et</strong></span> <span class='ocrx_word' id='word_1_298' title='bbox 619 3979 716 4026; x_wconf 88' lang='lat' dir='ltr'><strong>unam</strong></span> <span class='ocrx_word' id='word_1_299' title='bbox 744 3958 878 4024; x_wconf 87' lang='lat' dir='ltr'><strong>istarum</strong></span> <span class='ocrx_word' id='word_1_300' title='bbox 902 3956 1073 4046; x_wconf 73' lang='lat' dir='ltr'><strong>equalium</strong></span> <span class='ocrx_word' id='word_1_301' title='bbox 1098 3957 1255 4026; x_wconf 90' lang='lat' dir='ltr'><strong>linearum</strong></span> 
     </span>
     <span class='ocr_line' id='line_1_36' title="bbox 125 4055 1254 4148; baseline 0.002 -20"><span class='ocrx_word' id='word_1_302' title='bbox 125 4055 185 4140; x_wconf 85' lang='lat' dir='ltr'><strong>(hcc</strong></span> <span class='ocrx_word' id='word_1_303' title='bbox 206 4074 251 4129; x_wconf 90' lang='lat' dir='ltr'><strong>est</strong></span> <span class='ocrx_word' id='word_1_304' title='bbox 275 4065 357 4134; x_wconf 87' lang='lat' dir='ltr'><strong>inter</strong></span> <span class='ocrx_word' id='word_1_305' title='bbox 379 4072 477 4130; x_wconf 81' lang='lat' dir='ltr'><strong>totam</strong></span> <span class='ocrx_word' id='word_1_306' title='bbox 496 4061 543 4143; x_wconf 88' lang='lat' dir='ltr'><strong>B,</strong></span> <span class='ocrx_word' id='word_1_307' title='bbox 567 4071 600 4128; x_wconf 90' lang='lat' dir='ltr'><strong>et</strong></span> <span class='ocrx_word' id='word_1_308' title='bbox 622 4060 787 4128; x_wconf 82' lang='lat' dir='ltr'><strong>semissem</strong></span> <span class='ocrx_word' id='word_1_309' title='bbox 812 4059 894 4148; x_wconf 89' lang='lat' dir='ltr'><strong>ejus)</strong></span> <span class='ocrx_word' id='word_1_310' title='bbox 922 4059 975 4128; x_wconf 83' lang='lat' dir='ltr'><strong>vel</strong></span> <span class='ocrx_word' id='word_1_311' title='bbox 1001 4059 1083 4128; x_wconf 88' lang='lat' dir='ltr'><strong>inter</strong></span> <span class='ocrx_word' id='word_1_312' title='bbox 1106 4062 1254 4148; x_wconf 81' lang='lat' dir='ltr'><strong>quamvis</strong></span> 
     </span>
    </p>
   </div>
   <div class='ocr_carea' id='block_1_4' title="bbox 533 4197 806 4262">
    <p class='ocr_par' dir='ltr' id='par_1_6' title="bbox 533 4197 806 4262">
     <span class='ocr_line' id='line_1_37' title="bbox 533 4197 806 4262; baseline -0.011 -14"><span class='ocrx_word' id='word_1_313' title='bbox 533 4199 541 4232; x_wconf 88' lang='lat'>¹</span> <span class='ocrx_word' id='word_1_314' title='bbox 560 4197 620 4248; x_wconf 75' lang='lat' dir='ltr'><strong>lter.</strong></span> <span class='ocrx_word' id='word_1_315' title='bbox 633 4209 694 4248; x_wconf 87' lang='lat' dir='ltr'><strong>xm.</strong></span> <span class='ocrx_word' id='word_1_316' title='bbox 712 4213 767 4262; x_wconf 83' lang='lat' dir='ltr'><strong>cap.</strong></span> <span class='ocrx_word' id='word_1_317' title='bbox 784 4207 806 4258; x_wconf 82' lang='lat'><strong>7.</strong></span> 
     </span>
    </p>
   </div>
   <div class='ocr_carea' id='block_1_5' title="bbox 184 4443 715 4618">
    <p class='ocr_par' dir='ltr' id='par_1_7' title="bbox 184 4443 715 4618">
     <span class='ocr_line' id='line_1_38' title="bbox 184 4443 715 4518; baseline -0.013 -9"><span class='ocrx_word' id='word_1_318' title='bbox 184 4443 317 4518; x_wconf 66' lang='lat' dir='ltr'><strong>Emptos</strong></span> <span class='ocrx_word' id='word_1_319' title='bbox 329 4451 360 4507; x_wconf 80' lang='lat' dir='ltr'><strong>ct</strong></span> <span class='ocrx_word' id='word_1_320' title='bbox 369 4451 418 4507; x_wconf 87' lang='lat' dir='ltr'><strong>the</strong></span> <span class='ocrx_word' id='word_1_321' title='bbox 429 4453 527 4506; x_wconf 74' lang='lat' dir='ltr'><strong>ustura</strong></span> <span class='ocrx_word' id='word_1_322' title='bbox 539 4449 570 4506; x_wconf 81' lang='lat' dir='ltr'><strong>oi</strong></span> <span class='ocrx_word' id='word_1_323' title='bbox 578 4448 715 4505; x_wconf 85' lang='lat' dir='ltr'><strong>numbers.</strong></span> 
     </span>
     <span class='ocr_line' id='line_1_39' title="bbox 202 4565 278 4618; baseline 0.013 -1"><span class='ocrx_word' id='word_1_324' title='bbox 202 4565 229 4614; x_wconf 76' lang='grc' dir='ltr'><strong>Β.</strong></span> <span class='ocrx_word' id='word_1_325' title='bbox 244 4569 278 4618; x_wconf 81' lang='lat' dir='ltr'><strong>ll.</strong></span> 
     </span>
    </p>
   </div>
   <div class='ocr_carea' id='block_1_6' title="bbox 0 0 1588 5192">
    <p class='ocr_par' dir='ltr' id='par_1_8' title="bbox 0 0 1588 5192">
     <span class='ocr_line' id='line_1_40' title="bbox 0 0 1588 5192; baseline 0 0"><span class='ocrx_word' id='word_1_326' title='bbox 0 0 1588 5192; x_wconf 95' lang='lat' dir='ltr'><strong> </strong></span> 
     </span>
    </p>
   </div>
  </div>
 </body>
</html>
