3167 5192
247 1089 703 1170 MATHEMATIOI
749 1092 1171 1174 PROFESSORIS

492 1319 934 1425 anemonas&

627 1567 701 1632 [¹⁰⁰
712 1568 797 1634 ¹³¹2]

598 1822 602 1830 1

620 2024 751 2091 Lucu.
774 2025 804 2090 I.

221 2190 565 2262 ATHEMATIOAS
590 2193 738 2259 scientias
763 2217 819 2282 pro
842 2195 981 2260 muneris
1008 2193 1153 2262 instituto
1176 2205 1291 2266 tracta-

241 2306 342 2376 turus,
358 2306 527 2382 antequam
544 2296 684 2383 ipsarum
703 2295 862 2382 ingrediar
879 2298 1062 2384 penetralia,
1078 2297 1113 2364 in
1131 2301 1291 2368 vestibulo

73 2407 78 2414 ’
132 2399 295 2487 paulisper
311 2398 491 2478 consistam,
515 2397 617 2484 iisque
643 2397 699 2485 qui
722 2398 764 2463 ad
787 2399 856 2464 haec
879 2398 985 2464 studia
1007 2400 1114 2466 minus
1138 2402 1292 2469 accedunt

132 2503 234 2590 parati
249 2524 307 2568 scu
321 2524 441 2567 morem
460 2511 616 2587 gestuum,
632 2524 689 2567 scu
708 2510 836 2586 gratnm
856 2501 975 2588 opinor,
992 2501 1130 2569 factmus
1150 2528 1187 2570 co
1202 2528 1291 2594 spec-

132 2606 234 2672 tantia
247 2605 409 2693 generalia
423 2604 568 2691 quaedam
583 2602 756 2691 ἐξωτερικὰ
769 2603 951 2690 praelibabo.
982 2605 1023 2671 Id
1036 2608 1130 2692 quod,
1144 2610 1291 2676 omnibus

134 2707 355 2795 praetermissis
377 2707 578 2793 ambagibus,
594 2707 792 2773 continenter
811 2706 977 2792 aggrediar
992 2707 1101 2784 facere,
1117 2709 1177 2776 hae
1195 2710 1292 2778 ferme

134 2811 295 2878 methodo.
340 2810 483 2876 Primum
499 2809 539 2876 de
552 2810 681 2876 nomine
702 2809 837 2896 paucula
851 2809 1012 2892 disseram,
1029 2821 1096 2878 tum
1114 2813 1154 2879 de
1168 2815 1292 2902 objecto

135 2916 286 3004 ipsarum,
306 2925 338 2981 et
358 2914 434 2981 inde
455 2915 664 2982 subnascente
685 2915 873 3004 partitione,
896 2915 1041 3003 proxime
1056 2917 1095 2983 de
1112 2919 1207 2986 modo
1222 2946 1293 2988 ver-

136 3019 225 3086 sandi
245 3021 329 3085 circa
354 3018 523 3105 objectum,
546 3017 608 3083 hoc
625 3026 673 3082 est
696 3017 764 3105 ejus
787 3017 993 3105 proprietates
1018 3019 1234 3109 investigandi
1259 3038 1292 3094 et

136 3120 374 3189 demonstrandi
392 3120 460 3202 (ubi
475 3119 514 3185 de
529 3119 776 3207 principiisque.
787 3130 972 3201 assumuut;
988 3121 1027 3188 dc
1042 3126 1291 3213 propositionum

136 3248 214 3312 quas
233 3224 367 3292 eliciunt
386 3221 589 3301 differentiis,
612 3220 652 3286 de
673 3219 822 3287 methodo
838 3221 963 3311 duplice
987 3222 1222 3295 demonstrandi
1236 3253 1293 3318 per

136 3327 294 3418 analy'sin,
311 3337 344 3394 ct
363 3325 541 3413 synthesin,
557 3325 659 3412 deque
673 3325 746 3391 aliis
761 3325 909 3392 affinibus
924 3329 1065 3394 materiis
1085 3353 1119 3396 se
1138 3335 1292 3420 praebebit

137 3435 256 3501 occasio
273 3429 493 3519 disquirendi).
538 3427 702 3521 Postremo
722 3428 762 3493 de
787 3427 927 3514 ipsarum
954 3431 1086 3518 origine,
1113 3458 1290 3522 progressu,

137 3535 329 3604 incremento
343 3531 499 3600 nonnulla
513 3531 618 3598 forsan
632 3530 781 3597 historica
796 3532 998 3618 subjungam.

199 3641 329 3708 Nomen
350 3636 453 3726 primo
477 3634 563 3723 quod
586 3635 709 3715 attinet,
735 3658 809 3700 cum
826 3633 1003 3722 disciplinae
1026 3637 1227 3720 vocabulum,
1250 3663 1292 3706 ex

139 3745 264 3832 proprio
284 3752 316 3808 et
330 3739 480 3830 primario
500 3735 691 3824 significatu,
708 3759 874 3802 commune
888 3736 1034 3804 videatur
1048 3738 1186 3807 scientia
1200 3743 1293 3810 cuili-

139 3847 192 3912 bet
211 3844 386 3934 acquisitae,
409 3851 441 3909 et
466 3842 582 3908 dacore
605 3839 688 3904 nihil
713 3838 802 3904 alind
820 3839 919 3926 vulgo
940 3850 1040 3924 sonet,
1056 3866 1152 3930 quam
1175 3845 1210 3911 in
1235 3847 1291 3928 rei,

139 3971 231 4034 quam
250 3945 478 4036 ignoravimus,
494 3941 641 4010 notitiam
656 3940 821 4022 devenire
844 3943 919 4028 (qno
933 3965 1029 4010 sensu
1045 3943 1163 4014 Sextus
1179 3945 1293 4035 Empi-

191 4175 205 4202 ⁸
224 4173 922 4243 lnthesehocturesBarrowproposestodissuss
1005 4197 1021 4228 ο

191 4259 248 4314 'the
259 4260 286 4314 N
287 4276 349 4315 arno
360 4259 392 4313 of
399 4257 617 4314 Mathomatice:

190 4343 272 4400 'their
289 4343 391 4414 Objoot
407 4343 463 4398 and
478 4335 646 4412 consequent
656 4341 806 4412 partition:
825 4342 874 4398 via.
886 4342 969 4399 'their
981 4343 1066 4402 Mode
1077 4345 1109 4400 ot
1117 4345 1293 4406 Demonstra-

143 4427 213 4484 flu:
230 4429 397 4500 (nudatas
408 4429 597 4499 arnostus
609 4429 735 4498 moysa,
747 4428 882 4499 annosa
892 4429 913 4500 τ)

192 4515 273 4570 'their
284 4515 390 4586 origin,
402 4515 543 4584 Progress,
553 4514 610 4571 and
622 4515 835 4586 Improvemont.
