3167 5192
419 371 462 441 18
769 381 958 434 unououns
979 381 1122 434 orrron.
1327 359 1439 448 [neor.
1458 373 1486 422 1·

421 555 570 625 scientie
584 557 758 646 praestemi.
796 553 1048 644 Comprobandis
1062 561 1170 621 autem
1183 551 1225 618 iis
1244 572 1316 639 quae
1328 547 1399 615 dixi
1414 569 1488 612 non

273 688 276 692 ⁸
419 660 620 742 incumbam3
644 683 718 727 oum
739 670 772 727 et
795 658 893 747 (quod
915 657 1061 725 instituto
1084 665 1192 724 nostro
1215 655 1294 722 setis
1316 653 1376 738 est)
1401 649 1490 718 teliu

420 763 491 830 dari
504 782 597 852 posse
611 786 676 829 non
689 763 797 829 minus
811 763 883 851 ipsu
896 761 967 828 luce
981 760 1101 827 olerum
1115 759 1271 839 videatur,
1289 757 1355 823 imo
1369 757 1491 821 revers

422 864 491 930 duri
515 864 679 953 complura
699 864 860 932 declarent
879 863 1106 953 experimenta.
1151 860 1284 949 Opticas
1301 881 1378 926 vero
1399 877 1489 944 quas

421 967 513 1034 innui
524 968 717 1055 hypotheses
731 968 907 1058 praecipuas
918 968 1158 1056 subjungemus,
1169 974 1203 1032 et
1216 961 1364 1031 nonnihil
1379 969 1491 1028 utten-

422 1069 562 1137 tabimus
576 1069 747 1158 explicare.

489 1275 589 1344 VIII.
635 1279 665 1344 1.
710 1277 809 1346 Rodii
833 1278 915 1346 lucis
946 1279 1018 1365 (hoo
1044 1289 1094 1346 est
1117 1276 1217 1345 lucidi
1241 1274 1397 1342 trunsitus
1427 1279 1492 1338 aut

423 1379 581 1467 impulsus
595 1379 706 1467 quales
720 1379 944 1469 descripsimus
960 1381 1115 1466 tramites)
1132 1381 1168 1446 in
1182 1379 1292 1447 eodem
1308 1377 1491 1444 existentes

425 1480 560 1548 similari
580 1483 686 1548 medio
708 1482 819 1550 directi
844 1494 929 1550 sunt.
973 1484 1047 1550 Hoc
1068 1507 1086 1550 e
1108 1483 1203 1549 dictis
1229 1479 1358 1549 abunde
1381 1485 1490 1567 patet.

425 1583 512 1664 Quin
527 1584 602 1652 inde
613 1585 781 1653 corollarii
795 1587 866 1654 vioe
877 1587 1043 1654 deducitur
1056 1587 1161 1654 radios
1172 1585 1277 1674 quoad
1286 1608 1354 1651 rem
1367 1583 1490 1671 ipsam,

426 1685 1120 1777 Physicequeloquendo,figuraprismatioos
1132 1685 1490 1776 essevelcylindricos.

425 1788 551 1879 Nempe
575 1792 795 1879 corpusculum
824 1792 906 1862 illud
931 1793 1102 1882 quodpiam
1127 1793 1163 1858 in
1190 1791 1289 1858 lucidi
1318 1787 1491 1878 superficie

424 1893 574 1980 positum,
591 1917 611 1959 a
630 1916 693 1981 quo
710 1894 819 1961 radius
840 1896 995 1982 originem
1013 1919 1104 1963 suam
1126 1894 1224 1976 ducit,
1246 1893 1324 1960 dum
1342 1915 1363 1958 a
1379 1891 1490 1980 primo

424 2017 482 2061 suo
497 1996 567 2062 loco
580 2017 640 2062 ceu
653 1997 730 2064 base
740 1996 879 2064 defertur
893 2008 949 2065 aut
962 2003 1031 2066 totu
1044 2004 1103 2066 sut
1116 1995 1281 2085 superficie
1296 1995 1489 2080 contiguum

425 2097 488 2165 sibi
510 2119 624 2186 corpus
643 2105 730 2166 rectu
746 2100 905 2190 propellit,
926 2101 1038 2188 figurae
1059 2123 1126 2168 suec
1144 2098 1208 2186 (vel
1223 2098 1353 2187 impulsi
1368 2097 1489 2165 saltem

424 2200 563 2289 corporis
577 2200 700 2287 figura)
717 2225 892 2290 congruum
908 2203 1064 2290 designat,
1080 2225 1175 2292 super
1188 2201 1249 2267 hio
1262 2200 1316 2267 vel
1334 2200 1392 2266 illu
1406 2199 1488 2268 base

425 2303 644 2387 constitutum,
660 2305 796 2372 solidum
811 2305 953 2394 longum,
974 2307 1068 2387 exile,
1085 2317 1176 2388 teres,
1192 2305 1286 2394 quale
1306 2305 1487 2393 cylindrus,

425 2418 481 2476 aut
495 2406 625 2497 prisma.
670 2409 809 2476 Proinde
823 2409 951 2498 quando
967 2409 1194 2477 Mathematice
1214 2432 1282 2475 rem
1299 2418 1486 2486 mactemus,

425 2511 505 2578 istos
527 2511 633 2580 radios
656 2535 713 2601 pro
735 2513 829 2580 rectis
852 2512 945 2579 lineis
965 2512 1081 2580 habere
1105 2535 1291 2600 possumus;
1314 2521 1384 2578 tum
1407 2512 1489 2600 quia

423 2617 535 2681 reveri
547 2623 624 2680 sunt
642 2614 721 2681 adeo
736 2625 846 2682 tenues
866 2624 899 2681 et
917 2614 1014 2694 reoti;
1037 2625 1107 2680 tum
1127 2614 1203 2702 quia
1219 2613 1406 2703 plerumque
1426 2635 1488 2701 pro

425 2718 610 2807 cylindricis
632 2718 790 2807 ejusmodi
813 2739 871 2784 seu
895 2717 1086 2805 prismaticis
1108 2718 1220 2805 figuris
1243 2718 1383 2803 ipserum
1405 2740 1488 2784 uxos

425 2820 473 2886 ito
500 2819 584 2888 sumi
614 2830 756 2910 possunt,
787 2831 824 2887 ut
854 2817 937 2886 nihil
966 2819 1041 2886 inde
1069 2818 1232 2886 ratiocinio
1257 2818 1488 2888 Mathematico

427 2920 605 3010 derogetur.

491 3125 556 3193 IX„
595 3127 627 3193 2.
664 3128 720 3193 Ab
734 3124 823 3194 omni
838 3127 976 3216 corporis
991 3127 1090 3196 lucidi
1107 3127 1171 3216 (vel
1185 3127 1348 3213 illustrati)
1365 3137 1485 3217 puncto

427 3229 470 3297 ad
490 3229 627 3318 quodvis
645 3229 743 3298 medii
766 3233 842 3317 (nou
865 3230 1038 3298 obstaculis
1059 3231 1211 3316 intercisi)
1234 3239 1389 3320 punctum
1403 3230 1485 3299 lucis

427 3331 544 3421 aliquis
557 3331 667 3398 radius
681 3331 838 3419 dirigitur.
881 3331 963 3400 Haec
977 3333 1063 3421 apud
1078 3332 1210 3423 Optioos
1229 3333 1396 3400 tritissima
1409 3355 1487 3422 sup

426 3434 542 3524 positio
556 3457 620 3524 quo
634 3435 687 3502 vel
698 3433 838 3523 intelligi
852 3435 905 3502 vel
916 3435 1043 3502 admitti
1056 3437 1168 3524 possit,
1184 3435 1314 3504 omnino
1324 3435 1486 3525 duplicem

426 3539 651 3608 limitationem
673 3539 802 3628 exigere
825 3539 961 3621 videtur,
982 3563 1000 3606 e
1018 3561 1114 3629 supra
1133 3539 1228 3608 dictis
1247 3551 1413 3628 utramque
1430 3539 1487 3607 de-

427 3643 613 3712 ducibilem.
656 3643 777 3725 Unam,
801 3655 838 3710 ut
863 3643 966 3712 omnis
994 3644 1105 3733 puncti
1128 3644 1256 3712 nomine
1280 3643 1398 3711 nedum
1420 3665 1487 3712 nou

426 3746 557 3834 precise
579 3755 734 3834 punctum
756 3745 967 3834 quodcunque
988 3745 1263 3829 Mathematicum‚
1286 3769 1324 3812 ao
1340 3767 1399 3812 neo
1418 3767 1487 3812 om·

426 3873 500 3916 nem
519 3849 707 3939 particulam
729 3848 946 3936 concipiamus
968 3849 1085 3916 realem
1105 3860 1137 3917 et
1158 3848 1351 3939 Physioam3
1374 3872 1485 3916 verum

426 3953 540 4021 saltem
566 3953 739 4020 admodum
764 3952 926 4039 exiguam,
949 3951 1099 4040 qualique
1124 3953 1223 4020 senne
1251 3953 1405 4020 minorem
1434 3951 1486 4020 vel

426 4057 533 4125 animo
546 4055 713 4145 designare
726 4079 939 4145 nequeamus;
963 4056 1094 4124 alteram
1112 4068 1149 4124 ut
1168 4080 1232 4124 nou
1247 4058 1281 4125 in
1295 4079 1486 4146 unoquoque

426 4161 534 4228 stricte
549 4161 635 4228 dioto
653 4159 805 4250 temporis
826 4159 969 4242 instanti,
993 4184 1051 4228 noc
1072 4160 1214 4229 inomni
1234 4161 1314 4229 reali
1334 4161 1485 4250 temporis

426 4262 629 4349 portiuncult
644 4263 821 4350 cogitemus
839 4261 901 4329 hoc
922 4263 1114 4350 contingere,
1131 4264 1188 4331 sed
1209 4275 1246 4331 ut
1265 4261 1391 4332 nullum
1407 4273 1485 4330 tem·

426 4363 512 4452 poris
539 4363 745 4433 intervallum
768 4368 879 4434 sentiri
901 4367 1003 4457 possit
1028 4368 1074 4434 ita
1100 4378 1235 4451 curtum,
1261 4377 1318 4436 aut
1343 4391 1485 4436 momen-

425 4477 566 4550 taneum,
580 4468 660 4557 quin
678 4469 762 4537 intra
779 4470 885 4560 ipsum
900 4493 920 4538 a
934 4469 1049 4558 quivis
1069 4471 1169 4539 lucidi
1187 4469 1380 4560 designubssi
1397 4479 1484 4559 parte
