3167 5192
114 445 201 492 secr.
218 427 283 513 ut]
432 445 619 494 nscrronss
642 445 916 495 utrnautrrcsr.
1222 433 1265 497 47

113 639 187 695 sees,
206 627 243 681 ut
262 617 471 684 Arithmetice
491 617 680 684 Geometriae
700 617 817 682 nedum
838 623 953 682 natura
976 616 1088 681 similis
1111 628 1143 682 et
1163 617 1265 683 affinis

114 717 172 800 (vel
194 739 279 785 soror
300 719 379 806 ejus,
400 721 496 807 juxta
514 719 722 814 vetustissimi
744 719 833 783 illins
855 717 1044 806 Philosophi
1066 716 1263 806 Pythagorei

113 819 258 910 Archytas
270 821 435 889 Tarentini
450 825 588 902 effatum,
601 825 713 889 Ταῦτα
726 821 773 888 τὰ
783 821 961 906 μαθήμτα
975 821 1120 888 δοκοῦντι
1134 821 1266 905 ἔμμεναι

112 922 268 1013 ‹idel-ped)
292 927 348 993 sed
367 927 509 993 intimius
531 927 707 1014 conjuncta,
728 927 794 992 imo
814 926 909 1014 plane
930 926 1050 1006 eadem,
1067 949 1193 1015 prorsus
1215 927 1264 991 in-

112 1028 253 1096 distincta
268 1031 432 1098 habeatur.
477 1031 606 1098 Etenim
621 1031 724 1096 evicto
738 1053 905 1096 numerum
924 1029 1027 1114 (illum
1044 1030 1155 1096 saltem
1170 1055 1264 1118 quem

111 1129 348 1200 Mathematicus
362 1133 601 1221 contemplatur)
625 1155 644 1197 a
663 1132 849 1220 quantitate,
865 1155 961 1219 quam
975 1145 1099 1207 vocant,
1115 1135 1265 1200 continua

111 1233 153 1298 nil
176 1237 345 1324 quicquam
369 1243 477 1304 revera
500 1237 633 1317 differre,
657 1236 714 1302 sed
734 1237 764 1302 ei
779 1247 903 1301 tanturn
925 1236 1138 1324 exprimenda
1161 1238 1264 1304 decla-

110 1339 272 1426 randaeque
294 1340 463 1406 confictum
483 1363 560 1420 esse,
576 1361 635 1405 nec
656 1338 897 1404 Arithmeticam
918 1338 1050 1426 proinde
1070 1363 1107 1404 ac
1127 1338 1264 1407 Geome-

111 1441 197 1507 triam
217 1445 299 1509 circa
322 1444 478 1510 diversam
500 1443 664 1510 materiam
686 1443 814 1522 versari,
836 1441 891 1508 sed
911 1465 1092 1508 communes
1111 1443 1167 1508 uni
1189 1445 1265 1510 sub—

106 1545 184 1631 jecto
194 1548 401 1636 proprietates
415 1561 579 1634 utramque
595 1547 664 1635 pari
678 1546 770 1633 quasi
785 1568 881 1633 passu
896 1544 1117 1627 demonstrare,
1129 1546 1266 1634 plurima

111 1648 235 1736 liquebit
254 1650 332 1718 inde
356 1653 559 1738 maximaque
580 1649 614 1716 in
634 1675 700 1716 rem
722 1649 903 1715 Matheseos
922 1647 1081 1736 publicam
1101 1650 1266 1715 commoda

112 1749 250 1818 derivari.

171 1854 198 1920 Ι.
236 1856 287 1922 Εο
303 1856 421 1945 quippe
434 1857 572 1944 primum
586 1857 790 1945 perspicietur
803 1855 927 1921 nullum
938 1854 1127 1922 Geometriae
1139 1856 1190 1922 vel
1206 1881 1264 1922 ax·

111 1958 188 2024 ioma
208 1961 367 2048 generale,
388 1960 440 2027 vel
460 1960 626 2050 specialem
646 1960 876 2027 conclusionem
898 1963 980 2047 (quae
1000 1960 1119 2027 scilicet
1139 1963 1264 2049 magni·

111 2061 227 2130 tudines
242 2063 413 2151 respiciant
427 2085 491 2129 non
508 2062 651 2129 absolute
666 2071 808 2150 sumptas
828 2072 862 2128 at
875 2062 1006 2128 collatas
1021 2063 1103 2130 inter
1120 2087 1153 2130 se
1168 2065 1266 2151 juxta

112 2177 203 2232 certas
214 2167 407 2254 aequalitatis
418 2167 470 2233 vel
481 2167 703 2255 inaequalitatis
714 2167 938 2255 proportiones,
952 2167 1012 2233 hoe
1022 2180 1079 2248 est,
1089 2177 1126 2232 ut
1137 2190 1265 2234 mensu·
1377 2213 1382 2220 «

112 2268 151 2334 ris
164 2268 386 2357 designabiles‚
402 2278 434 2334 et
448 2269 671 2357 comparabiles
689 2268 771 2334 inter
786 2269 843 2352 se‚)
859 2292 924 2334 non
935 2269 1031 2334 etiam
1046 2269 1264 2338 Arithmeticae

112 2370 200 2436 simili
214 2373 340 2438 ratione
355 2371 538 2437 convenire:
563 2369 607 2436 Et
625 2370 766 2436 vicissim
784 2371 866 2435 nihil
887 2365 932 2438 de'
945 2373 1085 2437 numeris
1107 2373 1263 2450 affirmari,

113 2472 247 2540 discursu
261 2472 384 2558 colligi,
397 2472 450 2538 vel
466 2472 671 2539 demonstrari
686 2495 787 2560 posse,
804 2472 888 2558 quod
907 2472 1181 2558 magnitudinibus
1200 2499 1264 2540 non

112 2579 218 2662 pariter
231 2575 488 2644 accommodetur
502 2588 533 2641 et
548 2587 699 2661 oongmat
714 2574 799 2639 unde
819 2597 891 2639 cum
913 2574 1064 2640 affulsura
1086 2577 1127 2640 sit
1148 2579 1267 2644 eximia

113 2678 164 2746 lux
178 2683 304 2770 utrique
321 2681 468 2760 scientiae,
484 2691 552 2745 tum
567 2681 679 2765 ingens
698 2679 878 2768 provenerit
893 2677 1124 2766 compendium,
1140 2680 1267 2748 sublata

113 2806 218 2874 nempe
234 2790 335 2852 causa
356 2785 549 2850 theoremata
570 2793 680 2870 suapte
701 2789 815 2847 natura
836 2805 963 2870 prorsus
984 2782 1094 2848 eadem
1117 2805 1266 2872 superva-

114 2909 199 2954 canee
212 2886 388 2978 repetendi,
404 2886 537 2974 plusque
557 2891 622 2950 unt
638 2885 707 2950 vice
728 2885 962 2949 demonstrandi
974 2911 982 2965 ;
1005 2907 1063 2950 nec
1077 2909 1141 2951 non
1156 2887 1264 2954 eadem

114 2990 300 3076 problemata
318 2989 432 3076 saepius
447 3009 484 3053 ac
498 2985 709 3053 diversimode
724 2985 885 3067 solvendi3
909 3009 1005 3074 quam
1024 2987 1066 3054 ad
1082 3012 1148 3054 rem
1170 2990 1264 3056 innu-

114 3117 199 3162 merae
223 3095 358 3185 produci
384 3103 511 3182 possent
534 3091 701 3170 instantio,
722 3101 754 3154 et
776 3101 843 3156 tota
864 3092 1100 3178 proportionum
1124 3094 1265 3162 doctrina

115 3195 264 3266 luculento
280 3199 324 3264 sit
339 3194 485 3283 exemplo
501 3193 596 3259 simul
611 3204 642 3259 et
657 3203 852 3278 argumento.

173 3302 218 3369 Π.
250 3301 444 3382 Quinetiam,
456 3298 515 3364 htc
527 3297 665 3362 admissa
675 3319 876 3362 numerorum
887 3307 919 3363 et
928 3298 1182 3384 magnitudinum
1193 3324 1265 3368 ooa-

116 3401 224 3486 lidone,
240 3403 384 3492 locuples
398 3401 522 3487 utrique
537 3399 711 3487 disciplinas
726 3392 899 3464 succrescet
916 3401 1061 3476 accessio,
1077 3401 1199 3469 lautum
1213 3429 1265 3470 ae·

116 3509 197 3576 cadet
217 3511 456 3576 incrementum.
502 3503 632 3568 Etenim
655 3501 820 3591 permulta,
845 3501 1036 3569 Geometriae
1058 3505 1211 3572 beneficio
1234 3520 1266 3574 et

118 3612 258 3692 subsidio,
290 3611 374 3676 circa
395 3629 542 3673 numeros
564 3605 759 3671 theoremata
782 3605 917 3692 reperire
938 3605 1125 3672 facillimum
1147 3609 1207 3674 erit
1229 3633 1266 3678 ac

118 3714 331 3795 demonstrare,
358 3713 497 3799 alioquin
526 3711 609 3776 intra
637 3708 784 3794 vulgares
814 3708 1031 3776 Arithmeticae
1060 3711 1177 3779 limites
1207 3714 1265 3780 sis-

119 3819 204 3885 tendo
224 3820 282 3884 vix
305 3829 361 3884 aut
381 3841 422 3882 ne
443 3816 500 3882 vix
522 3813 788 3903 pervestigabilia‚
812 3812 864 3877 vel
886 3813 1158 3896 demonstrabilia3
1196 3843 1266 3905 per-

120 3922 209 3988 multa
232 3945 359 4010 quoque
383 3921 510 3987 bravius
535 3929 567 3984 et
591 3917 705 3982 clarius
729 3917 804 3981 hinc
827 3916 963 3982 inveniri
989 3929 1136 4004 poterunt
1158 3933 1189 3986 et
1211 3923 1266 3988 de·

120 4027 285 4092 monstrari.
331 4023 382 4090 Ae
407 4023 561 4110 reciproce
584 4043 786 4086 numerorum
810 4029 981 4107 perspectae
1007 4021 1143 4088 rationes
1165 4025 1266 4092 multa

454 4157 463 4190 ¹
481 4157 561 4220 Apud
571 4155 744 4206 Nicomachum
754 4168 772 4204 1.
785 4155 869 4205 arith

171 4365 262 4422 Hence
274 4368 299 4424 1.
327 4367 375 4423 All
388 4368 504 4422 Axioms
515 4367 571 4424 aud
583 4365 770 4436 Propositions
781 4365 939 4435 respecting
951 4364 1124 4436 Proportion‚
1136 4382 1184 4423 are
1195 4384 1268 4424 com·

126 4463 181 4505 non
191 4455 220 4507 to
230 4453 378 4524 Geometry
388 4453 444 4509 and
457 4453 631 4510 Arithmetic.

173 4538 209 4593 Il.
241 4539 315 4595 Both
328 4541 475 4609 Geometry
487 4539 542 4595 and
556 4537 723 4594 Arithmetic
734 4535 789 4592 will
800 4537 912 4608 acquire
923 4552 984 4592 new
997 4536 1190 4606 Propositions
