3167 5192
339 380 405 448 280
687 394 874 446 arenosus
896 392 1168 445 urrnnurrron.
1280 378 1379 465 [naor.
1394 396 1466 449 ren.

336 565 410 633 AN
422 572 593 635 retrorsum
615 574 745 654 accepta
764 564 1004 653 repraesentabit
1022 566 1097 633 -Z.
1141 564 1191 633 Ut
1211 573 1289 655 puta
1306 574 1421 634 nantem
1435 570 1467 636 ab
1525 576 1526 661 j

336 670 370 735 A
390 692 501 736 versus
518 668 685 751 anteriora,
701 669 758 735 sed
776 668 908 736 adverso
928 668 1059 737 flumine
1077 669 1278 737 brachiorum
1295 672 1467 739 contentione
1525 672 1526 675 ’

335 788 574 861 progressurum
589 772 631 838 ad
651 772 698 853 M,
713 770 771 839 sed
791 771 934 838 fluminis
955 772 1078 861 impetu
1100 773 1197 863 duplo
1219 774 1385 842 valentiore
1403 784 1467 842 retro

335 875 504 964 deportari.
529 874 636 962 Igitur
649 876 738 942 abeo
749 874 926 941 confectum
941 876 1002 942 iter
1016 876 1077 943 erit
1091 878 1199 943 ΑΜ·-
1209 878 1305 944 rAM
1312 878 1467 957 vel-All,

335 978 378 1044 ab
399 979 433 1043 A
454 1000 565 1044 versus
585 986 692 1065 partes
713 999 734 1042 a
754 985 844 1063 tergo
865 976 986 1064 positas
1008 978 1231 1066 computanda,
1254 988 1287 1045 et
1310 978 1467 1067 pertingens

399 1183 448 1251 At
462 1182 619 1249 sufficiant
631 1181 702 1250 boec
714 1182 917 1271 aliquatenus
936 1182 1125 1250 illustrando
1140 1182 1323 1267 discrimini,
1338 1183 1414 1272 quod
1429 1184 1466 1249 in·

334 1295 383 1353 ter
404 1285 544 1353 rationes
564 1285 812 1353 Aritbmeticam
833 1296 866 1353 et
888 1286 1122 1353 Geometrioam
1143 1287 1318 1367 intercedit,
1338 1310 1390 1375 per
1408 1286 1468 1353 sub·

334 1387 516 1455 ductionem
538 1397 572 1455 et
594 1387 794 1456 divisionem.
839 1388 890 1456 De
911 1388 1022 1457 eadem
1043 1389 1151 1457 forsan
1171 1413 1206 1457 re
1226 1390 1356 1477 posthac
1374 1411 1466 1477 oppor-

334 1491 443 1559 tunius
457 1500 489 1557 et
505 1491 682 1559 aoenauus
699 1490 899 1573 disseremus,
914 1514 1014 1580 quum
1029 1492 1244 1559 examinanda
1257 1492 1361 1560 reniet
1376 1514 1465 1559 eorum

333 1596 501 1679 sententia,
526 1597 584 1685 qui
607 1596 768 1663 rationum
792 1594 969 1661 doctrinam
994 1594 1136 1662 numeris
1159 1595 1275 1663 volunt
1299 1594 1420 1683 alligari,
1441 1602 1465 1659 et

333 1723 406 1789 quae
430 1701 485 1768 isti
510 1701 669 1767 cohaerent
693 1698 917 1787 disquisitioni.
962 1697 1058 1765 Nunc
1082 1720 1184 1765 unum
1213 1698 1400 1767 solummodo
1424 1696 1465 1761 vel

333 1804 468 1871 alterum
492 1802 606 1870 harum
633 1800 822 1869 relationum
851 1799 1020 1867 discnmen
1048 1800 1253 1889 attingemus,
1279 1822 1320 1868 ex
1346 1801 1463 1889 ipsorum

332 1910 448 1973 natura
461 1904 608 1993 petitum.

397 2004 487 2071 Illud
510 2004 668 2095 imprimis
693 2005 878 2073 advertatur
901 2005 1057 2074 rationem
1082 2006 1328 2075 Arithmeticam
1351 2003 1461 2073 eandem

327 2109 426 2177 nnius
447 2117 573 2177 tantum
594 2108 719 2197 generis
739 2110 884 2176 terminis
905 2109 1059 2191 exhiberi,
1079 2110 1235 2177 rationem
1256 2132 1328 2179 vero
1347 2108 1461 2177 Geome-
1525 2156 1526 2199 ,

330 2212 443 2279 tticum
463 2212 607 2301 cujusvis
629 2212 755 2301 generis
772 2212 903 2301 quantis
925 2214 1008 2281 bene
1028 2215 1248 2302 representari
1267 2214 1319 2281 rel
1337 2210 1459 2300 exprimi.

330 2314 437 2383 Causa
457 2325 515 2392 cst,
537 2316 615 2405 quia
634 2315 716 2383 ratio
738 2315 953 2383 Arithmetiea
973 2315 1201 2385 determinatur
1226 2341 1283 2406 per
1306 2314 1457 2384 absolutum

329 2418 484 2509 quiddam
507 2419 592 2487 intre
616 2429 737 2487 certum
762 2440 866 2507 genus
895 2419 1112 2495 coustitutum,
1139 2420 1343 2489 differentiam
1362 2436 1457 2503 nempe
1525 2406 1526 2437 ¹

329 2530 520 2614 quantorum
538 2524 672 2592 duorum
690 2523 968 2609 homogeneorum‚
983 2543 1054 2610 qua
1073 2522 1220 2591 terminis
1239 2524 1316 2614 ipsis
1332 2523 1372 2589 ita
1387 2540 1456 2587 oom-

328 2628 448 2715 paratis
470 2649 595 2717 semper
615 2625 813 2713 homogenoa
833 2624 963 2691 existite
986 2624 1043 2692 sed
1063 2625 1145 2693 ratio
1162 2625 1358 2695 Geomeur'a
1374 2624 1457 2691 deter-

327 2734 469 2800 minatur
485 2756 526 2799 ex
544 2730 649 2812 modo,
665 2751 729 2818 quo
749 2750 800 2795 res
819 2750 885 2795 una
903 2729 1043 2796 eontinet
1062 2730 1169 2813 aliam,
1185 2732 1242 2799 vel
1259 2724 1455 2800 contineturiu

327 2836 402 2917 alit,
431 2835 489 2924 qui
516 2834 631 2900 modus
662 2833 869 2900 terminorum
901 2832 1180 2921 heterogeneorum
1208 2830 1456 2925 conjugationibus
1525 2838 1526 2909 1

326 2938 424 3006 variis
439 2960 528 3025 mque
545 2946 649 3025 potest
669 2946 863 3025 competere3
886 2937 971 3004 unde
991 2938 1030 3005 fit
1051 2948 1087 3005 ut
1108 2938 1262 3027 quaelibet
1282 2940 1340 3006 duo
1359 2940 1454 3025 quante
1525 2960 1526 2988 r

266 3062 269 3065 ’
326 3039 392 3106 sint
412 3050 489 3129 apta
508 3050 586 3105 nata
606 3040 792 3126 quorumvis
815 3040 949 3108 aliorum
971 3039 1104 3108 duorum
1126 3052 1315 3129 quantorum
1335 3036 1454 3107 similiter

325 3144 508 3211 affectorum
521 3142 689 3209 relationes
702 3144 890 3230 exprimere,
905 3143 960 3212 vel
972 3144 1074 3210 menti
1089 3144 1292 3214 aestimandas
1306 3142 1444 3231 subjicere

390 3246 432 3314 Ε.
442 3268 475 3334 g.
501 3247 582 3313 ratio
610 3245 825 3313 Arithmetica
846 3246 980 3313 duarum
1001 3246 1156 3313 linearum
1177 3247 1375 3338 inequalium
1392 3238 1454 3309 solis

324 3349 450 3418 duabus
471 3348 566 3415 lineis
591 3349 668 3433 (nou
689 3347 814 3415 dnobus
834 3348 1040 3436 ponderibus,
1058 3349 1264 3437 temporibus,
1284 3338 1450 3437 corporibus)

323 3454 470 3523 exhiberi
484 3462 598 3542 potest,
614 3453 690 3541 quia
703 3452 794 3519 nulla
807 3452 894 3519 linea
913 3452 1052 3540 pondere
1066 3454 1181 3542 quovis
1195 3465 1252 3523 aut
1266 3466 1399 3543 tempore,
1411 3442 1452 3511 vtl

323 3579 451 3647 corpore
479 3556 598 3623 lineam
619 3556 752 3623 alteram
773 3554 908 3636 excedit,
932 3564 966 3621 at
986 3554 1095 3646 aliqut
1116 3556 1202 3625 linet
1222 3557 1451 3636 assumetque

322 3662 495 3729 secundum
509 3659 689 3727 absolutam
706 3678 796 3724 suam
815 3657 1025 3745 quantitatem
1043 3658 1193 3742 definitd3
1215 3660 1273 3727 sed
1291 3658 1365 3725 ratio
1381 3650 1450 3719 uso

321 3764 453 3833 metrica
466 3762 601 3829 duarum
615 3760 785 3829 earundem
804 3760 960 3827 linearum
979 3762 1117 3849 exprimi
1135 3772 1240 3852 potest
1256 3762 1371 3831 duobus
1386 3772 1450 3843 pou·
1525 3788 1526 3837 3

321 3866 459 3947 duribus,
487 3864 612 3931 duobus
640 3863 845 3952 temporibus,
868 3873 924 3930 aut
945 3862 1018 3930 aliis
1040 3866 1182 3953 cujusvis
1207 3866 1328 3953 generis
1347 3856 1449 3927 duobus
1525 3874 1526 3957 j

320 3967 469 4055 quantis:
491 3976 529 4033 ut
548 3988 664 4053 nempe
684 3987 757 4053 quse
777 3964 892 4053 pedem
913 3964 996 4032 inter
1017 3976 1050 4033 et
1066 3967 1192 4035 unciam
1214 3957 1448 4057 longitudinum

280 4068 290 4091 ⁶
320 4078 472 4149 versatur,
488 4068 568 4135 ratio
587 4076 828 4155 representatur
848 4066 931 4133 libra
951 4078 984 4136 et
1005 4070 1100 4137 uncia
1121 4071 1320 4159 ponderibus,
1334 4082 1406 4134 auno
1422 4065 1447 4122 et
1525 4096 1526 4109 κ

320 4192 428 4239 mense
454 4169 659 4258 temporibus,
681 4178 737 4237 ant
758 4169 830 4236 aliis
851 4170 1020 4259 quibusvis
1041 4172 1199 4241 similibus
1220 4170 1446 4251 terminisque

319 4490 355 4547 tn·
372 4403 566 4558 &demetiam
584 4404 656 4462 ratio
668 4405 693 4462 is
704 4406 847 4466 exhibitori
863 4408 925 4479 only
941 4409 978 4479 by
992 4424 1046 4466 one
1064 4408 1132 4465 kind
1148 4410 1180 4467 of
1195 4409 1332 4482 quantita
1350 4402 1443 4457 Graue

356 4506 389 4546 oa
437 4504 552 4559 ymany.
