3167 5192
127 403 223 456 amn.
240 387 309 475 na]
434 407 632 462 namucum
652 409 893 463 cucurreram
1120 389 1186 458 185

125 597 256 668 rumpas
264 572 449 670 pertimerem
465 580 652 672 Sapcffimm
668 586 748 671 (nco,
772 583 857 652 datis
876 593 909 652 ct
929 581 1131 672 praecognitis
1144 577 1186 647 iis

125 703 198 770 quse
211 684 422 771 requinmtur,
432 685 511 752 alias
525 687 684 773 quaslibet
699 688 759 754 boc
773 687 868 754 modo
878 689 982 773 natas)
992 685 1185 772 investigare

124 785 209 852 licat.
251 787 299 853 At
313 788 394 853 mihi
408 790 604 878 propositum
619 799 667 857 est
682 791 930 877 generalioribus
945 800 1068 858 tantum
1083 789 1184 854 inha-

122 910 201 954 rere.
249 887 346 957 Hauc
370 901 477 958 summ
502 892 761 979 magnitudinum
787 894 920 980 genesin
947 891 1123 974 aemulatur,
1150 901 1184 958 et

122 991 276 1058 affinitate
297 993 436 1080 quadam
454 994 612 1082 contingit
625 996 685 1062 iste
699 996 821 1076 modus,
842 1017 941 1082 quum
961 995 1044 1061 eirea
1064 1003 1181 1060 rectam

122 1091 250 1175 bucam,
267 1096 338 1180 (ant
347 1096 477 1183 quidem
491 1097 575 1164 circa
588 1098 735 1184 quamvis
749 1098 857 1183 aliam)
873 1097 994 1164 similes
1008 1099 1181 1163 innumera
1247 1119 1268 1126 '¹
1311 1072 1312 1075 Ἴ

123 1195 227 1278 lin'cae,
247 1197 432 1286 vel-figurae
454 1200 606 1289 parallelo
624 1202 721 1289 juxta
746 1225 782 1268 se
805 1201 869 1268 situ
890 1201 1051 1289 dispositae
1074 1200 1182 1267 taliter

124 1301 369 1383 constituuntur,
390 1310 428 1368 nt
449 1303 585 1390 singulae
606 1314 749 1371 centrum
772 1327 866 1372 suum
888 1306 1025 1372 habeant
1040 1305 1075 1370 in
1095 1303 1180 1370 dicen

122 1400 216 1483 linet,
240 1427 313 1491 quaa
335 1405 468 1494 proinde
492 1417 646 1494 tauquam
669 1409 741 1474 axis
760 1408 915 1475 rationem
937 1408 1033 1489 subit,
1049 1429 1087 1474 ac
1105 1405 1181 1474 talis

122 1505 353 1575 denominatur.
398 1507 574 1591 Quomodo,
590 1531 651 1577 ec.
671 1510 706 1576 in
729 1512 892 1598 Qiabdris
907 1511 1059 1598 obliquis,
1083 1509 1180 1599 inque

128 1606 222 1672 Canas
245 1607 386 1676 Βοαὼηὼ
404 1609 515 1677 circuli
526 1611 614 1678 circa
637 1611 755 1679 lineam
781 1613 942 1701 quandam
965 1623 1082 1679 rectam
1105 1636 1181 1680 con·

121 1707 256 1790 sistunt;
283 1733 355 1797 quaa
377 1722 543 1800 propterea
564 1713 680 1780 dicitur
697 1715 838 1803 ipsorum
862 1716 945 1796 amab,
968 1716 1119 1802 quoniam
1144 1716 1180 1781 in

121 1816 160 1876 ct
170 1811 357 1880 circulorum
368 1815 590 1902 parallelorum
604 1830 709 1884 centra
722 1818 874 1884 existunt.
905 1816 971 1886 Sed
987 1839 1059 1884 cum
1073 1827 1179 1886 mobrs

120 1915 168 1981 its
188 1915 337 1984 distortos
358 1929 472 1986 nabars
490 1943 556 1989 non
571 1921 675 2008 capiat
700 1921 826 2008 (saltem
837 1923 933 2010 juxta
953 1921 1084 1989 modum
1104 1944 1180 2012 ope·

120 2019 212 2085 randi
227 2019 403 2109 simplicem
418 2041 512 2110 quem
534 2047 619 2091 nunc
641 2025 863 2114 supponimus)
889 2036 922 2092 et
945 2026 1021 2113 quia
1045 2035 1180 2114 possunt

121 2121 304 2210 hujusmodi
323 2127 560 2213 magnitudines
579 2139 618 2195 ut
630 2129 734 2194 modis
748 2129 820 2194 aliis
834 2129 950 2216 genitae
964 2128 1089 2195 facilius
1104 2151 1180 2196 con-

120 2225 193 2314 cipi,
218 2228 259 2294 de
287 2228 328 2294 iis
354 2231 593 2298 abstinebimus.
637 2230 752 2318 Neque
771 2252 836 2297 non
858 2232 899 2297 dc
920 2231 1177 2318 magnitudinum

119 2353 177 2419 per
190 2341 295 2401 motus
310 2333 470 2421 simplices
485 2334 649 2401 effectione
663 2334 798 2401 sufficiet
811 2332 965 2400 hactenus
980 2333 1176 2402 disseruisse.

543 2928 674 2997 LEOT.
697 2927 763 3000 III.

187 3165 385 3236 UOMODO
399 3191 456 3257 per
474 3182 574 3236 amma
587 3168 743 3260 simplices
754 3168 994 3258 proprmsicam,
1011 3179 1040 3236 et
1053 3192 1176 3237 conaer-

214 3273 317 3338 siaam
345 3271 461 3358 affecte
489 3273 706 3362 mmpiaamr
738 3273 979 3360 magnitudines,
1010 3285 1040 3340 et
1064 3273 1176 3360 qualia

116 3375 325 3462 generationes
347 3376 427 3440 istas
452 3387 680 3462 consequantur
701 3385 908 3462 symptomata
932 3373 1098 3458 (nonnulla
1112 3374 1176 3440 sal·

119 3488 183 3544 tem
197 3477 368 3566 praecipua)
392 3479 513 3545 mnndi
528 3503 635 3544 samaa
654 3501 804 3565 exponere
819 3477 863 3542 ad
883 3477 1061 3566 compositos
1081 3502 1174 3559 nanc,

119 3593 149 3647 et
158 3593 377 3660 concurrentes,
388 3581 486 3646 eidem
493 3581 655 3668 prmrosito
665 3579 837 3658 smaieates,
850 3591 948 3645 motas
962 3579 1175 3666 aembpimar5

119 3705 253 3772 quornm
268 3683 303 3749 iu
318 3683 439 3750 effectis
459 3683 673 3749 discernendis
693 3681 887 3763 velocitates,
903 3681 1076 3748 secuudum
1096 3705 1175 3771 quas

118 3787 279 3874 simplices
301 3795 497 3876 peraguntur
514 3796 631 3867 motus,
646 3785 785 3867 omnino,
802 3783 855 3852 vel
877 3806 950 3851 cum
971 3783 1083 3872 primis
1100 3807 1175 3852 con·

118 3889 295 3957 siderandae
320 3899 411 3971 sunt3
434 3912 569 3978 quarum
597 3889 632 3954 iu
657 3889 858 3975 generatione
882 3911 939 3978 per
965 3897 1071 3954 motus
1098 3889 1175 3954 sim·

117 3992 217 4083 plices
246 3993 335 4060 nulla
363 4016 491 4082 prorsus
520 3991 655 4058 habetur
682 3991 773 4059 ratio.
819 3991 881 4058 Per
899 3986 1051 4058 'cundem
1088 3991 1174 4058 euim
1242 4023 1247 4038 ·

117 4108 239 4165 motum
260 4095 447 4185 simplicem,
470 4119 526 4162 seu
544 4095 684 4162 velocior
708 4094 736 4161 is
756 4095 809 4176 sit,
832 4117 889 4161 seu
911 4095 1038 4174 tardior,
1062 4094 1173 4162 eadem

116 4200 314 4288 magnitudo,
340 4201 488 4288 quamvis
508 4221 572 4266 non
594 4197 705 4266 eodem
730 4199 881 4288 temporis
901 4193 1078 4280 intervella,
1100 4223 1173 4288 pro·

116 4303 256 4384 ducitur;
294 4302 379 4370 idem
408 4323 523 4391 nempe
552 4301 688 4369 ciconias
715 4324 757 4368 ex
791 4300 934 4389 ejusdem
967 4311 1061 4367 recta
1090 4301 1173 4368 circa

114 4415 269 4495 punctum
292 4405 327 4471 in
352 4408 391 4472 ed
411 4405 524 4487 fixam
546 4401 653 4470 eaden
672 4403 797 4492 spirare
818 4425 860 4470 ex
882 4401 1069 4470 semicirculi
1090 4401 1173 4471 circa

6 4498 10 4506 ⁴
115 4511 305 4575 diametrum
332 4517 455 4592 rotata3
483 4507 630 4596 quamuis
658 4517 695 4574 ut
723 4507 793 4574 baec
818 4507 897 4574 fiant
925 4529 963 4576 eo
985 4507 1090 4595 magis
1116 4518 1171 4575 sut

182 4632 211 4678 n.
225 4630 262 4679 n.
300 4629 339 4678 11.
1041 4612 1084 4676 24
