3167 5192
615 1300 744 1369 Lucu.
771 1302 800 1368 1.

180 1572 381 1729 NOVUM
406 1572 475 1660 jam
505 1570 665 1658 ingredior
688 1569 815 1637 dicendi
845 1594 1002 1661 campum,
1034 1573 1234 1641 emaeniorcm

269 1700 345 1744 senc
363 1676 470 1743 nescio
484 1675 538 1742 vel
551 1674 743 1757 feraciorem,
759 1675 921 1742 uberrimt
942 1677 1094 1744 verietate
1114 1679 1236 1744 confer·

178 1791 259 1863 tum,
274 1803 374 1868 eoque
395 1778 632 1859 delectabilem
654 1789 687 1845 ct
701 1780 777 1866 quia
790 1781 909 1868 primas
925 1779 1021 1848 ferme
1036 1782 1235 1850 Mathemati-

178 1909 287 1952 carum
301 1879 512 1973 hypothesim
533 1883 670 1970 empirios
683 1882 818 1950 recludit
836 1885 998 1973 (equibus
1020 1909 1133 1975 nempe
1147 1911 1236 1975 osop-

178 1990 359 2057 m'tuds'num
387 2012 458 2056 cum
482 1988 675 2076 definitiones
704 1987 916 2075 ffornmntur,
941 2002 1005 2057 tum
1026 1992 1236 2079 prquictutcs

178 2093 347 2183 ernerpsnt)
368 2092 545 2166 necessario
566 2113 718 2180 perquem
737 2092 860 2161 utilem.
905 2093 954 2160 De
978 2095 1259 2181 magnitudinum'

177 2196 323 2283 intelligo
335 2195 557 2282 generatione3
572 2216 629 2261 seu
638 2194 677 2260 de
688 2193 801 2275 modis,
813 2195 931 2281 quibus
945 2205 1021 2262 ortae
1035 2197 1236 2284 productaevc

177 2300 395 2388 concipiuntur
408 2298 505 2365 verite
520 2297 780 2384 magnitudinum
800 2299 931 2384 species.
975 2299 1044 2366 Nec
1065 2300 1132 2366 ullo
1153 2309 1235 2367 certe

177 2402 365 2490 magnitudo
377 2403 480 2481 datur,
490 2423 562 2487 quse
576 2423 641 2466 non
656 2400 832 2466 innumeris
847 2401 949 2467 modis
964 2413 996 2467 ct
1010 2403 1147 2489 intelligi
1163 2426 1234 2489 pro-

177 2507 273 2572 ducts
287 2504 397 2592 possit,
413 2513 445 2569 et
458 2508 568 2570 revers
582 2502 723 2590 produci.
758 2503 897 2569 Possunt
912 2515 1027 2585 sutem,
1043 2506 1099 2592 qui
1121 2505 1234 2571 saltem

177 2609 330 2673 hactenus
343 2606 487 2694 usurpati
502 2615 586 2685 sunt,
599 2604 639 2670 sd
655 2607 814 2692 praecipua
825 2606 971 2694 quosdam
986 2629 1102 2694 genera
1116 2607 1233 2688 referri,

178 2733 312 2796 quorum
334 2731 369 2775 sc
390 2708 471 2772 mihi
489 2708 558 2795 jem
581 2708 733 2794 cogitanti
756 2710 960 2796 suggerentis
982 2721 1056 2776 sunt
1071 2711 1157 2792 haec3
1174 2735 1234 2799 per

176 2826 276 2879 motois
298 2812 431 2893 locum
448 2835 508 2899 per
530 2811 754 2878 intersectum
768 2814 1022 2900 mapnt'tods‘ncm
1028 2839 1045 2895 ,·
1059 2837 1122 2902 per
1135 2837 1234 2901 qutun·

177 2921 263 2983 tituto
269 2919 483 3004 positioneque
494 2915 714 2982 deomioatas
725 2917 764 2981 ab
774 2917 944 3004 assignatio
962 2919 1035 2984 droth
1051 2919 1233 2994 distantiam

172 3043 232 3108 per
245 3019 356 3085 ductus
370 3017 627 3106 mcpm'tudc'num
644 3019 680 3084 io
693 3019 925 3106 magnitudines
936 3047 947 3097 ,·
970 3033 999 3088 et
1011 3045 1073 3110 per
1091 3019 1234 3110 oppls'ca-

176 3123 272 3189 tsimcs
292 3121 547 3209 mcpnitudinum
568 3121 614 3186 ad
632 3122 867 3208 magnitudines
871 3149 887 3205 ,·
903 3147 965 3212 per
986 3126 1233 3212 apprcpcttbnem

174 3224 429 3311 magnitudinum
445 3223 556 3289 ordine
577 3234 656 3287 certo
670 3221 918 3311 despectorum
938 3249 997 3312 per
1011 3227 1234 3313 appom’tsimem

175 3326 430 3413 magnitudinum
451 3325 497 3391 ad
515 3325 610 3404 aliur,
626 3325 676 3391 ccl
688 3327 917 3392 &abductionem
933 3329 971 3394 ab
985 3329 1083 3404 etiaim
1099 3351 1162 3416 per
1183 3351 1233 3394 or-

171 3429 320 3516 pcm'oom
333 3427 456 3493 mum
474 3426 528 3512 (sb
542 3427 656 3491 horum
670 3449 859 3514 quocunque
882 3428 1059 3510 deductam,
1076 3442 1131 3495 sut
1149 3428 1234 3495 ordi-

175 3531 295 3615 natam)
312 3529 505 3616 eptectioraem.
552 3527 688 3608 Horum,
704 3539 735 3594 ct
750 3529 848 3616 siqui
864 3540 938 3596 sunt
954 3527 1097 3610 oliorum,
1119 3533 1233 3598 modus

175 3634 354 3722 primarius,
385 3643 417 3699 et
446 3654 540 3720 quem
569 3630 625 3696 alii
654 3634 760 3698 cuncti
790 3633 1023 3720 quodammodo
1053 3645 1234 3722 supponant

176 3747 308 3826 oportet,
328 3746 439 3824 utpote
461 3735 530 3801 sinc
550 3757 613 3822 quo
636 3734 683 3800 nil
703 3736 859 3822 procreari
881 3746 994 3823 potest,
1013 3747 1063 3804 est
1084 3739 1154 3818 iste,
1178 3740 1237 3824 qui

172 3867 230 3930 per
253 3854 369 3907 monum
391 3838 533 3906 lumlem:
560 3838 600 3903 do
625 3861 688 3926 quo
710 3839 842 3925 proinde
863 3839 966 3928 primo
991 3840 1231 3928 dispiciendum.

175 3945 225 4012 Dc
253 3954 343 4011 motu
372 3942 548 4010 celebratur
576 3941 658 4006 illud
684 3942 864 4010 Aristotele
893 3944 1033 4024 effatum,
1060 3942 1234 4028 ἅνωγκαῖον

177 4048 387 4133 ἀγνοουμένης
412 4046 510 4129 αὐτῆς
538 4045 716 4134 (κινήσεως)
744 4047 931 4131 &poetam
953 4049 1008 4114 καὶ
1033 4048 1091 4131 τὴν
1114 4049 1231 4137 stow:
1413 4129 1425 4147 ·

178 4154 349 4241 “ignorato
367 4163 456 4220 motu
473 4151 648 4217 necessario
667 4161 814 4218 naturam
832 4153 1011 4239 ignorari;”
1030 4154 1065 4219 in
1085 4153 1233 4242 Physicis
1248 4150 1351 4234 3Ptiyo.
1364 4184 1383 4220 1.

175 4258 246 4326 ideo
268 4259 418 4346 paginam
436 4266 602 4343 utrumqne
616 4255 709 4335 facit3
732 4255 971 4337 necimmerito,
987 4279 1059 4322 cum
1074 4257 1108 4323 in
1121 4264 1234 4325 ncturt

178 4361 302 4447 (saltem
317 4369 471 4448 quendum
486 4358 644 4424 humanus
658 4357 838 4425 intellectus
855 4361 981 4448 assequi
993 4359 1089 4442 valet,
1106 4373 1161 4428 sut
1177 4385 1234 4429 ex·

176 4465 329 4551 perientia
344 4465 600 4548 commonstrare)
617 4462 770 4550 quicquid
783 4463 849 4544 fiat,
866 4487 886 4530 s
900 4474 989 4531 motu
1003 4466 1068 4545 fist,
1085 4475 1140 4531 aut
1152 4474 1233 4532 certe
