3167 5192
183 607 186 614 -
324 555 329 560 ’
456 550 585 650 Profice
605 559 647 650 os
658 557 820 627 Borroso's
840 548 967 642 Eucltd,

663 695 759 763 1655.

348 1101 725 1194 ιιιιιιιοιο
773 1101 1085 1186 ιιιοιοιιι.
1136 1206 1138 1209 ,

187 1329 255 1487 SI
275 1331 354 1424 quid
369 1331 404 1402 in
422 1335 483 1403 hec
497 1331 726 1404 elementorum
743 1331 882 1403 editione
900 1335 1078 1424 prestitum
1097 1333 1141 1404 sit
1161 1335 1241 1405 scire

183 1467 185 1475 ‘
258 1443 430 1528 desideras,
466 1444 568 1512 amice
600 1443 725 1527 Lector,
758 1443 876 1533 accipe,
911 1466 969 1533 pro
1003 1444 1097 1533 genio
1126 1445 1241 1534 operis,
1324 1495 1327 1498 -

181 1557 332 1625 breviter.
376 1555 433 1623 Ad
461 1556 541 1624 duos
566 1555 726 1645 praecipue
750 1554 832 1622 lines
857 1565 989 1624 oonstus
1016 1579 1104 1624 meos
1126 1555 1242 1625 direxi

181 1667 327 1735 Primum
355 1677 394 1735 ut
417 1689 490 1735 eum
511 1667 664 1756 requisito
684 1659 910 1756 perspicuitate
930 1662 1090 1736 summam
1111 1667 1243 1736 demon·
1280 1693 1285 1706 ·

182 1778 372 1846 unctionum
386 1777 576 1846 brevitatem
590 1769 825 1866 conjungerem,
836 1799 900 1867 quo
915 1800 984 1845 eum
999 1778 1110 1847 libello
1123 1778 1242 1846 molem

180 1909 407 1985 compererem,
437 1907 510 1974 quae
538 1887 703 1954 commode
728 1886 850 1976 sbsque
877 1887 1024 1955 molestis
1048 1887 1242 1956 cucumferri

180 2007 300 2088 posset.
344 1997 385 2065 Id
420 1998 506 2087 quod
535 1987 698 2067 essecutus
726 1999 846 2083 videor,
879 2000 908 2067 si
937 1998 1101 2068 absentem
1129 1997 1243 2089 Typo·

180 2108 300 2197 graphi
330 2129 406 2175 curs
429 2129 495 2176 nou
523 2109 698 2178 frustretur.
741 2109 938 2178 Ooncinnius
965 2111 1053 2177 euim
1079 2093 1242 2199 quispiam

180 2217 307 2285 meliori
337 2217 563 2306 ingeminant
595 2219 708 2309 majori
741 2220 856 2308 peritis
883 2220 1054 2305 excellens,
1084 2230 1119 2288 ιι
1146 2243 1241 2322 nemo

180 2331 290 2398 forsan
304 2325 434 2398 brevius
448 2329 614 2420 pleresque
627 2331 857 2420 propositiones
871 2333 1144 2416 demonstraverit,
1160 2356 1242 2422 prae·

181 2443 293 2510 sertim
308 2463 382 2513 cum
401 2443 437 2509 in
457 2465 591 2510 numero
610 2451 643 2509 et
661 2443 771 2510 ordine
791 2443 1044 2531 propositionum
1064 2444 1135 2533 ipse
1154 2445 1241 2545 nihil

180 2552 391 2635 immuttrim,
409 2575 469 2620 nec
488 2541 659 2622 licentiam
667 2553 749 2620 mihi
770 2553 996 2651 assumpserim
1019 2538 1241 2642 quameunque

179 2661 431 2750 propositionem
446 2661 632 2730 Euclidem
646 2661 757 2751 procul
776 2661 948 2750 eblegsndi
966 2669 1120 2751 tunquam
1134 2663 1241 2732 minus

180 2772 401 2854 necessu-ism,
422 2782 478 2840 ιιι
497 2771 651 2860 quasdem
665 2772 849 2842 faciliores
838 2792 873 2838 m
893 2771 1091 2840 exiomstnm
1110 2793 1240 2840 censum

181 2883 348 2966 referendi,
373 2883 458 2972 qnod
480 2883 628 2952 nonnulli
646 2883 806 2967 focerunt3
828 2884 911 2952 inter
930 2906 1010 2974 qnos
1028 2884 1240 3012 peritissimus

180 2993 353 3062 Geometrs
383 2993 428 3060 A.
459 2993 643 3101 Tuoquetus
677 2995 712 3063 0
740 3017 836 3106 quem
864 2995 936 3062 ideo
970 2996 1068 3062 etism
1096 2996 1237 3079 nomino,

182 3104 281 3193 (quod
295 3103 442 3192 qusedsm
460 3125 502 3170 ex
519 3125 557 3171 ιο
576 3103 745 3214 desumpta
763 3093 933 3192 agnoscere
946 3103 1115 3173 honestum
1129 3103 1236 3208 duce)

179 3229 253 3306 post
274 3218 366 3306 cujus
391 3217 661 3306 elegantissimam
681 3217 899 3301 editionemst
888 3239 957 3307 lpse
976 3218 1061 3286 nihil
1083 3228 1238 3318 ιιιιιιιιιιι

180 3327 366 3410 voluissem,
393 3329 421 3396 si
442 3351 508 3395 non
529 3329 636 3396 ιίοιιιιι
657 3329 771 3397 fuisset
793 3329 977 3398 doctissim0
998 3330 1068 3398 viro
1089 3353 1154 3397 non
1174 3331 1239 3397 nisi

180 3446 252 3506 octo
271 3435 419 3507 Esoels'ds's
435 3438 534 3507 libros
553 3443 612 3506 sut
631 3444 706 3508 curt
726 3439 894 3508 edometos
913 3440 1043 3528 publico
1061 3443 1239 3508 communi·

180 3569 260 3631 esre,
290 3548 423 3637 reliquis
452 3559 583 3639 septem,
609 3560 767 3638 tenqnsm-
792 3549 835 3618 sd
862 3550 1018 3619 elemento
1046 3552 1239 3620 Geometrise

180 3657 287 3726 minus
302 3653 528 3747 spectantibus,
543 3661 672 3729 omniuo
687 3659 779 3750 qussi
793 3661 908 3750 spretis
926 3670 1021 3749 etque
1034 3661 1238 3750 posthabitis.

180 3764 264 3833 Mihi
289 3776 397 3834 sutem
418 3767 487 3853 jem
509 3764 551 3836 ab
571 3761 665 3837 initio
685 3769 749 3836 ulis
768 3771 934 3859 provincis
954 3769 1145 3840 demandato
1164 3772 1238 3853 suit,

179 3899 243 3944 uon
271 3876 430 3944 elemento
455 3873 647 3948 Geometriae
676 3891 840 3970 utcunque
862 3903 920 3970 pro
945 3881 1076 3950 arbitrio
1101 3881 1238 3949 conseri·

179 3989 285 4072 hendi,
308 4007 420 4057 verum
440 3981 606 4058 Euclidem
625 3989 741 4080 ipsum,
759 4014 896 4080 eumque
914 4001 1028 4075 totum,
1048 4013 1146 4081 quem
1163 4014 1240 4082 pos-

179 4119 245 4164 sem
258 4095 457 4182 brevissime,
473 4098 722 4170 demonstrandi.
765 4101 861 4183 Quod
879 4101 966 4171 enim
984 4111 1120 4193 quotuor
1137 4103 1237 4173 libros
1356 4087 1376 4100 Η

179 4217 311 4297 spectet,
341 4206 524 4299 septimum,
553 4221 713 4295 octavum,
741 4235 874 4296 nonum,
898 4212 1066 4298 decimum,
1089 4217 1241 4305 quemvis

179 4318 226 4387 illi
239 4319 283 4389 sd
296 4319 489 4390 Geometn‘ae
502 4321 608 4412 plenos
622 4333 655 4391 et
669 4322 780 4392 solide
801 4323 966 4408 elemento,
986 4337 1023 4394 nt
1044 4349 1102 4394 sex
1120 4349 1240 4414 prece-

180 4429 298 4513 dentes,
330 4439 364 4498 et
392 4430 456 4500 duo
486 4433 725 4521 subsequentes,
750 4457 816 4502 non
840 4445 907 4502 tum
929 4457 1026 4525 prope
1043 4436 1238 4526 pertineant,
