3167 5192
284 371 348 436 126
619 386 806 436 nemronrs
828 385 1101 437 unrnsnsrrcm.
1235 371 1343 457 [secr.
1361 386 1442 436 vnr.

283 560 396 647 gulnm
417 560 636 647 rectangulum
658 560 742 625 circa
762 582 834 625 crus
857 580 956 623 unum
978 558 1089 645 anguli
1110 559 1189 625 recti
1210 560 1369 648 complete
1393 584 1443 626 re-

283 664 382 729 volvi.
428 662 570 730 Ponatur
587 675 673 730 recta
692 665 777 729 linea
797 664 863 728 AB
880 663 1060 749 quiescente
1082 672 1224 731 extremo

283 770 316 833 A
332 768 427 833 rotari
442 768 639 834 uniformiter
653 768 724 853 (hoc
738 777 787 833 est
801 767 846 832 ita
859 778 896 832 ut
910 766 1084 855 aequalibus
1100 777 1223 855 tempo-
1243 788 1439 844 s--t

285 871 375 935 ribus
397 870 535 957 aequales
556 869 702 935 conficiat
723 869 870 955 angulos)
893 879 926 935 et
951 868 1060 935 eodem
1083 880 1224 957 tempore

284 983 437 1061 punctum
452 974 484 1038 A
500 972 574 1038 ferri
587 971 785 1037 uniformiter
798 972 833 1035 in
846 976 933 1037 recta
948 972 1014 1035 AB
1029 971 1100 1056 (hoc
1114 982 1163 1037 est
1182 983 1220 1037 ut
1240 974 1342 1061 aequis
1361 984 1445 1040 tem-

284 1076 414 1163 poribus
429 1098 520 1164 aequa
534 1074 679 1141 decurrat
693 1073 872 1138 intervalla.
918 1072 1060 1139 Ponatur
1080 1074 1210 1161 aliquod
1231 1088 1387 1164 punctum
1411 1078 1447 1143 in
1567 1107 1568 1118 ι

285 1179 395 1245 circuli
409 1180 462 1246 rel
476 1180 599 1267 ellipsis
615 1178 794 1266 peripherit
813 1178 986 1258 circumire,
1007 1178 1053 1243 sic
1071 1187 1108 1243 ut
1127 1178 1227 1266 saquis
1247 1181 1448 1267 temporibus

285 1305 377 1370 pares
399 1284 513 1349 efficiat
537 1282 671 1368 angulos
694 1292 838 1369 respectu
861 1282 1020 1369 designati
1043 1282 1163 1371 puncti,
1186 1283 1273 1370 quod
1298 1284 1343 1349 sit
1365 1296 1450 1371 puta

286 1397 430 1452 centrum
451 1386 571 1467 circuli,
594 1385 647 1452 vel
667 1385 754 1450 focus
776 1384 935 1472 ellipseos.
979 1384 1122 1451 Ponatur
1143 1406 1163 1450 a
1184 1386 1322 1473 corporis
1344 1386 1450 1453 lucidi

286 1490 340 1555 vel
353 1489 503 1556 illustrati
518 1499 636 1576 puncto
650 1488 786 1575 quodam
807 1488 848 1553 ad
868 1487 993 1553 oculum
1013 1488 1129 1553 lineam
1149 1499 1267 1554 rectam
1286 1490 1450 1577 protendi.

287 1591 428 1659 Ponatur
442 1592 551 1657 lunam
564 1591 598 1655 in
612 1596 699 1657 rectt
713 1590 870 1671 collocari,
887 1613 958 1677 quae
973 1591 1072 1656 solem
1087 1591 1169 1657 inter
1183 1601 1216 1657 et
1230 1591 1356 1656 oculum
1370 1614 1452 1679 por-

285 1696 409 1783 rigitur,
430 1695 524 1761 linet.
569 1693 710 1759 Ponatur
728 1717 748 1759 a
771 1704 889 1781 puncto
908 1694 1029 1760 visibili
1046 1716 1102 1781 per
1120 1703 1262 1759 centrum
1280 1694 1374 1775 oculi,
1393 1696 1451 1761 vel

286 1800 327 1863 ad
344 1809 487 1865 centrum
501 1798 618 1863 tunicae
631 1798 742 1863 retinas
756 1797 880 1862 radium
895 1796 1041 1862 derivari.

352 1902 548 1988 Hujusmodi
577 1901 749 1987 positiones
778 1901 864 1988 quod
892 1924 956 1967 non
982 1912 1182 1973 assumantur
1206 1911 1332 1983 temere,
1356 1904 1450 1991 quod

287 2005 414 2071 admitti
429 2004 574 2084 debeant,
590 2004 650 2068 hoc
664 2014 713 2070 est
728 2004 814 2092 quod
829 2004 912 2069 nihil
927 2004 1089 2069 continent
1103 2004 1308 2091 possibilitati
1327 2028 1452 2093 repug-

286 2131 377 2189 nans,
408 2128 519 2172 sensus
547 2107 615 2194 ipse
643 2116 878 2187 commonstrat,
906 2107 1102 2196 experientia
1130 2106 1213 2172 clarc
1242 2118 1448 2177 contestatur.

290 2211 400 2297 (Unde
423 2209 524 2274 obiter
547 2209 656 2296 liquet,
682 2210 767 2297 quod
791 2234 812 2275 a
835 2212 994 2276 veteribus
1018 2210 1198 2277 Geometris
1223 2221 1272 2276 est
1298 2211 1449 2277 animad-

287 2336 424 2393 versum,
441 2312 524 2379 sicut
538 2313 621 2379 inter
634 2313 796 2379 axiomata
810 2324 843 2380 et
860 2314 1063 2394 theoremata,
1082 2314 1128 2380 ita
1146 2315 1341 2403 hypotheses
1360 2316 1450 2382 inter

287 2429 320 2485 et
333 2418 529 2507 problemata
546 2416 716 2483 admodum
736 2418 947 2506 propinquam
967 2418 1151 2483 affinitatem
1171 2417 1298 2484 versari.
1344 2416 1450 2485 Prout

287 2524 373 2592 enim
387 2523 551 2613 problema
570 2531 733 2587 structurae
755 2521 919 2608 cujusdam
943 2522 1072 2589 modum
1094 2523 1212 2603 edocet,
1228 2533 1260 2589 et
1281 2524 1448 2610 possibili·

286 2639 385 2694 tatem
405 2628 607 2704 demonstrat,
624 2625 670 2690 sic
688 2624 877 2713 hypothesis
899 2626 1162 2693 constructionem
1184 2626 1324 2713 aliquam
1347 2626 1448 2694 adsu-

287 2732 347 2796 mit
368 2731 451 2796 clare
471 2728 666 2816 possibilem.
712 2725 762 2792 Eo
784 2728 862 2793 scite
884 2726 1025 2807 Procius,
1049 2748 1090 2793 ex
1112 2726 1243 2795 Gemini
1264 2729 1447 2809 sententit;

288 2834 466 2913 Διέστηκεν
480 2832 515 2897 δὲ
528 2831 613 2915 ὅμως
627 2828 740 2919 ὥσπερ
756 2832 939 2918 πρόβλημα
952 2830 1164 2919 θεωρήματος,
1180 2830 1263 2898 οὕτω
1284 2831 1340 2897 καὶ
1353 2834 1448 2915 αἴτη-

288 2963 337 3020 μα
363 2934 552 3018 ἀξιώματος,
578 2933 607 2999 εἰ
631 2933 686 3000 καὶ
709 2932 878 3021 ἀμφότερα
903 2932 1119 3000 ἀναπόδεικτα
1141 2935 1222 3015 ἐστὶ,
1246 2934 1300 3001 καὶ
1324 2934 1363 3001 τὸ
1386 2937 1448 3019 μὲν

289 3038 332 3109 ὥς
350 3036 543 3123 εὐπόριστον
558 3033 734 3118 λαμβάνει,
755 3034 794 3101 τὸ
816 3034 851 3101 δὲ
870 3034 912 3106 uic
931 3035 1113 3119 εὔγνωστον
1130 3035 1345 3121 ὁμολογεῖται.
1368 3038 1405 3105 h.
1418 3062 1447 3107 e.

288 3144 331 3208 Ια
347 3140 514 3230 postam,
535 3139 584 3206 vel
606 3141 773 3227 hypothesi,
800 3154 948 3228 tanquam
973 3142 1009 3205 ιἰι
1027 3140 1223 3227 problemata,
1250 3141 1331 3228 qaid
1340 3143 1448 3230 facila

280 3245 427 3335 factibile
458 3244 654 3327 cdauma'tur,·
685 3246 721 3311 ιἰι
750 3246 914 3325 wentae,
941 3268 995 3309 cca
1027 3244 1216 3326 theorentotc,
1243 3246 1323 3333 qaid
1340 3248 1448 3333 faa'lo

289 3348 490 3437 copacsctba‘le
511 3346 707 3430 conceditur.)
753 3345 908 3411 Definitio
931 3354 1037 3412 autem
1055 3356 1104 3412 est
1121 3348 1302 3434 propositio,
1325 3349 1360 3413 in
1380 3358 1449 3437 qut

289 3476 405 3520 nomen
424 3452 598 3540 imponitur
614 3450 667 3517 vel
689 3448 879 3515 adscribitur
900 3450 946 3515 rei
967 3449 1049 3517 clare
1070 3450 1253 3518 resultantis
1274 3474 1316 3517 cx
1335 3452 1448 3541 aliqua

289 3554 435 3645 possibili
455 3553 689 3643 suppositione3
712 3574 783 3639 quae
798 3551 919 3617 scilicet
932 3551 967 3616 in
982 3552 1052 3639 ipst
1066 3552 1279 3640 propositione
1294 3578 1448 3643 expressa

289 3683 405 3727 nomen
418 3657 502 3724 illud
516 3656 705 3723 determinat
719 3678 756 3720 ac
773 3654 1012 3721 circumscribit.
1056 3654 1166 3722 Veluti
1187 3656 1347 3745 predictis
1368 3682 1448 3747 sup-

289 3764 500 3854 positionibus
522 3759 697 3827 insistendo
706 3784 715 3839 3
739 3758 825 3846 quod
841 3759 974 3825 resultat
992 3782 1035 3826 ex
1052 3782 1207 3826 concursu
1223 3761 1358 3828 duarum
1376 3786 1448 3829 rec-

289 3879 395 3935 tarum
418 3868 574 3932 linearum
603 3886 638 3930 se
667 3862 923 3928 intersecantium
948 3861 1069 3929 dicatur
1092 3864 1228 3951 angulus
1250 3865 1446 3949 rectilineus,

289 3973 343 4038 vel
357 3971 493 4057 angulus
507 3969 688 4036 rectilineus
701 3976 759 4046 est,
775 3966 831 4053 qni
845 3966 883 4031 fit
896 3990 935 4033 ex
951 3966 1009 4031 tali
1024 3990 1185 4034 concursu.
1230 3967 1311 4047 Quae
1327 3968 1449 4056 produ-
1568 4010 1569 4021 ι

291 4075 373 4140 citur
390 4096 431 4139 ex
453 4083 559 4139 rotatu
579 4072 673 4137 lineae
694 4080 787 4136 rectae
808 4069 912 4157 figura
933 4070 1030 4158 plana
1052 4072 1175 4137 dicatm
1195 4072 1349 4139 cirmtm:
1370 4071 1446 4155 Vel,

290 4175 438 4245 Circulus
457 4185 506 4242 est
523 4175 627 4262 figura
643 4173 750 4263 plana,
771 4194 842 4259 quae
863 4172 956 4238 lineae
977 4182 1070 4240 recte
1091 4174 1308 4241 circumductu
1328 4175 1448 4264 produ·

343 4402 489 4473 Examples
507 4403 539 4459 ot'
557 4404 739 4476 Hypothssea

344 4487 474 4545 Problem
493 4488 588 4546 differs
605 4490 677 4547 trom
695 4492 830 4549 Theorem
848 4508 880 4551 es
899 4490 1042 4551 Postulate
1062 4491 1133 4548 from
1154 4490 1264 4548 Axiam.
1374 4524 1378 4535 ·
