3167 5192
333 391 374 457 76
671 403 856 455 nscrronss
879 403 1153 456 unrnnnamcn.
1319 388 1426 476 [tuor.
1443 408 1486 455 rr.
1553 456 1554 481 ,

332 598 390 643 nec
405 598 425 641 a
438 598 523 641 sanae
538 576 654 641 mentis
669 574 811 663 quolibet
826 574 1024 641 recusandas
1070 574 1299 643 Generationes
1314 577 1422 657 edam,
1438 600 1488 644 seu
1553 600 1554 673 q

333 702 443 745 causas
460 678 631 765 adsignant
645 701 666 742 a
679 678 807 743 nemine
827 699 891 742 non
907 676 1132 763 intelligendas
1146 677 1249 759 facile,
1268 702 1334 745 non
1347 690 1489 767 prompte

333 779 553 847 admittendas.
599 778 751 846 Ordinem
781 778 919 866 denique
947 787 1076 845 servant
1101 780 1306 866 exquisitum,
1336 794 1374 846 ut
1404 782 1488 847 nulla
1553 782 1554 861 ξ

332 884 506 971 propositio
526 906 592 948 non
612 882 736 971 liquido
761 892 971 969 consequatur
993 905 1013 947 a
1034 882 1122 971 prius
1143 884 1254 969 positis
1276 907 1314 949 ac
1335 885 1487 971 probatis;
1553 880 1554 935 ἓ

334 987 459 1074 rejectis
484 986 612 1053 demum
637 986 795 1067 omnibus,
825 998 984 1073 utcunque
1012 986 1239 1053 verisimilibus
1268 998 1301 1052 et
1326 989 1485 1073 speciosis,

334 1113 405 1177 quse
430 1092 489 1156 tali
515 1091 608 1157 modo
632 1090 741 1175 colligi
766 1090 944 1176 deducique
971 1099 1143 1177 nequeunt.
1189 1089 1387 1177 Hujusmodi
1418 1114 1489 1156 rere
1553 1102 1554 1115 ²

334 1194 563 1279 argumentatio
577 1192 655 1280 quin
669 1192 795 1280 proprie
809 1192 851 1258 sit
865 1192 1121 1273 demonstrativa,
1138 1193 1367 1280 scientiamque
1381 1195 1489 1283 pariat
1553 1230 1554 1251 ξ

335 1296 439 1383 qualis
468 1318 570 1383 capax
594 1305 643 1361 est
667 1295 807 1361 humana
830 1318 930 1375 mens,
957 1294 1176 1375 certissimam,
1205 1295 1368 1362 neminem
1394 1297 1489 1363 videri
1553 1286 1554 1321 ³

335 1399 435 1485 possit
456 1399 575 1463 iturum
595 1398 728 1478 inficias,
754 1406 810 1463 aut
831 1396 1090 1463 addubitatumm
1117 1397 1296 1464 concedere.
1341 1397 1432 1465 Nam
1456 1399 1489 1475 si,

335 1522 415 1586 quas
429 1500 610 1580 adsumunt,
630 1497 801 1586 praemissae
822 1498 886 1563 sint
905 1497 984 1564 adeo
1004 1508 1107 1578 certae,
1125 1507 1164 1564 ut
1182 1522 1275 1565 nemo
1294 1507 1364 1564 tam
1380 1502 1490 1565 effrons
1553 1538 1554 1563 t

334 1605 387 1684 sit,
413 1603 479 1668 illis
503 1602 560 1690 qui
582 1601 794 1668 contradicere
818 1602 982 1682 sustineat,
1009 1612 1066 1667 ant
1088 1602 1174 1689 ipsas
1197 1603 1280 1668 ausit
1302 1603 1336 1667 in
1360 1604 1490 1669 dubium

334 1728 499 1791 revocare;
518 1706 547 1771 si
561 1704 705 1791 legitima
719 1726 846 1791 quoque
861 1704 904 1769 sit
917 1703 1074 1769 inferendi
1088 1704 1178 1779 ratio,
1197 1705 1327 1791 Logicae
1344 1706 1389 1771 ad
1403 1705 1490 1771 infal-
1553 1706 1554 1781 l

335 1810 454 1877 libilem
469 1809 621 1875 amussim
635 1816 766 1887 exacta3
790 1807 868 1895 quid
885 1806 990 1873 obstet
1004 1828 1067 1894 quo
1082 1807 1188 1874 minus
1206 1808 1303 1874 illatae
1317 1809 1490 1877 conclusio·
1553 1798 1554 1833 r

334 1934 392 1977 nes
415 1912 479 1976 sint
505 1911 682 1976 necessario
711 1932 814 1991 verae;
837 1910 1006 1975 discursus
1032 1908 1100 1997 ipse
1129 1931 1252 1977 summo
1273 1911 1346 1998 jure
1372 1912 1489 1978 dicatur
1553 1934 1554 1939 ¹

335 2012 575 2093 demonstratio;
599 2013 730 2099 ejusque
745 2013 886 2093 effectus,
902 2013 962 2079 hoc
976 2023 1024 2079 est
1039 2012 1073 2077 in
1088 2013 1194 2078 animo
1209 2013 1350 2079 residens
1365 2014 1489 2079 habitu·

335 2117 395 2183 alis
410 2116 557 2202 cognitio,
578 2116 689 2180 merito
705 2115 859 2181 habeatur
874 2114 1029 2181 scientia?
1071 2114 1119 2181 At
1132 2116 1340 2181 nihilominus
1362 2116 1488 2205 quidam

335 2218 414 2285 adeo
428 2218 562 2283 subtiles
576 2216 702 2282 luerunt
721 2215 808 2297 olim,
829 2226 861 2283 et
877 2216 947 2303 jam
961 2225 1044 2296 sunt,
1062 2227 1099 2283 ut
1112 2218 1298 2304 negaverint
1313 2217 1489 2285 Mathema-

335 2322 415 2386 ticas
433 2342 503 2386 esse
516 2342 591 2386 vere
611 2318 769 2400 scientias,
791 2329 824 2385 et
844 2339 936 2385 veras
958 2318 993 2383 in
1014 2319 1080 2385 illis
1099 2319 1383 2387 demonstrationes
1403 2342 1486 2407 repe·

334 2424 408 2505 riri3
437 2425 555 2512 quibus
576 2421 704 2489 deducti
728 2420 915 2502 rationibus,
938 2442 1011 2486 cum
1032 2421 1102 2507 jam
1124 2445 1189 2489 non
1211 2432 1311 2504 vacet,
1342 2424 1485 2511 proxima

334 2529 479 2611 lectione,
494 2527 708 2617 dispiciemus.

690 2784 1139 2797 ιιι--ι--υ--ιι--ι-ιι-η-ί-

796 2995 927 3064 LEOT.
951 2994 1015 3064 VJ*

395 3144 597 3213 ERAOTIS
616 3167 688 3233 quac
707 3145 748 3211 de
762 3145 1148 3235 Mathematumobjecto,
1171 3170 1229 3215 neo
1250 3171 1314 3216 non
1332 3151 1371 3218 de
1389 3150 1485 3241 parti·
1553 3136 1554 3219 l

408 3252 494 3318 tione
513 3249 735 3317 succurrebant
753 3248 954 3330 disserenda;
977 3256 1136 3337 postrema
1155 3250 1304 3317 Lectione
1324 3252 1364 3318 de
1383 3255 1485 3331 modo,

334 3378 397 3443 qno
411 3354 493 3420 circa
507 3374 600 3419 suurn
615 3351 773 3439 objectum
787 3360 964 3433 versantem,
981 3352 1088 3439 occepi
1102 3352 1215 3420 dicere.
1260 3352 1363 3433 Quem
1378 3358 1487 3445 utique

333 3480 398 3524 non
419 3458 477 3523 abs
497 3479 532 3523 re
554 3453 645 3535 duxi,
668 3476 710 3519 ex
729 3452 877 3518 instituta
895 3453 1010 3519 barum
1026 3476 1098 3520 oum
1116 3454 1188 3522 aliis
1203 3454 1380 3544 disciplinis
1394 3460 1487 3527 oolla-

332 3564 419 3629 tione
433 3560 652 3649 quadantenus
672 3557 838 3624 illustrare.
883 3556 929 3623 Et
943 3556 1162 3625 Mathematici
1182 3558 1310 3647 quidem
1330 3562 1488 3629 diseamus

333 3665 470 3733 efficacia
490 3665 606 3751 quibus
627 3660 802 3751 praesertim
824 3682 866 3725 ex
888 3659 1029 3727 fontibus
1049 3672 1223 3749 promanat,
1246 3663 1342 3730 baud*
1357 3667 1488 3733 obscure

333 3770 408 3835 hinc
436 3768 606 3848 insinuavi,
640 3768 771 3854 ejusque
800 3762 983 3829 firmitatem
1016 3764 1141 3831 adsend
1175 3772 1486 3839 κατασκευαστικὰ.

332 3870 428 3937 Nunc
457 3870 742 3937 ἆνασκευαστικῶς
769 3864 886 3953 agendi
915 3876 1020 3953 partes
1049 3866 1241 3949 obveniunt;
1272 3867 1488 3959 incumbitque
1553 3940 1554 3943 ,

332 3975 426 4040 nobis
451 3978 516 4040 τῶν
541 3974 577 4055 ἐξ
601 3970 752 4051 ἐναντίας,
783 3968 1004 4035 Mathematici
1030 3969 1184 4035 ratiocinii
1210 3971 1432 4039 certitudinem
1458 3982 1486 4037 et

332 4077 546 4162 praestantiam
568 4072 836 4163 impugnantium,
860 4072 996 4159 impetus
1022 4071 1185 4155 sustinere,
1212 4074 1411 4162 captionibus
1437 4098 1485 4142 oc·

332 4200 463 4251 currere,
479 4178 574 4241 tricas
589 4176 747 4263 expedire.
792 4172 848 4238 Ad
862 4196 938 4240 rem.

385 4485 401 4516 *
414 4484 575 4554 Objections
586 4487 616 4539 to
628 4484 828 4541 Mathcnratlcs.
