3167 5192
100 392 194 441 secr.
212 377 284 463 rm]
456 394 644 446 merrom
665 394 940 446 munnuamca.
1205 380 1267 447 143

97 566 278 653 parallelae,
293 589 366 654 quae
380 566 513 633 minoris
527 590 599 633 crus
614 576 870 654 pertranseuntes
883 590 948 633 non
964 566 1155 649 coincidant,
1170 568 1268 635 inter·

97 679 216 744 secent,
240 682 301 737 aut
322 670 512 757 contingant
533 670 663 759 seipsas,
687 681 797 737 contra
817 670 1041 759 parallelarum
1065 682 1213 737 naturam
1235 683 1267 738 ct

97 770 349 838 definitionem?
396 772 494 838 Etsi
521 796 612 837 crura
636 774 713 838 base
738 773 835 859 longe
859 774 981 860 majora
1007 774 1082 853 sint,
1109 775 1266 861 quomodo

95 875 265 962 parallelae
281 885 424 941 crescant
438 875 648 955 uniformiter,
664 898 721 942 seu
733 877 969 963 proportionem
990 898 1062 941 cnm
1083 876 1266 964 interceptis

96 977 137 1043 ad
150 980 313 1045 verticem
328 1001 456 1043 crurum
470 979 616 1065 partibus
630 990 818 1044 conservent
832 979 974 1059 eandem,
991 990 1028 1044 ut
1044 980 1147 1046 basim
1162 980 1266 1047 multo

96 1102 158 1145 nou
179 1082 357 1167 excedant,
376 1104 449 1169 quae
467 1093 575 1148 tamen
595 1081 732 1147 minores
753 1090 838 1161 sunt,
854 1081 949 1147 etiam
971 1081 1041 1169 ipso
1064 1104 1160 1147 sensu
1177 1083 1267 1170 judi·

95 1185 212 1251 cante?
244 1185 409 1273 quomodo
439 1182 473 1249 in
502 1184 613 1250 cadem
638 1191 725 1250 recta
749 1184 916 1250 indefinite
944 1186 1099 1272 producta
1127 1186 1265 1275 sumptis

96 1288 214 1353 neutris
234 1288 408 1375 quotlibet,
423 1298 501 1374 puta
521 1287 641 1352 millies
662 1286 802 1353 millenis
824 1297 880 1353 aut
901 1288 1018 1353 utlibet
1039 1288 1195 1375 pluribus,
1210 1312 1267 1376 per

96 1395 277 1461 terminum
297 1394 391 1460 dictae
409 1406 503 1459 rectae
520 1394 670 1480 descripti
689 1394 801 1461 circuli
821 1416 855 1459 se
872 1394 906 1459 in
926 1418 990 1460 uno
1006 1406 1131 1461 tantum
1146 1406 1273 1483 puncto

96 1499 303 1586 contingant,
315 1499 413 1586 juxta
427 1497 723 1563 manifestissimum
735 1496 926 1563 Geometriae
940 1508 1143 1585 praeceptum,
1154 1509 1266 1565 utnon

97 1601 280 1667 clarissime
301 1612 511 1689 consequatur
531 1599 617 1682 inde,
639 1610 759 1665 rectam
780 1600 986 1688 quantumvis
1005 1601 1172 1667 minimam
1192 1624 1266 1667 con-

97 1709 200 1772 tactui
236 1707 380 1772 vicinam
416 1705 604 1771 circulorum
640 1705 773 1769 istorum
807 1704 1076 1770 circumferentias
1109 1716 1266 1770 secantem

99 1811 228 1897 punctis
256 1809 356 1875 secari
382 1808 547 1874 indefinite
569 1806 699 1886 multis;
726 1806 868 1893 adeoque
891 1808 1034 1894 potentia
1056 1806 1191 1874 infinitis
1214 1808 1267 1874 vel

100 1910 309 1979 innumeris?
343 1912 512 2000 quomodo,
536 1911 709 1977 secundum
731 1910 938 1991 adversarios,
961 1910 1044 1977 inter
1065 1912 1143 1977 duas
1165 1922 1266 1978 rectas

100 2037 196 2079 unam
212 2024 297 2101 pnta
311 2025 340 2093 7,
356 2014 488 2079 alteram
503 2021 532 2093 9,
548 2014 675 2100 punctis
691 2022 887 2077 constantem
902 2012 1030 2100 reperiri
1044 2015 1147 2101 possit
1160 2016 1267 2091 media

100 2116 359 2206 proportionalis,
375 2115 484 2181 velud
505 2115 633 2181 easdem
656 2125 673 2180 7
697 2124 730 2181 et
751 2123 770 2181 9
794 2116 887 2180 tertia
907 2118 1150 2203 proportionalis
1172 2118 1265 2184 exhi-

100 2220 241 2286 beatur?
269 2218 303 2285 N
304 2220 491 2306 equicquam
505 2218 747 2285 adinvenienda
757 2218 871 2284 mediae
886 2242 980 2306 super
995 2221 1178 2307 conjunctas
1191 2221 1265 2287 illas

103 2332 259 2410 tanquam
280 2322 470 2388 diametrum
484 2322 694 2387 constituatur
708 2321 933 2402 semicirculus,
949 2333 981 2389 et
996 2346 1015 2386 a
1029 2334 1264 2409 segmentomm

103 2426 268 2491 communi
282 2425 417 2490 termino
433 2424 572 2509 erigatur
585 2423 873 2511 perpendicularis3
896 2446 956 2489 nec
970 2426 1054 2489 enim
1075 2426 1133 2491 illa
1150 2428 1267 2513 poterit

103 2550 170 2594 csse
183 2527 391 2616 proportione
405 2526 510 2591 media
524 2526 608 2592 inter
620 2526 722 2591 dictas
741 2534 852 2604 rectas,
872 2546 944 2590 cum
960 2526 1058 2613 juxta
1075 2527 1265 2613 positionem

104 2632 272 2698 adversam
287 2630 379 2696 nulla
392 2631 467 2695 talis
481 2630 550 2696 dari
564 2631 676 2717 possit.

167 2736 340 2818 Quomodo
358 2758 424 2801 non
442 2736 574 2801 tollatur
592 2734 739 2800 funditus
758 2734 862 2799 omnis
882 2734 1140 2821 magnitudinum
1160 2734 1265 2820 α’συμ-

104 2841 228 2927 μετρία,
258 2861 356 2927 quam
385 2848 434 2902 tot
462 2826 619 2923 exemplis
648 2834 830 2915 ostendunt,
861 2844 909 2901 tot
939 2836 1264 2906 demonstrationibus

106 2943 255 3008 muniunt
278 2939 494 3007 Geometn'ae?
537 2938 620 3004 Cum
644 2940 821 3004 communis
841 2938 983 3004 omnium
1006 2941 1263 3027 magnitudinum

107 3066 255 3110 mensura
277 3052 432 3129 punctum
455 3040 583 3121 existat,
603 3041 783 3127 habeatque
810 3062 844 3105 se
867 3040 1053 3126 magnitudo
1077 3044 1199 3130 quaevis
1222 3044 1265 3111 ad

108 3144 211 3226 aliam,
226 3145 310 3211 sicut
324 3166 473 3210 numerus
487 3153 675 3228 punctorum
691 3142 731 3207 ad
746 3164 911 3207 numerum
923 3154 1121 3231 punctorum,
1133 3147 1160 3211 si
1172 3146 1264 3215 lineas

109 3258 252 3316 constent
266 3272 285 3315 e
298 3247 435 3335 punctis,
451 3257 484 3313 et
501 3246 683 3334 superficies
702 3270 720 3312 e
738 3245 841 3327 lineis,
861 3257 894 3312 et
912 3270 930 3313 e
950 3250 1177 3335 superficiebus
1197 3273 1265 3317 cor·

108 3372 191 3437 pora.
236 3350 405 3432 Quomodo
419 3373 484 3416 non
498 3372 628 3437 pessum
642 3348 705 3414 ibit
723 3349 872 3415 universa
890 3350 931 3415 de
950 3350 1044 3416 lineis
1064 3355 1263 3439 asymptotis,

109 3456 262 3521 mirabilis
283 3454 441 3542 equidem,
461 3454 517 3520 sed
537 3453 630 3519 nulla
650 3451 843 3520 Geometriae
864 3462 954 3539 parte
975 3454 1083 3518 minus
1105 3465 1191 3519 certa
1211 3458 1263 3523 vel

111 3558 191 3624 clara
212 3559 376 3639 doctrina;
403 3580 475 3645 qnae
496 3555 730 3643 magnitudinis
751 3556 910 3622 infinitam
933 3556 1187 3622 divisibilitatem
1209 3568 1264 3625 aut

111 3659 224 3729 invicte
239 3662 413 3741 confirmat,
430 3670 486 3726 aut
500 3683 566 3726 nna
580 3660 727 3740 concidit,
743 3670 853 3748 utpote
871 3665 935 3747 qua
953 3660 1087 3724 minima
1106 3660 1263 3748 quaepiam

111 3763 191 3832 linea
215 3765 366 3832 continuo
390 3764 433 3830 ad
457 3764 619 3829 infinitum
645 3763 845 3830 decremento
871 3786 935 3828 non
961 3762 1134 3843 exhauriri,
1161 3786 1264 3851 neque

112 3872 256 3937 continuo
278 3872 320 3936 ad
340 3870 501 3935 infinitum
522 3871 715 3935 incremento
737 3870 856 3949 datam,
879 3867 975 3953 paulo
996 3868 1157 3955 majorem,
1181 3868 1264 3935 adoe-
1301 3924 1304 3929 .

113 3996 204 4059 qnare
222 3974 351 4053 lineam,
371 3973 536 4061 perspicue
556 3972 816 4039 demonstratur?
859 3970 1024 4050 Quomodo
1045 3970 1180 4058 denique
1199 3994 1263 4037 non

113 4077 211 4141 omnis
225 4076 385 4141 auferatur
399 4086 543 4141 motuum
558 4074 664 4162 quoad
677 4073 880 4140 velocitatem
895 4072 1097 4140 differentia?
1139 4073 1264 4165 Nempe

114 4178 142 4241 si
168 4180 285 4247 mobile
319 4189 472 4267 puuctum
505 4200 570 4243 uno
602 4188 743 4265 tempore
773 4177 914 4265 quinque
944 4189 1104 4267 percurrat
1135 4192 1263 4267 puncta,

162 4412 228 4468 Also
238 4414 321 4485 proot
328 4413 401 4469 bom
413 4413 705 4483 Inmmmcnmnbles,
716 4412 772 4468 and
784 4412 972 4482 Asymptotes.

161 4497 244 4555 Proof
252 4501 325 4555 trem
337 4499 495 4555 Velocitiaa
