3167 5192
89 422 176 471 neor.
193 406 274 491 xm]
409 422 594 474 nncmouus
617 421 890 471 uarnuulrrcm.
1179 398 1243 469 193

148 590 307 659 Similiter
322 590 454 680 aqualia
472 591 612 681 pondera
633 590 778 657 dicantm
795 588 951 676 (absolute
965 588 1086 676 loquor,
1101 597 1134 653 ct
1148 609 1239 675 sepo-

87 695 143 761 sito
164 694 205 761 ad
227 694 432 763 Machanicas
461 694 689 783 applicationes
713 692 884 759 eorumdem
908 691 1055 779 gravium
1077 698 1239 757 momenta

87 799 238 865 venantes
255 802 411 888 respectu)
429 809 574 887 respectu
588 797 733 886 subjecti,
750 820 822 884 quae
838 794 1114 883 magnitudinibus
1133 793 1238 881 speeie

85 900 200 981 iisdem,
217 912 250 967 et
273 902 452 989 quantitate
474 901 652 989 aequalibus
675 901 805 980 insunt3
831 910 977 987 respectu
1001 897 1129 986 objecti,
1152 898 1237 963 vires

86 1005 223 1071 notrices
250 1005 423 1092 aequalium
452 1004 610 1091 (similiter
633 1004 808 1091 positarum
830 1013 862 1068 et
885 1001 990 1089 quoad
1005 1024 1114 1068 omncs
1128 999 1239 1067 condi·

86 1108 179 1173 tiones
201 1108 357 1194 partium)
386 1109 661 1196 magnitudinum
694 1109 748 1173 vel
771 1130 843 1195 quae
865 1116 999 1195 possunt
1023 1106 1159 1186 easdem,
1182 1114 1238 1170 aut

86 1212 213 1299 aequales
236 1213 383 1301 ejusdcm
406 1213 523 1301 speciei
543 1211 780 1299 magnitudines
807 1210 992 1276 sublevare:
1026 1218 1059 1275 ct
1082 1207 1235 1296 ν’σοβαρῆ,

87 1339 149 1401 quae
162 1317 289 1383 viribus
305 1341 342 1383 ac
356 1317 506 1405 potentiis
521 1317 654 1403 praedita
668 1325 744 1381 sunt
758 1313 945 1403 aequalibns.
985 1312 1136 1399 (Quidam
1151 1313 1236 1400 apud

87 1418 284 1486 Aristotelem
300 1430 422 1487 veteres
434 1419 633 1507 Philosophi,
644 1442 686 1486 cx
700 1421 884 1506 subjacente
897 1416 1029 1483 mutarit
1042 1416 1239 1484 definiebant

87 1520 229 1610 ἰσοβαρῆ,
254 1523 299 1589 τὰ
325 1523 363 1606 ἐξ
386 1524 468 1588 ἴσων
490 1522 683 1606 συγκείμενα
703 1520 937 1610 reimpetrata,
960 1520 1014 1585 vel
1035 1517 1077 1584 τὰ
1098 1520 1136 1602 ἐξ
1156 1521 1236 1587 ἴσων

88 1626 295 1692 coemerat
318 1649 390 1713 qnae
405 1649 447 1691 ex
461 1625 636 1713 aequalibus
650 1625 825 1715 principiis,
835 1635 891 1690 aut
904 1622 1081 1710 aequalibus
1097 1624 1237 1690 materiae

87 1728 240 1813 particulis
255 1729 429 1813 constant).

144 1832 300 1921 AEquales
322 1832 459 1920 denique
478 1832 602 1898 numeri
619 1832 743 1899 definiri
763 1840 902 1921 possent,
918 1853 990 1920 quae
1012 1838 1237 1919 repraesentant

87 1936 316 2022 magnitudines
332 1935 441 2003 eodem
456 1935 549 2003 modo
564 1936 683 2003 divisas
698 1936 763 2023 (vel
778 1937 952 2002 accuratius
967 1935 1125 2023 aliquovis
1139 1933 1236 2001 simili

88 2038 194 2123 modo).

144 2141 241 2209 Hisce
256 2140 543 2229 consimilibusque
561 2142 661 2230 pactis
681 2141 728 2208 nil
743 2143 857 2224 obstat,
873 2143 951 2231 quin
966 2142 1157 2209 definiantur
1171 2166 1238 2208 om·

89 2244 572 2333 uiumquantorumaequalitatcs,
582 2246 647 2312 imo
656 2246 792 2313 multum
800 2247 880 2313 forte
888 2247 1089 2335 proderithoc
1097 2249 1237 2336 ipsarum

89 2346 233 2416 distinctae
253 2349 539 2437 comprehensioni.
584 2350 698 2437 Neque
717 2350 833 2417 desunt
851 2351 998 2438 exempla
1015 2351 1238 2439 praestantissi-

90 2474 199 2519 morum
213 2454 397 2535 authorum,
413 2453 470 2541 qui
484 2454 603 2521 nedum
619 2454 804 2541 hujusmodi
819 2454 979 2541 quandam
999 2477 1063 2541 prae
1078 2476 1118 2519 ⁴se
1136 2454 1239 2519 feren·

90 2554 160 2621 tium
180 2556 435 2644 homonymiam,
459 2564 492 2621 at
513 2556 642 2644 majoris
664 2556 898 2645 perspicuitatis
924 2562 1019 2621 causa
1039 2554 1237 2642 quorundam

91 2659 172 2724 ctiam
188 2658 387 2743 συνωνύμως
401 2660 558 2727 dictorum
576 2672 766 2747 quantomm
785 2658 981 2746 aequalitates
1001 2659 1168 2746 separatim
1184 2658 1239 2725 dc·

92 2758 168 2827 finire
182 2784 246 2828 non
261 2762 450 2828 dubitarint.
494 2761 528 2827 N
528 2785 580 2827 am
595 2761 746 2829 Euclides
761 2762 915 2828 elemento
930 2759 1106 2841 undecimo,
1122 2759 1238 2827 solidas

91 2862 223 2931 delinivit
248 2865 391 2954 aequalas
416 2866 545 2952 figuras,
571 2888 643 2953 quae
669 2866 828 2932 similibus
853 2865 958 2955 planis
981 2864 1183 2932 multitudine
1207 2878 1239 2932 ct

91 2967 300 3052 magnitudine
315 2967 491 3055 aequalibus
505 2968 716 3035 continentur.
746 2968 792 3034 Et
806 2992 941 3056 magnus
956 2967 1148 3056 Apollonius
1166 2970 1239 3055 (ini-

91 3066 129 3131 tio
141 3070 219 3135 sexti
235 3070 430 3138 Coniccrum
451 3069 535 3151 libri,
550 3092 651 3158 nuper
672 3094 714 3136 cx
735 3070 874 3138 Arabico
891 3072 927 3136 in
948 3070 1100 3138 Latinum
1122 3096 1239 3141 sermo-

92 3191 154 3237 nem
175 3172 338 3253 transfusi,
355 3184 388 3239 et
404 3196 424 3239 a
443 3174 702 3265 praestantissimo
725 3173 852 3240 Borello
874 3175 943 3241 luce
965 3174 1086 3260 donati)
1104 3178 1240 3264 aequales

91 3272 221 3343 delinivit
240 3275 494 3357 coni-sectiones,
515 3300 586 3365 quae
605 3276 646 3342 ad
665 3277 803 3344 invicem
823 3277 886 3345 sibi
905 3288 1015 3345 mutuo
1035 3283 1239 3369 superpositae

92 3391 267 3465 congruunt.
315 3378 365 3446 Ut
379 3380 526 3446 reticeam
540 3378 709 3445 Euclidem
728 3380 773 3467 (id
788 3380 874 3467 quod
892 3382 983 3446 innui
1002 3382 1071 3468 jam
1092 3368 1241 3467 antchacl

93 3475 121 3539 in
134 3477 236 3549 libello
253 3483 297 3549 dc
311 3480 412 3549 Gravi
426 3491 459 3547 et
473 3480 565 3563 Levi,
581 3482 716 3569 aequalia
730 3482 951 3569 magnitudine
967 3482 1148 3551 definivisse
1166 3484 1240 3570 (for-

94 3583 204 3652 maliter
217 3598 250 3653 et
266 3608 416 3674 expresse
433 3585 530 3672 juxta
546 3586 616 3667 nos)
637 3608 708 3672 quae
723 3586 846 3673 replent
860 3586 995 3653 eundem
1012 3586 1128 3654 locum.
1172 3588 1206 3654 N
1206 3614 1241 3655 cc

95 3684 149 3751 fere
162 3688 273 3757 dubito
289 3689 368 3776 quin
383 3686 539 3755 Granium
561 3688 730 3775 aequalium
751 3688 859 3777 aliqua
873 3688 968 3755 isthic
982 3700 1070 3756 extet
1087 3691 1238 3774 definitio,

96 3789 138 3852 cui
150 3792 326 3878 praeluserit
343 3791 411 3857 haec
430 3790 469 3856 de
487 3789 617 3877 Magnis
633 3791 819 3879 aequalibus.
865 3792 1025 3873 Quinimo,
1042 3795 1128 3881 quod
1146 3796 1238 3861 affine

96 3904 136 3956 cst
156 3906 261 3963 nostro
284 3894 422 3983 negotio,
444 3892 596 3959 Euclides
618 3896 727 3981 portae
748 3893 965 3961 definitionem
988 3897 1120 3965 tradidit
1142 3900 1238 3966 aliam

97 4006 179 4081 atque
192 4000 299 4081 uliam,
315 3998 355 4065 de
366 3996 642 4085 Magnitudinibus
657 4009 689 4064 et
699 3996 732 4062 N
733 3999 859 4065 umeris.
905 3999 1059 4090 Idemque
1074 4004 1186 4092 quinto
1204 4006 1239 4071 in

542 4154 551 4185 ¹
570 4154 608 4205 De
621 4155 689 4216 Calo,
704 4167 740 4205 ιν.
754 4171 776 4204 a.

515 4290 654 4299 ...φ-...-

142 4358 223 4432 mm
244 4366 376 4437 wugnu

144 4445 227 4517 Equnl
245 4450 390 4509 Nurnbers.

104 4527 107 4537 ’
147 4530 474 4597 liminentautlrorshave
486 4556 516 4596 so
529 4541 652 4597 defined:
672 4543 782 4599 Euclid:
803 4544 969 4616 Apollonius.

177 4636 205 4682 n.
222 4638 255 4687 u.
1108 4639 1150 4701 25
