3167 5192
400 313 464 382 208
702 336 890 390 morrours
911 338 1157 392 oaoununrcn.
1199 401 1209 410 ,
1316 324 1482 412 [monn.

246 503 303 576 1153.
317 516 357 570 ³7·
475 496 559 563 (lum
581 496 668 565 enim
685 499 822 567 circulus
843 513 945 568 centro
959 501 1002 568 H
1015 525 1072 591 per
1086 503 1130 570 Μ
1145 502 1351 594 descfiptns
1373 529 1493 573 coruom

408 598 580 668 introrsum
600 611 723 689 tangat,
747 603 844 669 etiam
866 605 970 692 magis
985 606 1121 674 circulus
1140 620 1261 676 centro
1277 609 1309 674 I
1325 609 1494 698 decerptus

407 702 577 770 introrsum
591 714 722 792 tangat;
745 705 831 772 unde
846 706 956 796 liquet.

468 905 600 974 XXIV.
646 905 756 972 Etiam
784 906 813 972 si
842 906 921 972 HM
945 907 989 974 sit
1016 907 1240 976 incidentium
1275 910 1440 992 maxima,
1466 920 1496 977 et

406 1020 497 1077 extra
525 1012 629 1099 ipsam
661 1009 836 1099 accipiatur
868 1020 1023 1099 punctum
1058 1011 1245 1100 quodpiam
1276 1013 1312 1095 I,
1356 1013 1420 1080 erit
1443 1014 1501 1079 ΙΜ

405 1135 555 1178 maxima

471 1212 557 1281 (lum
578 1213 664 1282 enim
686 1216 824 1283 coi-culos
843 1229 945 1284 couno
959 1218 1002 1283 H
1009 1242 1074 1307 per
1087 1216 1133 1283 Μ
1146 1217 1347 1308 ᾱωωήνιιιε
1364 1241 1496 1285 coruom

242 1326 364 1390 Apoltv.
404 1326 583 1384 extrorsum
608 1317 781 1406 contingat,
804 1319 901 1386 etiam
923 1320 1038 1409 potiori
1059 1319 1132 1408 jure
1155 1322 1314 1388 armatus
1345 1319 1500 1388 control

243 1405 283 1456 ³⁹⁸
396 1444 460 1510 per
474 1419 518 1485 Μ
529 1421 700 1510 dooon‘ptuo
717 1423 847 1490 modom
866 1437 1025 1492 mouens
1043 1424 1197 1511 continget
1205 1450 1227 1509 ,·
1253 1425 1354 1492 unde
1369 1430 1493 1491 constat

403 1523 612 1614 Ptopoaftum.

468 1625 626 1695 Ooeterum
648 1628 855 1696 minimorum
876 1641 905 1696 et
932 1629 1146 1696 mocimuram
1160 1633 1317 1722 propior
1341 1628 1489 1697 detm-

402 1732 488 1797 uatio
496 1731 613 1820 pendet
626 1753 665 1796 coc
678 1731 813 1819 poetali
822 1755 925 1798 ouroce
939 1737 1064 1798 natura.

466 1832 518 1900 De
546 1833 609 1900 hac
633 1842 739 1899 autem
765 1833 893 1900 Tabula
912 1835 982 1923 jam
1011 1857 1140 1902 manum
1172 1835 1397 1917 auferemus3
1432 1855 1489 1900 nec

402 1936 488 2003 enim
509 1936 793 2024 impraesentiarum
819 1939 1003 2027 hujusmodi
1028 1939 1179 2028 pleraque
1202 1940 1395 2030 complecti
1416 1961 1488 2028 pro·

401 2039 538 2106 fitemur.
582 2039 735 2106 Instituto
750 2051 857 2108 nostro
873 2044 988 2110 sufficit
1006 2044 1159 2110 hactonus
1178 2045 1358 2133 generalis
1379 2043 1487 2131 cujus·

401 2143 475 2210 dam
489 2165 657 2210 curvarum
674 2145 881 2234 proprietatos
900 2145 1196 2233 comprehendentis
1212 2148 1395 2215 Doctrinae
1416 2169 1485 2235 ope·

400 2249 500 2316 draca
514 2247 716 2315 exhibuisse:
742 2249 847 2336 qualis
867 2261 959 2332 certe,
981 2250 1105 2338 plenior
1124 2260 1156 2317 et
1175 2253 1372 2338 perfectior,
1396 2247 1487 2316 haud

399 2353 548 2442 ωιζιιιωη
568 2351 692 2420 videtur
709 2353 799 2420 rebus
825 2353 1025 2420 comosus
1047 2355 1130 2441 (quoe
1149 2377 1270 2444 nempe
1295 2356 1389 2423 circa
1410 2376 1482 2420 car·

400 2481 514 2525 aarum
534 2456 746 2544 propalato
775 2468 806 2522 ot
842 2454 1016 2542 affectiones
1043 2455 1216 2545 plurimum
1252 2455 1477 2547 occupantur)

400 2559 614 2648 compendium
642 2557 792 2624 allatura.
837 2555 889 2625 Ne
914 2558 1017 2625 dicam
1044 2559 1147 2648 culpae
1172 2571 1337 2648 agnatum
1362 2555 1477 2636 videri,

399 2661 582 2750 Lopa'coeqae
606 2659 742 2748 Regalis
767 2660 855 2728 haud
884 2659 1056 2728 admodum
1085 2685 1269 2750 congruere,
1304 2685 1385 2754 quae
1415 2657 1475 2727 toti

399 2763 538 2852 cuipiam
564 2763 674 2851 generi
696 2764 899 2846 conveniunt,
922 2775 955 2832 et
980 2787 1051 2852 quoe
1077 2763 1118 2831 de
1136 2767 1304 2834 communi
1328 2763 1475 2857 quadam

399 2866 523 2952 origiue
539 2875 679 2941 manant,
699 2890 738 2933 ea
758 2866 950 2955 quibusdam
969 2867 1115 2956 partibus
1134 2869 1329 2954 adscribere,
1351 2866 1409 2937 vel
1430 2886 1472 2931 ex

398 2969 575 3055 angustiori
604 2970 691 3036 fonto
720 2969 873 3038 derivare.
917 2971 1022 3038 Plora
1056 2971 1172 3054 forsan,
1201 2983 1235 3040 et
1264 2971 1471 3042 abacnoztra

397 3070 590 3162 proferemus
604 3071 785 3161 aliquando.
829 3071 862 3140 N
863 3097 925 3142 unc
939 3075 990 3142 his
1004 3075 1253 3164 supersedemus.

816 3525 948 3598 Lucu.
963 3527 1024 3598 VI.
1562 3615 1563 3702 1

457 3707 490 3775 Ι)
518 3708 644 3776 easdem
673 3715 778 3798 partes
807 3705 1008 3794 vergentium
1037 3729 1213 3790 curvarum,
1243 3730 1261 3775 e
1289 3697 1453 3776 communi

479 3811 619 3900 quddam
632 3809 835 3898 generatione
853 3806 1013 3890 deductas,
1031 3809 1195 3897 generales
1215 3809 1338 3898 aliquot
1357 3805 1451 3873 affec-

252 3951 261 3970 ·
393 3916 496 3986 tiones
513 3918 583 4006 jam
602 3925 696 3984 antea
715 3913 837 3980 dudum
857 3913 1010 4001 exposui3
1033 3912 1105 3979 illas
1125 3913 1309 4002 prasertim,
1330 3927 1411 4003 quas
1431 3925 1451 3967 a

392 4021 554 4090 veteribus
574 4018 745 4087 &moro
758 4017 959 4084 observarem
975 4015 1175 4104 specialibus,
1195 4038 1275 4105 quas
1290 4016 1352 4106 ipsi
1367 4023 1447 4078 trac-

392 4134 472 4206 tant,
487 4123 593 4191 curvis
606 4121 769 4212 applicari.
814 4121 838 4190 J
840 4143 891 4187 am
906 4143 971 4186 non
986 4121 1148 4208 ingratum
1167 4121 1307 4188 facturus
1325 4116 1443 4190 videor,

391 4226 421 4293 si
439 4226 617 4314 complures
636 4227 715 4293 alias
733 4224 952 4310 (abstrusiores
972 4221 1101 4312 quidem
1121 4224 1204 4306 illas,
1224 4234 1257 4290 at
1276 4247 1341 4291 non
1362 4217 1443 4307 inju-

265 4329 269 4339 '
389 4327 511 4396 caudas
539 4350 675 4416 prorsus,
705 4337 761 4396 aut
785 4327 928 4413 inutiles)
957 4347 1150 4417 apposuer03
1179 4351 1237 4417 pro
1263 4351 1334 4396 mac
1358 4340 1442 4392 moro

390 4455 487 4524 quam
512 4432 726 4501 concisissirue
749 4432 989 4515 demonstratas,
1012 4437 1177 4501 ettamen
1199 4432 1319 4500 ratione
1340 4419 1439 4522 quood
