3167 5192
88 405 171 455 ineu.
187 392 292 477 xxm]
406 408 591 459 satureum
612 407 888 457 usrnsusmcn.
1162 390 1227 457 353

141 576 203 644 Sed
214 580 348 667 peragit,
362 588 400 645 ut
413 578 570 667 opinatur,
585 601 644 645 nos
658 601 817 667 premere;
836 578 872 646 si
888 577 1061 646 secuudum
1079 577 1151 665 (hoc
1166 590 1223 660 est,

84 683 121 745 Si
135 681 228 749 wluet
247 682 398 749 mutua
412 706 475 771 per
496 682 727 769 maquitudc'uee
752 682 879 749 madere
903 678 1056 748 aeduam
1080 682 1224 749 tatae

82 782 157 848 nebel
166 784 258 851 atiud
269 786 415 873 rutellr'qi
436 810 532 874 pum
550 810 659 851 mrum
680 786 913 873 moyseitudluea
932 786 1015 851 dieto
1036 785 1124 851 modo
1139 808 1226 852 eece·

83 886 145 951 dere
158 887 207 953 uel
217 889 341 972 ωλι)
362 891 466 955 aaut
477 889 604 976 quedem
622 890 740 954 eumue
754 889 792 954 de
806 888 935 955 eattae
956 889 1171 954 thwreuautum
1191 890 1227 955 t'u

80 1012 161 1053 amsa
177 990 368 1074 defluttrbnra
388 1004 590 1078 ueeqatorum,
610 992 738 1056 minime
760 1005 861 1057 tumea
880 1014 920 1056 ee
937 991 974 1057 oi
994 991 1226 1058 demuatratto-

80 1115 145 1157 mm
157 1093 242 1159 noba
261 1106 405 1159 tonatim
415 1094 536 1181 poterit
554 1093 592 1157 de
606 1093 752 1159 absoluta
766 1095 925 1159 tarbuam
938 1092 1126 1181 (equalitate.
1171 1092 1227 1160 Ad

80 1215 141 1279 quae
163 1194 246 1259 nihil
273 1194 415 1282 amplius
437 1195 540 1260 habeo
563 1194 650 1282 quod
672 1195 889 1282 respondeam,
918 1218 1015 1282 quam
1042 1195 1096 1261 hio
1123 1194 1164 1261 ab
1189 1218 1229 1262 eo

78 1297 172 1362 nescio
199 1320 299 1385 quam
324 1298 485 1363 rationum
511 1297 689 1365 absolutam
715 1298 928 1386 aequalitatem
958 1298 1119 1378 somniari,
1146 1320 1226 1387 prae·

79 1400 254 1469 existentem
269 1412 304 1468 et
318 1401 503 1468 distinctam
520 1424 541 1465 a
557 1401 758 1489 passionibus
775 1424 831 1490 per
846 1425 925 1490 quas
942 1403 1100 1469 rationum
1119 1425 1226 1490 aequa-

81 1503 144 1571 litas
164 1505 358 1586 deliniatu1;
380 1505 485 1593 qualis
504 1505 642 1593 profecto
659 1505 751 1571 nulla
769 1505 872 1585 datur,
893 1516 925 1571 et
939 1508 980 1575 ab
994 1506 1050 1571 illo
1067 1506 1134 1572 sine
1152 1506 1226 1573 fun·

79 1604 211 1675 dumento
226 1609 301 1675 dari
315 1608 512 1696 supponitur.
557 1607 733 1673 Rationum
752 1608 918 1694 aequalitas
945 1608 1040 1692 (sicut
1055 1608 1126 1673 alia
1141 1631 1228 1694 quae-

77 1712 120 1775 vis
133 1713 164 1777 in
177 1713 324 1779 scientiis
344 1711 548 1777 considerate
567 1711 721 1795 materie)
744 1734 808 1777 non
828 1710 955 1778 aliunde
975 1734 1071 1799 quam
1089 1735 1131 1778 ex
1152 1734 1227 1777 eon·

79 1814 224 1881 venientia
247 1838 325 1881 eum
352 1813 535 1881 definitione
561 1818 629 1893 sut,
659 1835 716 1879 seu
740 1813 898 1879 Euclides
924 1836 979 1879 seu
1004 1815 1127 1901 quaeais
1153 1814 1225 1893 alia,

80 1914 159 1999 siqua
180 1916 316 2003 reperiri
341 1925 456 2003 potest,
485 1914 631 2002 legitima
659 1916 781 1981 censeri
810 1924 923 2003 potest.
968 1915 1121 1982 Rationes
1150 1926 1226 1982 sunt

81 2017 183 2083 exinde
207 2017 450 2085 absolutissime
473 2016 759 2103 formalissimeque
784 2018 933 2105 aequales,
960 2019 1020 2085 hoc
1047 2020 1116 2107 ipso
1139 2020 1226 2107 quod

81 2121 290 2206 proprietatem
307 2121 428 2187 habent
441 2142 624 2207 expressam
636 2113 678 2185 ¹in
694 2120 878 2186 definitione
893 2126 968 2187 sut:
992 2144 1089 2208 quare
1104 2144 1176 2187 eum
1190 2122 1225 2187 in

81 2218 228 2291 Euclideis
243 2224 451 2290 theorematis
466 2223 697 2289 demonstratur
711 2223 779 2289 baec
792 2224 967 2311 proprietas
982 2225 1226 2313 quibuscunque

82 2328 192 2410 quantis
212 2328 395 2407 convenire,
417 2326 514 2391 simul
533 2338 655 2393 enatat
674 2327 715 2393 iis
734 2329 892 2393 rationum
914 2329 1078 2415 aequalitas
1101 2352 1226 2417 compe·

82 2436 151 2508 tere;
168 2430 251 2497 siout
263 2429 391 2517 qnando
405 2428 445 2494 de
460 2428 564 2514 figure
578 2428 718 2515 qualibet
732 2428 910 2494 ostenditur
923 2429 1082 2495 radiorum
1097 2431 1224 2517 paritas,

81 2552 112 2593 eo
123 2532 188 2618 ipso
202 2534 438 2599 demonstratur
452 2531 541 2596 illam
555 2554 624 2597 esse
639 2531 802 2597 circulum.

137 2633 305 2701 Infirmunr
324 2634 424 2720 igitur
442 2643 475 2699 et
495 2633 619 2699 irritum
639 2642 688 2698 est
707 2632 927 2719 epiphonema,
953 2654 1016 2719 quo
1037 2654 1111 2698 suas
1133 2632 1226 2699 hasce

82 2736 187 2805 claudit
200 2739 494 2826 argumentationes
502 2762 511 2817 ;
540 2738 812 2823 Qumodowuque
829 2738 929 2823 s'ys'tur
947 2736 1007 2803 itu
1021 2737 1160 2823 definitio
1175 2760 1228 2803 ue

82 2840 203 2925 abutar
220 2843 377 2909 librorum
392 2849 421 2921 5,
439 2864 477 2905 uc
491 2850 520 2919 6,
541 2840 812 2905 demmuaute'ones
826 2838 987 2919 emittunt,
1009 2838 1160 2925 quamdiu
1174 2840 1226 2905 de·

83 2959 275 3013 inauratam
288 2970 350 3011 noa
360 2946 466 3033 fiserit
485 2968 590 3009 ouem
602 2944 762 3009 rationum
781 2941 990 3029 equalitatem
1010 2966 1080 3009 eum
1094 2948 1131 3009 ert
1145 2943 1226 3009 mul·

84 3046 225 3131 trplrbium
236 3049 434 3137 prqrrr'etute
453 3069 571 3134 semper
591 3070 654 3111 ease
677 3070 856 3111 musam.
901 3043 1006 3111 Juxta
1025 3051 1120 3133 quain
1143 3057 1224 3112 certe

84 3152 262 3218 euenum
286 3150 482 3216 vacillabunt
501 3171 610 3214 omnes
633 3149 849 3236 cujuscunque
869 3150 1008 3215 scientie
1029 3150 1223 3216 demonstra-

84 3251 180 3322 tiones.
226 3254 313 3320 Nam
337 3255 364 3319 si
388 3263 539 3341 perpetuo
565 3253 773 3319 demonstrari
799 3254 893 3319 debet
919 3254 954 3319 in
987 3254 1224 3321 definitionibus

85 3358 239 3425 attributas
258 3358 464 3447 proprietates
483 3357 567 3423 veris
587 3356 653 3422 suis
675 3358 827 3444 subjectis
852 3358 1004 3437 connecti,
1028 3357 1136 3422 nullus
1158 3378 1225 3421 om·
1268 3363 1273 3372 '

86 3457 150 3523 nino
165 3462 238 3527 finis
257 3461 318 3527 erit
339 3459 586 3539 demonstrandi,
607 3458 660 3524 vel
680 3459 806 3523 nullum
826 3460 931 3547 potius
955 3459 1157 3548 principium,
1176 3468 1226 3522 ast

86 3560 119 3625 sd
137 3562 295 3630 infinitum
316 3573 398 3631 retro
417 3572 580 3651 procurrat
598 3572 722 3649 oportet
741 3586 834 3628 omne
855 3564 1074 3629 ratiocinium:
1098 3570 1225 3649 practer-

87 3684 167 3747 quam
177 3667 263 3755 quod
272 3688 492 3755 quamcunque
506 3664 809 3753 proportionalitatis
822 3665 1035 3733 definitionem
1051 3665 1118 3755 ipse
1133 3666 1226 3732 nobis

87 3769 290 3855 aegnaverit,
306 3769 390 3835 idem
405 3768 435 3833 ei
449 3766 556 3834 verbis
571 3778 604 3832 et
618 3768 783 3833 sententiis
798 3768 911 3835 iisdem
927 3769 1077 3865 objectari
1093 3768 1222 3856 poterit3

128 4007 150 4055 t
184 4004 260 4061 suar
282 4004 513 4059 demonstratione
534 4004 606 4059 from
630 4004 677 4060 the
701 4004 763 4060 ner,
787 4004 824 4060 do
847 4008 896 4059 not
918 4020 1003 4074 prove
1027 4004 1075 4058 the
1099 4002 1224 4058 absolute

86 4087 336 4160 uumtyofratios.

130 4175 188 4231 Ans
223 4175 315 4231 'l'here
325 4175 349 4230 is
361 4191 397 4230 no
407 4173 533 4230 absolute
544 4175 666 4246 equality
676 4175 708 4231 ol
722 4176 808 4231 ratius
824 4174 953 4230 different
964 4174 1035 4227 from
1047 4172 1110 4228 that
1121 4173 1225 4243 proved

85 4252 144 4311 from
154 4260 276 4317 tbeDes.

129 4348 149 4396 5.
182 4347 278 4403 Hence
290 4346 320 4402 Τ.
331 4362 414 4415 muas
425 4346 487 4402 tuat
497 4346 547 4402 the
558 4346 788 4402 demonstratione
799 4362 846 4400 are
858 4344 990 4401 insecura.

130 4431 191 4486 bns
225 4433 273 4487 All
289 4431 521 4488 demonstratione
534 4437 609 4489 must
626 4432 662 4487 be
679 4432 805 4487 insecura
820 4432 849 4486 in
865 4432 921 4488 this
933 4450 997 4503 way,
1014 4434 1057 4487 for
1069 4449 1110 4488 we
1126 4434 1226 4487 cannot

88 4524 117 4575 8⁰
126 4512 190 4571 from
200 4516 351 4572 Definitiou
363 4520 393 4571 to
404 4516 534 4587 previous
546 4517 695 4572 Definition
708 4517 740 4571 iu
753 4516 911 4586 iutuitum.

162 4620 190 4664 n.
203 4620 238 4667 u.
483 4612 494 4635 '
618 4660 625 4669 .
1095 4604 1138 4667 45
