3167 5192
102 394 187 443 neor.
205 378 277 462 xa]
440 393 626 443 anemonas
649 392 922 442 uernunsrrcs.
1184 376 1247 439 241

97 566 183 652 eujus
201 565 242 631 sd
260 564 384 653 aliquid
403 574 496 631 antea
517 564 680 652 eognitum
702 564 783 631 ratio
805 564 945 630 numeris
966 561 1167 651 exprimitur)
1191 562 1251 629 etsi

98 670 287 737 consideratu
301 693 369 737 non
382 671 542 759 indignat,
557 670 709 758 quoniam
724 670 765 737 ad
780 670 843 737 alia
857 692 999 759 propero,
1011 671 1081 757 jam
1095 669 1249 737 transilio.

156 780 185 838 4.
223 771 413 859 Singulares
426 772 581 838 haetenus
595 772 688 859 attigi
702 780 894 860 quantorum
908 771 1058 853 notitias3
1080 782 1114 837 at
1126 782 1249 860 quarto,

98 886 200 941 notum
215 874 452 964 quodammodo
472 875 587 943 dieitur
604 864 698 943 omne
715 885 873 963 quantum
897 875 991 960 (siout
1009 888 1043 943 et
1061 874 1251 942 determina·

99 986 159 1041 turn
174 988 321 1067 utsupra
336 977 490 1062 diximus)
512 978 603 1065 eujus
622 978 802 1065 generalem
822 988 968 1045 naturam
986 990 1146 1067 uteunque
1164 1002 1251 1047 oom-

98 1080 324 1168 prehendimus,
349 1082 408 1148 etsi
434 1080 628 1167 singularem
650 1081 719 1169 ejus
741 1076 952 1167 quantitatem
977 1081 1172 1168 ignoramus,
1195 1092 1250 1149 aut

98 1204 154 1249 uon
181 1184 431 1251 consideramus.
477 1182 530 1249 Ita
560 1184 678 1250 seimus
703 1184 863 1271 quomodo
889 1207 924 1251 se
949 1183 1047 1251 habet
1071 1184 1107 1250 in
1130 1184 1250 1252 circulo

98 1286 204 1369 radius,
220 1289 255 1354 iu
269 1288 429 1377 quadrato
443 1288 538 1368 latus,
554 1289 614 1355 etsi
629 1312 702 1376 quae
717 1287 759 1355 sit
780 1288 877 1375 hujus
899 1299 956 1356 aut
977 1288 1064 1354 illius
1085 1288 1167 1355 radii
1189 1290 1250 1355 eir-

99 1389 215 1471 oularis,
238 1392 293 1458 rel
315 1392 426 1459 lateris
448 1390 625 1480 quadretiei
648 1392 820 1480 singularis
839 1392 1001 1480 quantitas
1019 1393 1177 1460 nescimus
1195 1401 1252 1458 aut

99 1494 290 1582 negligimus.
338 1494 506 1576 Quomodo
531 1496 707 1584 presertim
733 1507 810 1562 nota
839 1505 915 1563 sunt
940 1496 997 1562 illa
1022 1505 1151 1585 quanta,
1178 1518 1250 1584 quae

101 1597 222 1664 aliorum
243 1598 446 1685 generationi
467 1608 717 1688 praetemuntur
738 1607 771 1664 et
792 1598 978 1680 inserviunt,
995 1600 1135 1685 adeoque
1156 1620 1252 1686 gene-

99 1701 239 1767 rationem
261 1724 462 1789 consequens
484 1724 577 1767 omne
599 1700 820 1781 determinant,
841 1700 979 1788 indeque
999 1707 1114 1767 nanno
1134 1722 1250 1787 sugge-

101 1812 177 1870 rente
195 1826 355 1871 mensurae
376 1803 438 1869 sibi
458 1825 576 1869 munus
596 1812 749 1869 asserunt
795 1800 845 1869 Ut
865 1802 893 1869 si
914 1802 1050 1870 circulus
1071 1810 1252 1890 procreatus

101 1917 284 1993 supponatur
303 1928 348 1971 ex
368 1904 565 1971 revolutione
586 1904 676 1979 radii,
696 1903 885 1992 quadratum
907 1926 949 1971 ex
970 1904 1068 1970 ductu
1089 1903 1195 1970 lateris
1216 1904 1252 1971 in

101 2028 137 2085 se,
150 2006 199 2073 vel
212 2008 320 2096 ejusce
334 2016 427 2073 motu
441 2016 527 2073 recto
540 2004 711 2094 parallelo;
734 2006 886 2093 qnoniam
901 2005 1043 2072 omnium
1058 2005 1250 2094 reliquarum

102 2108 130 2173 in
147 2110 259 2178 circulo
279 2110 334 2177 vel
355 2109 512 2198 quadrato
532 2108 687 2175 linearum
707 2109 870 2196 quantitas
889 2120 984 2197 atque
1002 2109 1118 2198 positio
1133 2110 1251 2199 depen-

103 2212 166 2279 dent
178 2236 218 2280 ex
231 2213 315 2280 radii
331 2211 504 2299 laterisque
518 2210 705 2299 quantitate,
718 2234 755 2277 ae
769 2222 859 2279 motu
871 2212 940 2293 tali,
955 2211 1087 2301 proinde
1100 2212 1251 2301 primario

102 2324 174 2396 note,
188 2339 246 2383 nec
259 2314 433 2393 immerito,
450 2322 617 2381 censentur
633 2312 713 2393 ista;
738 2322 877 2401 suntque
894 2313 1066 2401 primitivae
1086 2313 1250 2401 generales

103 2440 253 2501 mensura,
276 2442 320 2487 ex
343 2416 578 2507 eomparatione
599 2440 672 2483 oum
693 2417 823 2505 quibus,
846 2439 918 2503 qua
940 2416 1082 2505 ipsorum
1107 2426 1252 2505 respectu

104 2520 224 2588 similem
243 2530 400 2612 perpetuo
420 2519 665 2587 determinatum
685 2520 784 2586 situm
805 2519 961 2599 obtinent,
983 2519 1123 2606 generali
1142 2540 1251 2586 eonse-

105 2636 222 2710 quenter
246 2627 344 2693 modo
372 2625 615 2713 dignoscantur3
646 2623 706 2689 hoe
730 2632 788 2704 est,
814 2623 929 2689 horum
954 2621 997 2688 ed
1021 2621 1079 2687 illa
1103 2631 1252 2689 oonsmns

106 2731 249 2818 proportio
264 2730 395 2809 sciatur,
411 2727 552 2816 adeoque
569 2727 732 2816 quantitas
749 2726 846 2793 etiam
866 2725 980 2792 horum
998 2724 1169 2813 singularis
1186 2748 1251 2792 non

106 2829 198 2913 hrot,
208 2858 249 2902 ex
263 2832 439 2924 hypothesi
452 2831 539 2919 quod
552 2831 686 2897 istorum
700 2829 873 2918 singularis
886 2829 1049 2918 quantitas
1063 2829 1250 2898 innoteseat.

109 2929 258 3022 Siquidem
277 2940 441 3025 comperta
460 2934 594 3001 duorum
613 2943 803 3022 quantorum
825 2933 1034 3021 proportione,
1053 2954 1095 2998 ex
1114 2956 1179 3000 uno
1197 2954 1251 3000 eo-

107 3042 305 3128 rumoognito
319 3038 466 3131 protinus
481 3036 614 3104 alterum
630 3046 843 3124 cognosoetur.
1244 3046 1253 3053 ’

161 3141 207 3209 De
220 3166 377 3211 mensurae
392 3139 637 3231 proprietatibus
652 3140 825 3222 haetenus3
844 3140 913 3229 jam
933 3141 1019 3229 quod
1036 3140 1069 3207 in
1089 3140 1251 3229 propositt

110 3244 241 3313 methodo
270 3244 422 3324 snooedit,
453 3244 493 3310 de
522 3241 725 3309 mensurandi
761 3242 864 3309 modis
898 3243 1034 3331 paucula
1066 3242 1249 3309 subdemus.

154 3532 246 3607 things
263 3536 295 3593 oi
309 3534 400 3592 whioh
417 3535 466 3591 the
482 3535 631 3591 uumerieai
650 3551 776 3591 measure
794 3536 820 3590 is
835 3538 885 3590 not
902 3532 1001 3587 known
1017 3546 1066 3587 sne
1084 3525 1248 3585 oonsidered

113 3615 230 3675 unove
246 3621 289 3677 ior
305 3620 412 3678 several
430 3636 557 3677 reasons:

157 3708 176 3757 l.
207 3702 263 3761 'I'he
275 3705 427 3776 judgment
444 3704 475 3760 oi
490 3720 570 3760 sense
586 3704 611 3758 is
629 3721 704 3761 more
722 3720 809 3775 reguo
826 3704 893 3760 than
910 3702 1036 3758 number.

156 3792 177 3842 2
208 3790 265 3847 'l'he
275 3790 354 3846 mind
364 3790 507 3846 eonoeires
517 3789 649 3845 numbers
661 3806 737 3845 more
749 3789 833 3859 easily
844 3788 913 3845 than
923 3785 1102 3859 impressione
1112 3784 1144 3842 oi
1153 3800 1239 3841 sem

156 3878 178 3929 a
209 3876 331 3933 Smsihie
346 3876 523 3948 impressione
540 3892 589 3933 ma
605 3876 725 3948 testing.
853 3912 857 3917 -

157 3966 178 4013 t
209 3960 867 4032 Bynumhersallthingssrereduosdtoaierr
879 3957 1228 4017 eonsentionalmassures.

160 4044 204 4102 IV.
236 4048 392 4115 Quantities
411 4064 460 4105 ma
479 4048 618 4105 reehoned
637 4048 735 4105 known
755 4048 787 4103 oi
802 4046 891 4104 whioh
909 4063 950 4103 we
970 4046 1051 4103 know
1068 4045 1119 4103 the
1137 4045 1251 4118 general

117 4132 317 4205 managu
334 4136 385 4189 not
402 4132 452 4190 the
470 4132 572 4205 specim
591 4133 725 4204 quantity.
757 4131 832 4188 'ihus
848 4147 889 4187 we
907 4130 987 4187 know
1001 4130 1051 4187 the
1068 4134 1169 4187 nature
1187 4130 1220 4186 oi
1234 4146 1253 4187 a

118 4212 514 4289 ndimoisairelaotade
529 4219 592 4275 oia
607 4215 1076 4291 squarahaandthssomethe
1091 4214 1252 4273 foundation

118 4296 181 4355 oisil
189 4302 264 4361 dher
274 4305 441 4363 emendem
451 4304 482 4361 oi
490 4304 557 4361 ruah
570 4304 679 4376 figures

162 4383 222 4441 tior
232 4388 262 4444 ot
274 4390 322 4447 the
337 4389 467 4447 methods
481 4390 513 4447 oi
525 4389 688 4461 maturina.
722 4387 866 4447 Unhnorm
878 4386 1028 4458 quentities
1044 4404 1093 4445 sre
1103 4386 1252 4459 oompsred

120 4466 175 4523 'hh
184 4469 373 4546 &museus
383 4474 482 4533 mm
493 4490 566 4534 ones
678 4523 685 4535 .

194 4575 265 4628 nrr.
1120 4562 1161 4625 31
