3167 5192
328 366 372 435 80
664 380 850 431 mmronus
872 379 1145 434 usrnsusncn.
1338 368 1438 453 [nam.
1451 384 1475 431 v.

386 552 584 620 Aristoteles
602 560 745 619 econtra
758 574 870 618 sensus
885 553 1047 641 proprium
1062 554 1173 619 statuit
1190 563 1231 621 nt
1253 576 1382 640 semper
1395 575 1477 619 verax

327 657 381 723 sit.
424 654 469 721 ‘H
491 655 551 739 μὲν
585 654 650 743 1γὰρ
671 654 834 736 αἴσθησις,
857 655 971 743 inquit,
994 657 1058 723 τῶν
1081 656 1178 738 ἰδίων,
1202 656 1257 723 αἐὶ
1281 654 1415 739 ἀληθὴς,
1434 655 1477 721 mi

329 763 433 825 πᾶσιν
455 758 596 848 ὑπάρχει
617 763 684 828 τοῖς
706 757 817 838 (dont
862 757 935 845 Ego
953 769 1060 825 tamen
1078 760 1165 847 qnod
1182 782 1300 827 sensus
1323 756 1477 845 aliquando

328 863 439 942 fallax,
460 862 522 928 hoe
537 873 595 943 est,
616 861 690 927 falsi
708 862 823 949 judieii
845 884 940 927 carue
961 862 1003 928 sit
1026 864 1070 948 (et
1091 863 1219 950 quidem
1242 862 1407 929 interdum
1427 860 1478 925 fero

328 965 512 1045 neeessaria,
529 988 566 1030 ae
579 964 787 1047 inevitabilis)
806 987 879 1031 eum
898 976 954 1031 aut
975 965 1043 1053 ipse
1057 966 1150 1047 male,
1166 976 1286 1055 prater
1301 974 1442 1031 naturam
1454 974 1479 1025 et

328 1068 479 1148 morbide,
510 1067 696 1155 disponitur,
726 1076 783 1132 ant
812 1068 935 1154 objecta
963 1068 1069 1135 minus
1096 1068 1263 1135 commode
1288 1067 1478 1141 exhibentur,

327 1195 393 1237 non
412 1192 639 1259 usquequaque
660 1169 835 1235 abnuerim.
880 1168 976 1249 Quod
989 1193 1064 1237 vero
1077 1194 1243 1259 nunqnam
1259 1182 1350 1237 nerto
1364 1186 1478 1255 seopum

327 1284 521 1361 assequatur,
536 1273 670 1352 honest,
685 1294 849 1358 nunquam
864 1294 968 1337 rerum
983 1272 1175 1360 objectarum
1191 1274 1319 1361 speeies
1335 1273 1380 1337 ita
1393 1268 1478 1335 menti

327 1387 538 1465 repraesentet,
556 1387 593 1441 ut
607 1376 663 1441 illa
677 1375 779 1441 fidem
795 1375 934 1465 ipsorum
949 1377 1138 1443 testimoniis
1153 1378 1233 1445 falso
1252 1387 1396 1464 nequeat
1404 1372 1478 1461 judi·

327 1504 408 1561 aare,
428 1479 462 1545 id
480 1503 555 1546 vero
576 1480 656 1545 serio
676 1466 856 1560 eonoedere,
880 1480 960 1545 mihi
988 1480 1035 1545 nil
1058 1482 1184 1548 videtur
1209 1481 1313 1563 aliud,
1339 1491 1376 1545 nt
1397 1474 1477 1543 modo

328 1582 407 1663 dixi,
420 1605 515 1669 qnam
530 1582 701 1648 solenniter
715 1581 857 1662 delirare,
869 1582 929 1649 sibi
943 1582 1011 1648 vim
1025 1582 1149 1665 inferre,
1161 1596 1313 1651 naturam
1327 1581 1475 1648 infamare

328 1684 445 1750 Melius
467 1684 553 1773 apud
578 1683 762 1751 Ciceronem
787 1684 916 1751 disserit
938 1684 1013 1752 ills:
1039 1686 1191 1753 &mum
1216 1688 1266 1753 ita
1289 1686 1382 1753 elata
1396 1681 1477 1769 judi·

328 1789 379 1854 eia
392 1800 421 1853 et
433 1802 519 1853 carto
539 1801 620 1867 aunt,
643 1801 678 1853 ut
697 1788 730 1853 ai
747 1789 831 1876 optio
853 1800 974 1853 natarat
996 1802 1108 1855 metrae
1129 1790 1228 1870 datur,
1247 1804 1281 1857 et
1296 1791 1338 1855 ab
1352 1794 1390 1853 ed
1402 1786 1477 1849 Dan

326 1890 446 1977 eloquii
459 1892 609 1977 requirat,
624 1903 800 1957 eontantans
821 1892 864 1955 sit
884 1892 951 1957 suta
973 1893 1103 1979 iateyrt'a
1124 1895 1379 1982 inemptisqne
1392 1886 1476 1955 sowi·

328 1992 393 2071 bue,
408 2016 452 2055 an
460 1991 595 2078 postulat
608 1993 720 2057 melius
734 1993 870 2079 aliquid,
886 2018 948 2059 noa
963 1995 1085 2061 mmm
1102 1998 1182 2082 quid
1201 2010 1327 2084 qtsoerat
1341 1991 1474 2081 amplia.

327 2094 386 2159 Est
399 2095 540 2159 mxima
553 2095 588 2160 in
599 2095 740 2159 tantan
750 2097 875 2176 veritus,
884 2098 918 2162 ai
928 2110 957 2161 et
970 2099 1045 2163 sani
1056 2111 1128 2163 sunt
1142 2112 1170 2165 et
1185 2099 1335 2179 vannus,
1344 2109 1374 2163 et
1384 2089 1475 2161 omm'ss

327 2208 526 2276 removentur,
549 2221 619 2283 quw
637 2198 756 2263 obstem
774 2212 804 2264 et
821 2200 1019 2288 impediunffi.
1064 2198 1126 2267 Oui
1145 2203 1316 2269 sententiaa
1335 2188 1473 2287 quioquid

327 2320 380 2364 ore
394 2298 568 2386 profitetur,
583 2321 676 2365 nemo
691 2322 756 2365 non
770 2301 876 2366 animo
891 2302 1090 2390 astipulatur.

393 2401 458 2469 Sed
479 2402 636 2489 quomodo
658 2403 766 2483 seiam,
789 2426 922 2490 regeres,
941 2406 1097 2493 quomodo
1111 2404 1308 2494 distringam
1324 2427 1367 2471 sn
1380 2394 1473 2466 omnis

315 2504 386 2575 rite
401 2516 619 2593 comparentur
633 2505 674 2571 ad
689 2514 773 2572 oeno
788 2506 1011 2574 sentiendum?
1042 2507 1107 2575 Aio
1112 2532 1121 2588 ;
1143 2530 1208 2574 non
1227 2520 1277 2575 est
1296 2526 1401 2597 opera
1419 2510 1472 2563 tuae

323 2607 406 2675 seire
420 2608 473 2674 vel
487 2608 698 2695 distinguere3
720 2607 822 2695 ipsius
843 2609 889 2673 rei
910 2609 1070 2675 evidentis
1089 2611 1262 2677 necessario
1277 2600 1470 2677 eonvinouis

325 2722 358 2777 et
372 2734 485 2777 manus
499 2712 574 2793 das3
597 2712 738 2799 impulsu
758 2721 879 2779 naturas
901 2713 1012 2779 volens
1033 2713 1143 2780 nolens
1159 2714 1193 2780 in
1208 2732 1398 2781 eonsensum
1415 2701 1473 2770 affl·
1545 2774 1546 2801 ζ

325 2812 436 2899 geris³.
480 2813 589 2899 Atque
614 2813 710 2893 dioes,
734 2838 754 2879 a
776 2814 922 2881 sensibus
947 2814 1107 2881 multoties
1129 2816 1286 2905 decipior,
1312 2835 1386 2882 eum
1410 2800 1470 2873 111(Ιί
1545 2806 1546 2841 ³

324 2939 417 2982 veros
431 2915 550 2981 colores
564 2917 676 2995 inesse,
691 2939 764 2982 anm
778 2940 901 2984 remum
916 2918 1044 3001 inflasti,
1066 2942 1139 2985 enm
1154 2921 1252 2987 solem
1267 2919 1471 3009 propinquum

325 3026 359 3085 et
376 3039 520 3105 parrum,
535 3039 609 3083 eum
622 3018 812 3104 quadratum
834 3020 930 3109 longe
951 3023 1098 3089 dissitum
1119 3024 1254 3091 rotunda
1275 3022 1382 3111 specie
1402 3034 1470 3105 prae·

325 3120 427 3187 ditum
451 3140 547 3185 sensu
570 3118 648 3186 dnoe
671 3122 785 3208 cogito.
831 3122 930 3205 Esto;
961 3127 1018 3191 sed
1042 3126 1154 3193 iridem
1177 3150 1338 3215 apparare,
1361 3134 1469 3190 remum

325 3244 416 3310 aquas
433 3222 587 3303 insistere,
602 3224 701 3291 solem
715 3226 861 3309 alineare,
884 3252 950 3295 rem
975 3230 1078 3317 speeie
1099 3230 1235 3296 munda
1256 3226 1404 3318 oonspiei,
1423 3218 1469 3285 111

326 3325 431 3393 solnta
450 3324 527 3391 talia
544 3338 627 3393 reete
645 3330 814 3418 pereipis⁴3
837 3332 986 3398 relativas
1007 3356 1082 3399 vero
1104 3333 1381 3401 determinationes
1402 3327 1468 3391 istas

322 3430 561 3518 magnitudinis,
578 3431 746 3509 distantiae,
761 3434 872 3521 figura
887 3435 1062 3503 disoernare
1084 3460 1121 3503 ao
1143 3436 1316 3526 dijudicare
1330 3457 1394 3503 non
1407 3448 1468 3495 1111·
1544 3506 1545 3513 χ

371 3612 382 3646 ¹
399 3612 457 3662 Lib,
470 3624 512 3662 111.
524 3612 555 3662 de
566 3613 665 3675 Animo,
678 3630 732 3679 cap.
747 3629 769 3677 3.
1049 3617 1060 3650 ¹
1076 3618 1111 3668 In
1126 3618 1232 3670 bucata

371 3694 383 3726 ⁸
400 3696 452 3744 ’ss
463 3696 511 3758 ’γάρ
523 3696 590 3745 ἐστιν
601 3696 712 3756 ἐνστῆναι
723 3696 782 3759 πρὸς
795 3695 835 3745 τὸν
846 3697 891 3758 ἔξω
902 3698 984 3760 λόγον·
996 3700 1063 3750 ἀλλὰ
1075 3700 1133 3764 πρὸς
1144 3702 1186 3752 τὸν
1197 3704 1245 3751 ἔσω
1256 3703 1331 3765 λόγον
1342 3700 1387 3752 οὒκ
1398 3694 1465 3745 del·-

321 3790 340 3826 1.
355 3778 421 3827 Post.
434 3793 489 3841 esp.
505 3790 542 3828 ιο.

371 3860 382 3891 ⁴
396 3862 430 3909 'H
442 3861 544 3922 γλῶττα
554 3860 642 3909 τούτου
652 3862 789 3922 φιλονεικεῖ,
803 3857 853 3909 κατ’
866 3862 1006 3925 Εὐριπίδην,
1021 3865 1111 3929 ὴφρὴν
1122 3868 1236 3929 οὐδαμῶς,
1250 3869 1324 3928 οὐδ’ἡ
1338 3864 1411 3933 ψυχή·

374 4205 432 4260 'l'ho
444 4222 536 4262 sensas
547 4209 627 4265 when
638 4213 727 4269 sound
738 4231 786 4271 are
797 4219 848 4273 not
859 4216 1005 4276 tmaciom.

374 4292 410 4347 So
424 4291 519 4348 Oioero
531 4310 598 4365 says,

321 4378 432 4522 ”nge
443 4394 538 4437 11111111
549 4396 612 4452 mat
622 4384 745 4455 produce
755 4389 824 4447 false
830 4390 987 4465 judgment,
999 4394 1050 4453 but
1063 4396 1118 4454 this
1130 4398 1154 4455 is
1170 4404 1219 4457 not
1236 4418 1270 4457 an
1288 4418 1366 4459 error
1381 4398 1409 4457 oi
1421 4394 1461 4451 11¹⁰
1544 4397 1545 4402 ’
