3167 5192
110 368 201 418 naor.
214 353 279 436 ru]
475 365 662 417 neruosus
683 366 825 416 ornem.
1134 348 1177 415 53

169 531 274 601 XXI.
324 531 461 599 Accedit
479 542 588 599 umen
605 531 635 598 ei
648 531 790 620 penitius
812 531 980 598 astruendo
998 530 1096 598 etiam
1119 553 1178 598 ex·

106 636 282 724 perientia;
305 641 372 723 qua
389 658 505 722 nempe
526 644 724 723 compertum
738 634 884 714 habetur,
908 633 994 721 quod
1016 633 1175 721 objectum

14 794 15 829 ,
110 739 211 824 (velut
225 741 275 825 A)
294 739 333 804 in
348 745 432 826 aqut
446 739 554 819 situm,
570 737 662 804 oculo
677 739 733 822 (0)
751 737 1053 826 perpendiculariter
1071 738 1178 804 immi-

14 836 15 865 *
106 843 205 923 nenti,
224 843 275 908 ita
298 843 425 908 distans
438 841 566 908 videtur
584 844 673 929 (puta
694 842 736 906 ad
757 844 790 907 Z
792 843 803 923 )
827 853 864 906 ut
886 841 928 905 sit
947 852 1099 928 perpetuo
1117 841 1184 906 ΑΖ

106 944 268 1030 quadrans
286 945 391 1032 ipsius
405 944 479 1023 AB,
505 943 538 1009 id
558 944 644 1030 quod
662 943 836 1009 ratiociniis
854 943 1104 1030 precedentibus
1119 967 1176 1008 ex-

14 1062 15 1065 ’
106 1048 224 1132 quisite
261 1048 422 1134 congruit.
476 1047 607 1112 Etenim
644 1071 716 1113 cum
748 1047 944 1134 experientia
972 1046 1113 1112 docuerit
1142 1045 1176 1111 in

104 1150 354 1216 refractionibus
387 1175 430 1216 ex
463 1156 547 1238 aqud
580 1151 672 1215 factis
705 1151 741 1215 in
770 1173 884 1224 aerem,
920 1151 1035 1216 Sinum
1063 1149 1180 1237 depuli

106 1255 297 1320 Incidentioe
314 1256 359 1320 od
381 1255 494 1320 Sinum
512 1255 626 1340 capuli
639 1255 786 1340 Refracti
801 1278 835 1320 se
853 1255 970 1320 habere
989 1255 1121 1335 circiter,
1139 1264 1177 1320 ut

106 1365 123 1422 3
139 1359 181 1423 ed
197 1367 238 1438 43
266 1359 331 1423 erit
344 1357 442 1443 juxta
456 1357 720 1424 constructionem
735 1358 931 1445 praemissam
946 1358 1048 1445 ipsius
1063 1358 1122 1423 ZB
1134 1357 1176 1422 ad

104 1463 171 1526 AB
194 1463 284 1528 ratio
313 1462 593 1548 subsesquitertia3
620 1484 677 1528 scu
702 1461 771 1527 haec
798 1461 840 1527 ad
865 1462 955 1527 illam
979 1471 1016 1527 ut
1038 1471 1056 1528 3
1080 1460 1122 1527 ad
1143 1470 1173 1526 4.

105 1562 213 1642 Quare
238 1565 328 1630 nihil
350 1574 418 1630 erat
440 1587 544 1630 causae
565 1587 621 1630 cur
641 1565 703 1630 hoc
723 1565 823 1631 fretus
851 1565 1067 1653 experimento
1093 1569 1306 1652 prae-1⁶·V0w·

105 1669 311 1736 clarissimus
326 1669 376 1734 vir
395 1680 553 1756 receptam
575 1669 615 1734 de
634 1669 821 1735 refractione
841 1669 1030 1734 sententiam
1048 1668 1175 1756 impug-

106 1782 206 1853 naret,
233 1783 269 1839 et
292 1772 498 1859 exploderet3
522 1781 555 1836 at
573 1772 680 1860 potius
699 1782 736 1839 ut
755 1773 786 1838 ei
807 1771 985 1859 promptius
1007 1770 1175 1851 accederet,

107 1885 161 1938 aut
191 1875 324 1940 firmius
353 1874 536 1954 adhaereret,
559 1875 697 1962 expositi
718 1874 927 1940 Phaenomeni
949 1897 1075 1940 causam
1097 1873 1176 1940 adeo

108 1977 325 2065 perspicuam,
341 1977 419 2043 adeo
433 1979 642 2043 necessariam
657 1978 859 2065 suggerenti3
882 1978 1025 2065 quinimo
1043 2001 1176 2066 perpen-

109 2077 290 2148 dicularem
301 2081 404 2168 ipsam
419 2081 516 2167 (quod
527 2081 605 2147 adeo
616 2082 711 2147 valde
721 2081 803 2162 vult,
816 2082 989 2169 acriterque
1001 2081 1174 2165 contendit)

111 2204 129 2246 e
141 2187 309 2272 superiore
320 2185 463 2250 doctrina
474 2185 693 2271 quadantenus
704 2184 846 2270 infringi,
859 2185 1088 2272 decurtarique,
1104 2185 1177 2268 (ter·

110 2286 294 2354 minatione
305 2289 417 2354 saltem
429 2287 570 2374 refringi,
582 2287 709 2353 tametsi
720 2311 785 2354 non
798 2287 884 2371 situ,)
902 2289 1024 2375 patebit
1035 2287 1076 2354 ad
1086 2287 1177 2354 iliam

110 2391 305 2459 attendenti.

176 2589 302 2658 XXII.
347 2590 495 2656 Habetur
520 2589 628 2678 itaque
654 2589 804 2656 definitus
833 2589 984 2678 imaginis
1013 2587 1103 2673 situs,
1133 2591 1175 2658 ob

109 2696 247 2760 oculum
268 2693 303 2758 in
325 2715 387 2759 axe
408 2692 607 2760 collocatum.
655 2692 805 2760 Succedit
825 2706 862 2760 ut
882 2693 968 2760 idem
990 2704 1175 2782 praestemus

110 2795 203 2862 oculi
218 2795 323 2880 gratia
336 2805 428 2860 extra
445 2795 552 2882 ipsum
569 2794 752 2883 ubicunque
771 2795 836 2862 siti.
883 2795 949 2863 Sed
970 2796 1058 2884 prius
1075 2817 1176 2861 unum

110 2909 161 2965 est
177 2897 267 2986 quod
281 2907 458 2985 opportune
473 2920 665 2979 moneamus,
681 2909 775 2964 antea
789 2901 1049 2984 praetermissum
1066 2899 1177 2966 eedem

113 3003 240 3069 scilicet
263 3007 359 3089 opere
384 3000 489 3089 quoad
507 3001 613 3068 radios
637 3015 862 3090 convergentes
889 3004 986 3070 simul
1011 3027 1048 3070 ac
1074 3004 1178 3071 diver·

115 3118 230 3190 gentes
244 3104 356 3172 confici
372 3107 547 3190 negotium.
591 3106 697 3172 Enmt
711 3109 797 3174 enim
812 3106 854 3173 ad
869 3118 1023 3197 punctum
1041 3108 1178 3196 quodvis

118 3209 191 3292 (ceu
205 3210 251 3293 A)
279 3209 479 3275 tendentium
503 3209 663 3276 radiorum
686 3211 812 3278 refracti
836 3234 963 3299 prorsus
985 3212 1082 3278 iidem
1105 3234 1177 3278 cum

116 3311 196 3392 illis,
212 3312 268 3400 qui
282 3314 521 3399 divergentibus
540 3315 582 3379 ab
596 3315 628 3378 A
643 3315 844 3393 convenient,
860 3316 955 3380 modo
970 3315 1091 3380 caeteris
1110 3338 1178 3380 ma·

116 3417 269 3482 uentibus
283 3416 459 3496 invariatis,
483 3415 687 3501 (refringente
705 3416 827 3482 scilicet
841 3427 873 3481 et
887 3426 1005 3504 puncto
1023 3418 1056 3482 A
1071 3418 1179 3504 desig-

117 3527 230 3582 natum
245 3518 342 3583 situm
362 3517 596 3598 retinentibus)
617 3517 722 3582 media
740 3516 957 3602 concipiantur
976 3518 1177 3604 transposita.

118 3617 291 3701 Nimirum,
322 3621 463 3708 exempli
492 3625 597 3700 causei,
624 3620 652 3684 si
675 3620 749 3685 NK
766 3620 809 3684 sit
834 3620 986 3686 refractus
1008 3621 1089 3686 redii
1114 3623 1185 3688 BN

119 3746 230 3792 versus
244 3726 277 3789 A
293 3724 453 3791 tendentis
467 3747 485 3790 e
499 3745 569 3788 raro
591 3723 626 3788 in
645 3722 778 3788 densum
784 3747 792 3803 ;
816 3723 875 3788 erit
897 3722 1008 3789 itidem
1026 3725 1101 3790 NH
1116 3725 1178 3814 ipsi

119 3827 193 3892 ΚΝ
217 3828 251 3892 in
280 3827 434 3892 directum
459 3825 582 3912 positus
605 3825 686 3891 radii
712 3825 820 3906 ANB,
848 3847 959 3891 eraro
987 3826 1023 3891 in
1045 3824 1177 3893 densum
1190 3851 1246 3918 lug.
1259 3863 1300 3915 ⁴⁷·

123 3933 206 4017 (quse
227 3953 342 4017 nempe
360 3929 519 4017 prioribus
533 3929 731 4015 homogenea
746 3928 823 4012 sint)
843 3928 1041 4017 procedentis
1062 3930 1177 3996 refrac-

118 4044 180 4099 tus.
226 4033 340 4118 Itaque
355 4055 427 4119 quae
446 4032 485 4097 de
511 4031 608 4096 radiis
630 4031 868 4117 divergentibus
891 4040 1016 4096 ostensa
1037 4041 1121 4113 sunt,
1140 4055 1178 4098 ea

120 4135 396 4222 convergentibus,
419 4133 564 4199 adhibito
581 4135 669 4220 justo
692 4133 914 4213 moderamine,
938 4133 1056 4221 pariter
1080 4135 1177 4224 adep

118 4241 180 4306 tari
194 4250 346 4328 possunt;
368 4239 404 4304 in
422 4237 536 4304 horum
559 4237 666 4303 locum
689 4235 888 4322 divergentes
908 4239 1080 4325 respective
1103 4263 1178 4306 oon·

119 4366 215 4431 grues
230 4341 442 4429 subrogando.
488 4340 593 4420 Quare
607 4338 726 4405 nedum
744 4339 778 4404 in
799 4340 860 4420 hoc
877 4361 963 4422 casu,
979 4341 1036 4408 sed
1055 4342 1090 4408 in
1110 4365 1179 4410 orn-

118 4449 214 4516 nibus
237 4447 293 4536 qui
316 4454 496 4533 sequentur,
524 4443 563 4510 de
591 4442 690 4509 radiis
712 4442 910 4512 solummodo
940 4444 1178 4534 divergcntibue
