3167 5192
112 380 197 433 tren
210 365 315 453 ms]
431 384 619 436 merrorm
639 384 914 438 aerumnose.
1195 370 1258 438 ³51

110 576 213 621 nomen
225 552 338 621 merito
352 554 547 623 censendum
560 564 611 622 est
623 554 665 621 iis
679 553 829 622 omuibus
844 563 876 622 et
890 552 968 621 solis
982 576 1165 642 congruere.
1210 553 1260 623 Ut
1399 572 1403 583 ·

108 656 184 723 euim
202 656 410 725 scientiarum
429 657 593 746 magistris
611 656 667 745 jus
688 656 732 724 sit
752 657 914 746 imponere
939 656 1080 739 nomina,
1107 654 1258 745 discipuli

105 768 259 827 oeneautur
270 783 311 829 es
327 762 478 852 recipere,
494 761 675 851 jutissima
693 782 880 849 summeque
897 760 1075 829 recesserit
1090 757 1164 847 lege
1185 781 1259 827 sau·

106 863 195 929 citum
208 874 265 932 eet

161 965 300 1033 Unicum
311 976 375 1049 est,
386 967 473 1055 quod
482 966 679 1035 definitionis
693 974 802 1033 auctor
816 965 979 1033 ostendere
989 973 1123 1047 tenetur,
1138 965 1259 1049 (exem-

103 1068 158 1155 plis
173 1069 292 1137 scilicet
309 1070 356 1137 sd
370 1092 499 1138 sensum
513 1070 618 1152 claris,
636 1079 693 1137 ent
711 1092 768 1159 per
786 1068 966 1137 evidentem
986 1068 1188 1152 discursum)
1209 1076 1259 1133 et-

103 1169 249 1238 tnbutum
270 1170 472 1239 definitionis
492 1171 689 1262 impossibile
716 1170 810 1255 nihil,
841 1180 897 1238 sut
919 1192 1005 1237 mere
1033 1168 1258 1258 imaginarium

102 1274 266 1363 complecti,
280 1274 344 1343 sed
356 1281 469 1343 revcrt
480 1298 575 1363 posse
587 1297 639 1342 res
652 1274 790 1342 existere
803 1273 993 1363 proprietate
1007 1296 1064 1341 seu
1079 1272 1260 1341 conditione

102 1377 255 1465 supposita
267 1377 435 1465 praeditas.
479 1376 530 1445 Ut
542 1377 600 1465 qui
614 1376 767 1443 circulum
782 1378 926 1445 definite
940 1376 1100 1445 radiorum
1114 1376 1258 1466 peritate,

106 1479 181 1560 (utor
192 1478 281 1547 euim
294 1478 439 1547 libenter
452 1488 485 1548 et
498 1479 644 1547 consulto
657 1478 819 1546 fseilhmis
833 1466 866 1547 et
879 1477 1136 1545 familiarissimis
1150 1501 1262 1546 exem·

103 1579 179 1667 plis)
198 1580 285 1649 nihil
298 1582 395 1650 aliud
408 1581 624 1650 demensum
642 1589 777 1662 tenetm,
796 1602 893 1669 quam
913 1602 979 1647 non
992 1601 1168 1667 repugnare
1181 1579 1261 1647 tales

102 1682 212 1769 figuras
233 1685 389 1767 existere,
412 1684 530 1773 quibus
550 1684 614 1752 iste
634 1684 803 1753 conveniat
823 1683 1008 1773 proprietas
1052 1681 1094 1748 Id
1113 1681 1199 1769 quod
1219 1704 1262 1751 ex

104 1784 234 1873 ipsarum
263 1788 485 1875 generatione,
513 1810 571 1877 per
598 1797 693 1856 rectae
720 1788 815 1856 linere
839 1785 1089 1855 circumductum
1114 1793 1172 1852 aut
1197 1783 1261 1853 elio

106 1898 198 1975 petto,
211 1902 323 1979 potest
338 1892 504 1961 ostendere
516 1891 701 1959 clarissime.

162 1993 214 2061 Ita
231 2018 309 2063 cum
329 1994 481 2085 perlecile
497 1996 725 2085 perspicueque
743 1994 871 2085 probari
891 1994 1003 2084 possit,
1025 1994 1121 2085 idque
1141 1990 1261 2083 passim

107 2108 264 2182 prestetur
277 2100 325 2167 ab
340 2097 488 2180 Euclide,
508 2099 692 2185 ubicunque
708 2098 926 2166 definitionem
945 2098 1030 2165 hanc
1043 2096 1181 2187 applicet
1193 2118 1262 2163 ma·

108 2197 184 2267 teris
197 2201 304 2269 cuivis
319 2199 549 2283 determinatae,
570 2200 640 2267 dari
659 2210 788 2287 quanta,
810 2200 927 2287 quibus
946 2202 1116 2267 conveniat
1129 2198 1262 2287 hujusce

108 2298 301 2372 definitionis
314 2302 513 2393 hypothesis,
531 2301 617 2369 nihil
635 2300 773 2390 emplius
791 2312 841 2369 est
854 2301 1058 2388 exigendum,
1080 2302 1173 2388 eique
1186 2298 1263 2369 licet

108 2405 217 2491 optimo
226 2408 318 2497 jure,
333 2411 463 2496 quentis
476 2406 518 2474 iis
536 2404 686 2474 omuibus
704 2414 738 2473 et
751 2404 829 2472 solis
845 2402 1128 2492 proportionalium
1146 2424 1263 2469 nomen

168 2611 261 2693 Quos
284 2613 395 2681 subdit
408 2622 515 2681 autem
529 2612 614 2679 hanc
631 2609 858 2699 proprietatem
876 2607 1164 2698 proportionalibus
1184 2606 1265 2675 scci-

112 2710 186 2797 dere,
204 2740 281 2787 esse
293 2717 457 2784 theorema
476 2716 609 2783 minime
626 2713 779 2801 vulgare:
801 2711 977 2802 respondeo
996 2720 1142 2800 repetens
1162 2731 1180 2776 e
1195 2709 1264 2797 jam

112 2814 179 2883 olim
200 2820 370 2911 expositis,
397 2819 484 2909 quod
506 2818 680 2887 secuudum
705 2838 773 2883 rem
798 2816 902 2904 ipsam
924 2814 1027 2882 omnis
1049 2812 1192 2883 delinitio
1217 2824 1265 2881 est

113 2916 286 3006 theorema3
308 2923 482 3014 propositio
496 2922 619 2989 scilicet
632 2920 891 2989 demonstrabilis
905 2942 947 2985 ex
965 2918 1038 2985 aliis
1058 2916 1193 3006 subjecti
1209 2917 1265 2985 de·

115 3019 315 3108 finitionibus,
336 3034 393 3092 aut
409 3047 451 3091 ex
471 3024 544 3091 aliis
563 3023 731 3113 reciprocis
751 3022 973 3090 affecfionibus
994 3020 1082 3111 prius
1104 3020 1265 3088 attributis

116 3128 261 3217 subjecte.
304 3128 419 3217 Neque
441 3150 507 3195 non
526 3127 679 3209 vicisnm,
702 3125 789 3214 quod
812 3148 906 3193 omns
927 3125 1088 3193 theorema
1108 3123 1210 3213 possit
1230 3122 1265 3189 in

117 3226 325 3302 definitionem
339 3230 513 3323 compingi,
527 3228 624 3298 modo
637 3231 755 3320 poterit
767 3227 915 3317 exemplo
929 3228 1096 3317 perspicuo
1111 3234 1265 3306 constare,

118 3336 193 3417 qmd
205 3335 395 3427 possibilem
408 3333 545 3401 includit
558 3331 764 3422 hypothesin.
809 3332 914 3412 Quare
934 3330 1020 3419 quod
1039 3352 1081 3397 ex
1102 3328 1173 3397 aliis
1192 3349 1267 3417 pre·

118 3439 334 3519 portionalium
348 3436 589 3506 definitionibus
603 3436 712 3502 inferri
726 3434 828 3523 possit
840 3435 910 3503 haec
923 3433 1110 3524 proprietas,
1125 3440 1158 3499 et
1172 3452 1214 3497 ex
1228 3434 1268 3499 ee

119 3534 270 3610 theorema
282 3538 445 3621 constitui,
458 3537 544 3605 nihil
558 3537 627 3627 ejus
647 3536 769 3604 adhoc
787 3536 958 3625 capacitati
977 3535 1111 3623 deroget
1131 3540 1187 3601 ant
1207 3530 1268 3596 im·

119 3644 281 3735 petitque
295 3644 403 3711 minus
416 3642 596 3730 legitimam
609 3638 807 3728 ingrediatur
820 3638 1050 3707 definitionem:
1067 3636 1151 3705 sicut
1164 3656 1268 3723 neque

120 3748 323 3829 permutatim,
344 3744 422 3833 quia
438 3743 550 3833 possit,
570 3752 723 3833 utsupra
741 3754 915 3824 ostensum,
938 3764 981 3811 ex
1001 3740 1063 3807 hec
1076 3738 1269 3809 definitione

122 3845 222 3919 deduci
235 3849 422 3940 proprietas,
442 3870 462 3916 e
475 3851 541 3935 qut
554 3844 736 3935 Tscquetue
755 3846 825 3936 ipse
838 3844 931 3912 mslit
944 3841 1270 3935 proportionalitatem

122 3948 250 4038 definire,
281 3953 422 4042 adeoque
451 3949 538 4041 quod
563 3950 632 4038 ejus
658 3949 804 4017 definitio
828 3947 1032 4016 theorematis
1056 3945 1208 4013 indutum
1231 3944 1270 4011 fit

121 4052 254 4141 formam,
264 4057 426 4125 ullatenus
440 4054 475 4121 id
489 4052 596 4135 officit,
610 4075 652 4119 ne
665 4051 735 4141 ejus
749 4050 894 4120 definitio
908 4051 1008 4142 probe
1022 4048 1142 4119 censeri
1157 4046 1270 4117 debeat

122 4166 206 4250 ttque
218 4159 377 4249 legitima,
392 4155 541 4248 quamvis
555 4155 620 4222 slis
634 4154 741 4223 forsan
755 4154 904 4223 officient.

166 4438 223 4495 'l'be
241 4438 306 4509 only
325 4438 462 4511 requisito
480 4438 545 4497 ota
563 4438 708 4496 definitior
726 4440 759 4511 is,
779 4438 844 4498 that
861 4438 886 4499 it
903 4438 940 4496 be
958 4437 1088 4513 possible.

168 4524 265 4582 Rueltd
280 4541 382 4597 proves
400 4524 459 4583 this
479 4525 510 4581 in
528 4541 611 4597 every
629 4525 761 4583 instance.

172 4611 260 4685 lissey
277 4612 423 4671 definitior
440 4610 467 4667 is
483 4627 502 4668 a
519 4611 644 4669 theorem
661 4612 734 4670 bom
751 4612 834 4670 other
852 4610 1019 4670 delinitione.
