3167 5192
101 365 186 413 usur.
202 348 284 435 xre]
433 368 618 420 neruosas
640 369 914 421 usruansmcm.
1188 358 1251 425 189

98 558 169 601 num
183 535 364 602 consulenti
378 537 575 604 manifestius
589 538 766 626 apparebit.
811 538 897 604 Nam
916 561 993 626 ug.
1008 540 1145 627 siquem
1166 564 1250 607 mor·

98 640 202 705 talium
231 641 302 725 (seu
330 638 573 728 Philosophum,
600 663 657 706 seu
682 664 700 708 e
725 641 825 728 vulgo
848 643 1043 731 quempiam)
1072 644 1250 711 sciscitetur

97 742 205 829 aliquis
228 742 310 829 quid
336 742 507 829 intelligat,
532 766 632 831 quum
658 744 737 811 dicit
761 746 882 833 aequari
903 746 968 811 duo
990 756 1141 835 tempora,
1165 748 1249 814 nihil

96 845 249 926 haedtans,
265 846 392 933 opinor,
413 847 521 912 statim
541 846 753 935 respondebit,
777 847 956 935 intelligere
975 850 1092 915 seduc
1113 851 1250 938 aqualia

96 948 190 1035 spatia
203 949 246 1015 ab
260 949 378 1015 eodem
396 949 595 1016 uniformiter
613 951 680 1017 lato
699 950 812 1017 mobili
835 952 960 1037 (saltem
975 976 995 1018 a
1008 952 1143 1019 diversis
1158 961 1250 1042 aequb

96 1051 254 1117 velocitate
277 1052 368 1137 latis)
391 1053 520 1141 peragi3
560 1052 667 1121 Solem
690 1076 806 1141 nempe
827 1077 894 1120 sure
915 1056 1038 1121 diurnae
1060 1058 1112 1122 vel
1133 1080 1249 1125 annuas

95 1155 294 1223 revolutionis
324 1158 464 1245 aequales
492 1169 599 1246 partes
628 1159 814 1226 absolvisse.
853 1158 891 1227 si
912 1160 990 1249 quid
1013 1161 1172 1249 significet
1193 1188 1249 1252 per

96 1256 218 1324 duorum
238 1260 421 1349 ponderum
440 1261 673 1348 aequalitatem3
705 1262 790 1349 quod
809 1274 962 1345 extrema,
977 1264 1071 1339 dicet,
1086 1266 1137 1331 ris
1151 1265 1249 1355 hujus

96 1361 344 1448 magnitudinem
374 1363 515 1451 aliquam
544 1364 667 1431 elevare
695 1364 749 1430 vel
780 1366 935 1432 sustinere
969 1378 1065 1453 queat
1094 1369 1249 1456 aequalem

98 1466 242 1552 (ejusdem
258 1467 392 1555 speciei)
410 1467 635 1555 magnitudini,
651 1491 747 1556 quam
762 1478 906 1534 extrema
915 1469 966 1534 vis
981 1471 1110 1536 alterius
1125 1472 1249 1540 elevare

96 1572 201 1654 poterit
221 1583 279 1637 aut
301 1572 477 1651 sustinere;
503 1595 562 1639 nco
582 1572 675 1637 aliter
696 1571 736 1637 de
758 1583 903 1637 motuum
925 1595 962 1638 ac
979 1573 1193 1650 velocitetnm,
1216 1587 1249 1643 et

96 1672 227 1754 aliorum,
239 1698 444 1761 quaecuuque
455 1684 539 1755 sunt,
552 1685 743 1762 quantorum
755 1676 937 1761 aequalitate
947 1678 1083 1743 consulti
1098 1687 1247 1761 statuent,

97 1773 225 1861 aliquam
255 1798 387 1864 semper
414 1776 668 1863 magnitudinem
697 1778 895 1863 quarundam
925 1779 1139 1866 aequalitatem
1171 1781 1249 1847 alle-

97 1877 199 1960 gando,
212 1879 305 1967 cujus
320 1889 466 1966 respectu
480 1878 566 1945 dicta
576 1890 697 1967 quante
707 1880 940 1947 constituantur
954 1906 991 1948 ac
1002 1882 1249 1951 denominantur

100 1980 231 2067 aqualia.
279 1981 415 2049 Scilicet
435 2006 455 2046 a
472 1982 704 2069 magnitudinis
725 1982 907 2071 aequalitate
924 1986 1118 2073 reliquorum
1142 2010 1248 2075 aequa·

100 2081 208 2149 litatem
228 2084 289 2150 vix
315 2094 423 2151 mente
445 2084 614 2172 quisquam
640 2106 800 2152 secernere
822 2095 936 2174 potest,
961 2097 1018 2153 aut
1039 2090 1167 2176 penitus
1190 2091 1249 2156 ab·

101 2186 243 2270 shahere3
273 2188 339 2254 vix
357 2187 416 2253 illa
440 2188 564 2253 seclusa
586 2187 673 2275 quod
695 2188 760 2254 sint
782 2190 917 2276 aequalia
938 2190 1173 2279 deprehendere
1194 2195 1247 2261 vel

100 2308 273 2373 agnoscere3
298 2290 461 2378 quomodo
478 2291 544 2357 sint
564 2290 699 2377 aequalia
709 2302 825 2358 menta
838 2293 986 2380 cogitare,
1002 2295 1056 2360 rel
1069 2295 1176 2361 verbis
1191 2320 1249 2363 ex·

101 2392 239 2476 primerc3
263 2394 348 2481 quid
364 2394 435 2482 ipsa
451 2393 555 2460 denuo
573 2394 614 2459 sit
629 2394 796 2481 aequalitas
810 2394 959 2462 distincte
973 2398 1136 2486 concipere
1149 2398 1246 2466 valet.

102 2494 184 2564 Illam
197 2501 299 2588 igitur
315 2524 390 2567 cum
405 2500 469 2566 alia
482 2500 604 2588 quaevis
620 2500 785 2587 equalitas
800 2501 914 2568 intime
928 2512 1077 2569 eounotct
1095 2515 1128 2570 et
1144 2505 1249 2571 invol-

101 2611 148 2664 vet
163 2614 197 2667 ut
215 2608 334 2670 natura
352 2604 487 2691 priorem
507 2612 540 2668 et
557 2602 619 2668 sibi
634 2612 842 2691 praestructum,
858 2604 1107 2687 constitutivam,
1123 2615 1157 2671 et
1171 2605 1249 2673 defi·

101 2702 221 2771 nitivam
241 2709 314 2787 sui3
338 2730 403 2774 non
424 2706 523 2793 igitur
544 2706 608 2773 nisi
629 2708 736 2773 minus
758 2707 976 2795 principahter
996 2717 1029 2774 et
1050 2708 1245 2792 secundario,

101 2803 300 2893 dependenter
327 2819 360 2877 et
387 2810 595 2890 consecutive,
622 2809 798 2876 derivative
823 2820 855 2876 et
880 2832 937 2897 per
961 2810 1245 2899 participationem,

103 2909 173 2974 rard
187 2912 308 3001 σχέσιν
322 2922 378 2978 aut
392 2909 462 2979 κατ’
478 2910 664 2995 ἀναλογίαν,
677 2911 813 2998 aequalia
827 2922 902 2978 sunt
916 2912 980 2977 alia
994 2924 1123 3000 quanta.
1148 2913 1247 2982 Unde

102 3030 156 3095 quo
175 3013 212 3080 dc
233 3015 430 3103 reliquorum
449 3014 629 3101 equalitate
649 3013 763 3080 clarior
782 3014 990 3102 apprehensio
1011 3016 1063 3097 sit,
1079 3026 1111 3083 et
1131 3018 1247 3085 certius

102 3110 149 3178 fiat
170 3117 341 3203 judicium,
363 3118 622 3205 magnitudinum
648 3117 813 3205 equalitas
836 3118 914 3206 quid
936 3120 1104 3206 significet,
1126 3121 1162 3187 in
1183 3144 1246 3209 quo

103 3218 248 3301 musistat
270 3220 497 3310 praecognosci,
520 3221 732 3309 distincteque
753 3221 988 3309 comprehendi,
1012 3221 1153 3310 adeoque
1173 3226 1246 3311 jure

103 3322 201 3388 merito
214 3346 271 3412 per
286 3324 424 3412 seprius
439 3323 683 3391 definiridebet.
728 3323 768 3389 Id
787 3323 873 3412 quod
893 3324 1031 3390 secundo
1050 3326 1246 3413 suscepimus

103 3422 315 3509 explicandum
330 3437 363 3493 st
377 3426 616 3493 ostendendum.

157 3524 274 3597 Verum
295 3553 396 3619 porro,
419 3529 520 3611 tertio,
541 3530 670 3617 quantis
690 3530 786 3595 etiam
807 3530 880 3596 aliis
902 3528 1144 3616 quibuscunque
1166 3553 1247 3618 quo·

105 3628 256 3705 hmmodo
273 3638 423 3704 convenit
437 3636 615 3726 ἔφάρμοσνς
630 3648 747 3717 nostra,
763 3647 858 3726 prout
871 3638 1001 3725 inquam
1018 3636 1079 3719 (uti
1089 3638 1158 3725 jam
1172 3647 1247 3704 ante

106 3734 170 3803 satis
184 3738 389 3826 declaratum)
406 3741 514 3830 aliquo
531 3740 626 3807 modo
645 3742 863 3822 terminantur,
880 3740 1104 3820 extenduntur,
1120 3762 1248 3829 compo-

106 3850 218 3923 nuntur,
234 3843 431 3924 dividuntur,
446 3854 678 3925 mensurantur,
694 3844 774 3910 alias
788 3844 1047 3932 magnitudinum
1064 3844 1246 3911 affectiones

108 3938 272 4025 admittunt,
288 3967 346 4010 suo
360 3945 464 4027 modo,
481 3946 527 4012 sio
541 3956 573 4013 et
586 3946 695 4034 aliquo
712 3947 807 4012 modo
825 3946 1064 4034 congruentiam
1081 3946 1246 4014 vindicant

108 4038 159 4106 sibi
174 4044 341 4130 (mediante
355 4049 528 4134 praesertim
543 4048 802 4135 magnitudinum
816 4050 933 4137 quihus
955 4050 1073 4130 insunt,
1097 4072 1176 4138 quas
1196 4074 1246 4118 re·

109 4144 239 4231 spiciunt,
251 4151 485 4237 congruentit);
499 4151 694 4239 concipiatur
704 4152 799 4233 enim,
812 4153 951 4241 exempli
962 4158 1066 4235 causa,
1077 4153 1200 4220 duabus
1210 4154 1245 4219 in

109 4246 187 4313 ruetis
200 4251 299 4334 lineis,
313 4252 365 4319 vel
380 4254 413 4318 in
428 4254 553 4321 duabus
568 4255 737 4343 aequalium
753 4256 940 4323 cuculorum
954 4257 1140 4346 peripheriis
1154 4262 1246 4344 aequa

154 4456 195 4532 (a)
228 4463 404 4535 expansa.
438 4467 529 4525 ruma
546 4484 608 4539 may
625 4469 763 4537 cineae
902 4449 905 4454 ’
