3167 5192
360 379 425 445 sta
697 391 884 444 caenosus
906 393 1178 444 uarunnnrton.
1290 375 1395 461 [sacr.
1409 392 1501 440 xxm.

360 557 567 639 comminisci,
597 581 669 645 qum
697 558 894 644 temporibus
923 557 1037 624 iisdem
1063 557 1199 645 aequalia
1225 565 1359 645 patrans
1386 555 1503 622 facinora

360 663 498 730 rationes
512 662 591 726 istas
605 660 793 727 determinet
808 683 983 749 corporum,
996 671 1028 728 et
1037 661 1225 749 ponderum,
1237 661 1294 727 vel
1305 659 1504 726 numerorum?

361 765 433 832 Imo
447 788 520 830 cum
535 763 699 830 ostendere
714 762 809 849 cupio
825 763 888 829 duo
907 773 1049 851 tempora
1068 763 1193 830 duobus
1215 762 1334 851 spatiis
1352 763 1504 851 proport'o·

361 871 447 936 nalia
467 870 543 949 fore,
568 891 715 956 quaenam
734 890 830 933 causa
849 870 1045 957 temporibus
1065 869 1246 956 aequalibus
1270 867 1407 955 equata
1424 866 1504 932 confi·

360 975 448 1041 ciens
476 975 536 1040 has
565 995 705 1060 unquam
735 973 960 1040 determinabit
988 975 1150 1040 rationes?
1180 997 1263 1040 num
1293 971 1502 1061 propositorum

363 1091 540 1167 temporum
560 1079 641 1143 ratio
662 1077 925 1144 determinabitur
946 1080 987 1145 ab
1009 1078 1089 1166 ipsis
1109 1077 1196 1144 hisce
1219 1077 1276 1144 vel
1295 1077 1340 1142 ab
1357 1075 1425 1140 aliis
1441 1084 1503 1138 tem·

362 1182 517 1270 poribus?
561 1179 626 1247 Sed
640 1178 801 1244 andabata
815 1202 895 1262 sum,
912 1181 991 1248 etin
1007 1182 1139 1247 obscuro
1155 1203 1255 1267 specu
1270 1179 1397 1244 dimico.

428 1281 522 1362 Quod
542 1282 583 1347 ad
600 1280 795 1347 definitionis
815 1283 1060 1369 applicationem
1083 1291 1215 1369 spectat,
1238 1303 1301 1346 nec
1323 1281 1358 1345 in
1379 1285 1416 1344 et
1433 1277 1504 1362 quic·

363 1407 459 1472 quam
474 1395 566 1450 extra
579 1407 682 1450 merae
695 1386 852 1466 tenebras,
872 1385 1080 1464 confusiones,
1097 1367 1342 1471 discrepantias,
1357 1377 1501 1468 comperis

366 1487 475 1554 Prima
489 1510 583 1576 super
596 1487 658 1555 hac
670 1489 747 1554 base
761 1487 894 1554 fundata
908 1488 1080 1576 propositio
1096 1487 1142 1554 sic
1156 1486 1277 1554 habet:

785 1616 806 1658 a
857 1617 877 1659 a
926 1615 945 1659 c
1045 1617 1067 1660 n

781 1669 1092 2160 ἶ

433 2232 506 2298 diat
524 2257 545 2297 a
556 2246 674 2321 puncto
695 2231 728 2298 A
747 2245 828 2298 moto
844 2230 1044 2318 oobbrmiter
1061 2231 1225 2320 desciptae
1247 2233 1320 2299 dum
1341 2231 1422 2297 lineo
1437 2223 1496 2301 AD,

365 2332 450 2414 AG;
474 2347 581 2400 carum
594 2349 705 2423 portes
724 2359 829 2401 omncs
853 2345 1110 2420 contemporanea
1132 2349 1223 2401 erunt
1246 2337 1329 2401 bime
1349 2333 1424 2399 tint
1436 2351 1495 2418 pra

356 2438 546 2526 portionale
555 2465 568 2505 .·
590 2441 644 2505 lroc
658 2451 709 2519 est,
725 2441 758 2505 ci
769 2435 844 2517 AB,
860 2435 932 2516 ΑΕ,
953 2448 981 2500 ct
995 2435 1065 2517 AO,
1082 2437 1154 2520 AF,
1176 2437 1391 2505 deserebantur
1408 2431 1495 2498 iridem

367 2543 561 2630 temporibus,
585 2554 674 2608 crunt
697 2540 770 2620 AB,
799 2537 860 2604 AO
886 2539 966 2626 iocis
990 2537 1064 2618 ΑΕ,
1089 2538 1151 2604 AF
1170 2537 1425 2630 proportionales.
1462 2527 1491 2594 Id

367 2644 452 2731 quod
472 2669 513 2710 ex
536 2645 597 2711 hac
617 2643 800 2710 definitione
824 2639 1028 2726 (succinctius
1045 2649 1077 2706 et
1098 2639 1213 2708 clarius
1231 2645 1303 2731 ejus
1323 2633 1493 2706 ratiocinium

366 2749 558 2834 exhibendo)
577 2749 622 2814 sic
638 2748 751 2814 infert:
775 2745 933 2826 Quoniam
952 2743 1104 2812 velocitas
1124 2747 1158 2811 in
1173 2749 1251 2829 AD,
1270 2749 1312 2814 ob
1327 2737 1492 2811 andernia-

367 2860 431 2914 tem
446 2863 559 2930 motus,
576 2861 624 2917 est
639 2873 761 2938 semper
775 2847 895 2926 eadem,
911 2846 990 2912 ratio
1006 2851 1063 2913 τοῦ
1077 2850 1144 2914 AB
1156 2849 1197 2915 ad
1211 2853 1284 2920 Ao
1299 2843 1493 2917 determinatur
1537 2923 1538 2930 ἵ

367 2974 409 3016 ex
429 2953 497 3017 sola
512 2965 687 3040 temporum
707 2949 893 3017 differentia
938 2947 1090 3015 Necnon
1110 2975 1151 3016 ex
1173 2954 1241 3041 pari
1267 2958 1360 3020 eausa
1379 2949 1490 3035 ipsorum

365 3053 440 3134 ΑΕ,
463 3055 532 3118 AF
546 3055 626 3119 ratio
648 3053 875 3119 determinatur
896 3073 938 3116 ex
960 3051 1138 3117 differentia
1164 3065 1353 3144 temporum.
1393 3045 1491 3114 Eadem

366 3179 440 3222 vero
460 3168 600 3244 tempora
622 3167 697 3221 sunt
716 3156 792 3221 hine
811 3155 895 3234 inde,
916 3164 948 3220 et
966 3155 1075 3221 eadem
1090 3157 1222 3244 proinde
1237 3169 1407 3247 temporum
1420 3145 1490 3213 diffe-

365 3261 475 3327 rentia.
520 3259 607 3346 Ergo
622 3258 732 3324 eadem
747 3282 842 3323 eausa
858 3257 1070 3324 determinans
1090 3259 1148 3326 has
1168 3263 1307 3329 rationes
1326 3257 1489 3342 assignatur?

369 3360 677 3448 (hactenusaliquid
700 3383 866 3448 aeseqn0r3
893 3369 927 3424 at
949 3381 1041 3446 porro
1065 3363 1206 3448 subjicit)
1231 3387 1326 3432 causa
1346 3379 1411 3426 vero
1433 3369 1487 3438 quae

365 3468 517 3533 rationem
546 3467 710 3553 utriusque
739 3465 785 3530 sic
815 3463 1013 3541 determinat,
1044 3467 1181 3553 aequalia
1205 3469 1301 3536 efficit
1326 3455 1487 3549 temporibc

367 3570 560 3656 aequalibns;
588 3580 636 3634 est
659 3568 744 3632 enim
766 3575 870 3631 motus
893 3565 1057 3631 uniformis
1086 3569 1150 3652 (hic
1171 3571 1290 3658 incipio
1312 3563 1446 3636 mortim
1462 3561 1485 3616 ⁰¹
1535 3621 1536 3666 ἦ

366 3674 536 3760 cespitare3
556 3673 645 3761 prius
664 3693 721 3758 pro
742 3675 835 3734 causa
851 3669 1079 3736 determinante
1100 3681 1276 3759 temporum
1298 3665 1487 3755 assignflbtffl

366 3773 560 3854 differentia3
580 3775 648 3861 jam
667 3793 753 3851 vero,
774 3770 922 3857 quoniam
943 3771 1097 3836 absonum
1120 3773 1287 3842 videbatur
1308 3763 1484 3841 differentiam

364 3888 541 3966 temporum
565 3875 700 3964 aequalia
718 3873 820 3939 facere
839 3874 1034 3961 temporibus
1054 3877 1228 3963 aequalibus
1248 3881 1312 3946 alia
1324 3893 1408 3944 causa
1426 3863 1484 3930 sub

366 3981 517 4060 stituitur,
530 3992 635 4046 motus
649 3977 815 4044 uniformis
827 4002 834 4056 ;
851 3977 998 4063 quamvis
1011 4000 1070 4044 nec
1084 3979 1137 4045 hic
1151 3982 1273 4066 unicus,
1284 3991 1316 4050 at
1325 3981 1381 4047 duo
1394 3969 1481 4040 saltem
1534 3965 1535 4033 i

364 4093 469 4148 motus
491 4082 662 4148 uniformes
683 4080 851 4145 habentur.
895 4077 983 4143 Num
1010 4081 1079 4146 haec
1100 4085 1301 4152 consentiunt
1321 4077 1398 4149 sibi?
1421 4085 1478 4135 nun

363 4183 485 4270 aliquid
498 4183 620 4270 liquido
635 4179 830 4248 conficiunt?
852 4203 928 4244 num
949 4203 1038 4246 suam
1059 4183 1127 4272 ipse
1146 4186 1355 4254 definitionem
1368 4165 1493 4258 assequi-¹

363 4295 424 4364 tur,
447 4295 503 4350 aut
523 4286 680 4373 applicare
695 4281 820 4366 novit?)
870 4281 934 4349 Sed
954 4295 1116 4373 utumque
1136 4290 1312 4371 concludit3
1335 4287 1424 4369 itaq¹¹⁶
1435 4287 1478 4360 per

416 4474 477 4529 Has
492 4491 529 4530 no
546 4478 673 4547 meaning
689 4479 717 4533 in
735 4484 809 4536 most
825 4497 908 4538 mes
