3167 5192
125 361 236 415 uuor.
253 346 348 434 xm]
478 361 665 414 menorans
686 361 960 417 nnrnnnnrrosr.
1236 348 1300 418 30⁷

132 529 261 611 simus3
277 550 343 618 qno
356 536 520 617 prestrato
534 528 706 597 terminum
717 529 953 599 antecedentem
967 528 1157 619 indagamus
1171 530 1299 615 unitati,

134 640 295 720 tanquam
309 633 524 721 consequenti,
539 642 784 721 congmmtemz
808 634 869 700 iste
889 634 1043 701 terminus
1063 634 1195 701 rationis
1214 635 1301 701 assti-

132 734 275 802 mationi
289 736 442 825 subjectae
455 736 667 803 neemiam
685 734 811 819 dicitnr,
826 736 929 825 ipsam
944 737 1062 827 quippe
1081 737 1298 821 denominans,

133 848 169 905 et
185 838 357 907 declarans
375 838 417 905 ad
433 848 563 927 captum
579 848 724 906 nostrum
739 839 1004 907 commodissime.
1049 840 1208 921 Quoniam
1222 864 1298 909 vero

132 942 312 1009 divisionis
324 942 545 1011 Arithmeticte
558 942 633 1009 talis
651 952 702 1010 est
714 953 838 1025 natura,
854 954 891 1010 ut
905 944 1029 1032 quoties
1049 966 1199 1011 numerus
1214 943 1298 1011 divi·

131 1044 266 1112 dendus
295 1043 465 1113 divisorem
491 1044 642 1126 continet,
666 1044 761 1113 toties
789 1046 939 1113 inventus
964 1046 1111 1134 quotiens
1140 1046 1300 1115 contineat

130 1149 309 1231 unitatem,
331 1150 404 1217 ideo
423 1149 576 1238 reperitur
594 1149 656 1215 iste
677 1148 897 1217 denominatos
924 1149 989 1235 (vel
1013 1148 1202 1217 antecedens
1223 1152 1300 1217 rati·

130 1254 220 1335 onis,
236 1254 330 1342 cujus
343 1276 537 1342 consequens
551 1252 669 1339 unitas)
686 1250 859 1320 dividendo
872 1253 1040 1342 propositae
1057 1254 1188 1322 rationis
1209 1262 1298 1323 ante·

130 1358 305 1427 cedentem
318 1380 377 1447 per
394 1364 648 1445 consequentem.

203 1458 317 1541 Porro,
347 1480 420 1526 cunr
448 1457 666 1526 denominator
690 1457 761 1540 iste,
789 1458 843 1526 vel
877 1458 1024 1548 quotiens
1052 1460 1211 1543 inventus,
1241 1480 1298 1547 pro

131 1562 284 1650 ipsorum
304 1561 512 1642 terminorum
531 1560 704 1627 intrinseci
732 1558 916 1629 dirersiate
939 1562 1160 1631 diversimode
1181 1562 1298 1651 speciei

129 1688 293 1733 numenrs
306 1688 376 1733 esse
389 1664 508 1754 possit;
530 1662 666 1751 (integer
678 1687 802 1753 nempe,
821 1666 875 1733 vel
897 1666 1025 1749 fractus,
1040 1665 1093 1734 vel
1111 1666 1244 1748 mistus3
1267 1676 1299 1733 et

131 1770 260 1837 fractus
270 1769 399 1858 quidem
414 1792 451 1835 ac
464 1769 579 1837 mistus
592 1792 658 1836 non
671 1791 736 1837 uno
749 1769 874 1856 mod05)
891 1768 1117 1838 considerando
1130 1780 1210 1857 puta
1223 1792 1254 1836 v.
1264 1792 1298 1858 g.

131 1874 296 1939 rationem
317 1873 447 1961 majoris
469 1870 704 1961 irraequalitatis,
719 1871 824 1940 dictus
845 1872 990 1962 quotiens
1013 1896 1069 1961 per
1093 1873 1298 1940 terminorum

132 1977 332 2045 divisionem
345 1985 498 2066 repertus,
512 1974 629 2065 poterit
643 1997 712 2043 esse
730 1976 784 2043 vel
803 1999 953 2043 numerus
974 1976 1106 2065 integer,
1121 1976 1174 2045 vel
1191 1977 1299 2045 unitas

132 2104 215 2149 cnm
235 2081 338 2147 fracto
359 2079 484 2147 adnexo
506 2079 597 2167 cnjus
617 2089 799 2145 numerator
820 2078 863 2146 sit
883 2079 1001 2162 unitas,
1020 2079 1074 2147 vel
1095 2079 1203 2147 unitas
1224 2102 1298 2146 curn

133 2186 267 2274 adjecto
291 2206 423 2251 numero
448 2184 556 2264 fracto,
586 2182 677 2271 cujus
701 2192 882 2251 numerator
904 2181 948 2250 sit
968 2181 1091 2250 unitate
1111 2183 1222 2271 major,
1245 2182 1298 2250 vel

133 2308 295 2355 numerus
322 2286 447 2372 integer
470 2282 592 2353 unitate
615 2284 718 2371 major
741 2307 814 2351 cum
838 2274 937 2351 fracto
962 2282 1097 2366 adnexo,
1126 2283 1218 2373 cujus
1238 2308 1299 2353 nu·

134 2402 280 2457 metator
295 2389 340 2456 sit
360 2390 477 2470 unitas,
490 2386 544 2454 vel
566 2385 703 2474 deniqne
723 2408 875 2453 numerus
898 2386 1020 2473 integer
1041 2408 1114 2453 cum
1137 2386 1298 2469 fractione,

135 2496 238 2581 cujus
255 2515 404 2564 numerus
425 2499 591 2579 exsuperet
604 2490 769 2557 unitatem.
815 2487 870 2554 Ex
887 2488 938 2555 his
959 2489 1100 2579 quinque
1121 2486 1199 2554 dicti
1221 2499 1300 2576 quo-

135 2596 253 2664 tientis
267 2594 364 2663 variis
377 2593 482 2661 modis
495 2604 552 2660 aut
565 2592 731 2681 speciebus
749 2602 916 2678 emergunt
930 2590 1070 2679 quinque
1091 2590 1211 2678 species
1232 2613 1300 2657 rna-

133 2699 279 2789 joritatis
293 2696 439 2778 effabilis,
454 2718 526 2783 quae
539 2694 639 2781 vulgo
659 2692 767 2759 cluent
780 2692 862 2758 ratio
880 2692 1053 2781 meopte,
1068 2694 1301 2781 cupepnnciu·

140 2806 232 2886 unz,
249 2802 493 2892 apepantm
507 2796 673 2887 cmltipleoe
686 2796 995 2886 superpartientium,
1010 2794 1175 2885 multiplic
1192 2820 1301 2887 scepei·-

132 2909 305 2999 parrr'ens;
326 2905 443 2994 quibus
456 2909 659 2991 opponuntur
679 2907 713 2966 et
737 2899 863 2966 inverse
882 2898 1072 2987 respondent
1096 2897 1301 2985 (ἀπίκωνται

138 3022 175 3081 et
201 3006 475 3087 ἅνθπακούουσι,
493 3004 593 3073 verba
616 3012 692 3070 snut
712 3001 924 3090 Nicomachi)
952 3002 1141 3093 minoritatis
1162 3002 1299 3071 rationes

139 3111 374 3200 mmowplae,
388 3104 749 3197 commentare,
763 3106 1060 3195 mbcuperparticns,
1080 3105 1301 3195 mbrnults‘pleoe

139 3213 450 3309 sapmpmucalrni,
467 3208 688 3299 monetales
707 3211 941 3299 superpartiens
948 3232 962 3276 .·
983 3230 1063 3297 quas
1084 3232 1169 3277 nunc
1190 3209 1300 3278 ordine

139 3318 413 3414 perlustrabimus.

211 3436 240 3493 1.
285 3422 459 3512 Multiplex
472 3420 526 3490 vel
540 3416 689 3509 multiple
708 3418 789 3485 ratio
812 3415 927 3485 dicitur
946 3416 1029 3485 inter
1048 3416 1128 3483 dnos
1147 3415 1299 3483 terminos

141 3526 274 3610 rasari,
284 3550 382 3616 quum
397 3524 584 3592 antecedens
597 3524 840 3611 consequentem
856 3519 996 3586 continet
1010 3518 1183 3600 multoties3
1200 3515 1299 3601 (unde

142 3632 284 3703 nominis
302 3628 464 3717 impositio
473 3628 496 3712 ς)
524 3626 578 3694 vel
603 3647 676 3692 curn
697 3621 886 3691 antecedens
908 3629 1151 3708 consequentem
1177 3617 1299 3706 aliquot

143 3736 272 3805 vicibus
302 3733 375 3821 (bis,
397 3738 455 3812 ter,
479 3728 594 3809 decies,
618 3727 746 3808 centies,
771 3724 939 3813 aliquoties
962 3723 1134 3810 utcunque)
1159 3720 1299 3789 continet

143 3849 274 3919 exacte3
296 3836 350 3904 vel
362 3856 462 3924 quum
480 3854 674 3920 consequens
695 3828 931 3897 antecedentem
952 3826 1088 3915 perfecte
1109 3823 1299 3893 dementitnr

146 3940 400 4033 (ἀπαρτιζόντως
420 3936 692 4025 καταμενρεῖτιιιῑ)
716 3934 778 4002 hoc
807 3941 865 4015 est,
896 3932 941 3999 sic
964 3941 1000 3999 ut
1024 3929 1107 3997 nihil
1130 3929 1298 4018 quicquam

659 4068 671 4102 ¹
687 4068 781 4119 Theon.

198 4366 266 4422 Five
281 4364 364 4420 kinds
381 4363 412 4419 of
425 4363 496 4419 ratio
513 4361 544 4418 of
558 4356 716 4430 inequality.

199 4452 238 4520 (1)
260 4450 404 4521 Muttipte.
