3167 5192
266 364 286 427 8
649 382 774 433 oanvro
797 383 1030 432 amnuens.

265 559 366 614 cesset
391 548 592 614 inclarescere
621 572 746 630 nomen,
771 549 869 636 inque
894 549 956 616 hoc
983 551 1139 639 perpetim
1168 549 1285 616 illustri
1312 550 1428 636 gloriae

265 652 388 718 theatro
408 651 530 718 solenni
550 675 623 718 cum
643 653 736 718 laude
755 675 931 740 personare.

333 754 398 822 Sed
417 777 519 844 neque
537 756 671 843 justitiae
689 757 797 822 minus
815 757 850 823 in
868 757 929 822 hoc
948 757 1108 845 proposito
1126 780 1224 844 quam
1244 757 1426 846 prudentiae

266 859 425 946 specimen
443 860 610 926 elucescit:
634 860 756 948 aliquid
776 861 956 949 aprosapit
970 859 1098 926 sortitus
1113 871 1162 926 est
1180 860 1273 941 lucis,
1294 861 1368 950 plus
1386 862 1426 926 in

265 961 356 1028 illam
370 963 547 1051 splendoris
561 963 697 1044 refudit;
717 975 812 1030 tenue
826 964 1052 1052 patrimonium
1067 987 1086 1029 a
1100 963 1275 1050 majoribus
1288 963 1424 1050 accepit,

265 1065 356 1152 larga
370 1066 513 1155 cognatis
532 1090 663 1134 munera
676 1067 842 1134 redonavit
850 1093 859 1148 ;
881 1067 1054 1133 amiconrm
1072 1068 1302 1136 benevolentiae
1316 1068 1425 1135 foenus

265 1172 407 1260 amplum
422 1173 531 1238 retulit
543 1197 551 1252 ;
568 1173 727 1238 neminem
742 1172 782 1239 de
797 1196 831 1239 se
845 1173 927 1238 bene
940 1172 1090 1238 meritum
1104 1195 1168 1239 non
1182 1172 1324 1239 vicissim
1339 1175 1426 1240 bene

265 1275 409 1342 faciendo
431 1277 601 1364 superavit.
646 1276 739 1357 Quod
762 1278 789 1342 si
811 1277 973 1344 literarum
993 1277 1170 1364 praesertim
1192 1277 1344 1364 auspiciis
1366 1300 1425 1342 su·

264 1401 374 1466 prema
388 1403 460 1446 cum
481 1379 615 1446 fortunae
637 1403 702 1446 suae
724 1381 880 1470 praesidia,
903 1390 972 1446 tum
992 1381 1092 1446 animi
1113 1389 1298 1446 ornamenta
1311 1403 1424 1446 couse-

265 1493 356 1549 cutus
374 1483 433 1550 sita
457 1483 485 1549 si
499 1483 692 1564 Academica,
707 1485 831 1572 parenti
845 1486 922 1551 vitea
938 1483 1078 1550 melioris
1091 1482 1237 1563 initium;
1260 1482 1423 1569 magistrae

264 1587 402 1670 virtutis,
426 1593 490 1674 qut
512 1588 651 1668 emicuit,
677 1586 878 1676 disciplinam
901 1586 1094 1674 cultumque,
1109 1609 1172 1675 quo
1193 1586 1354 1666 excelluit,
1369 1587 1424 1650 in-

264 1689 369 1774 genii;
392 1689 516 1756 fautrici
541 1689 677 1771 demum,
702 1691 857 1758 eximium
879 1689 1047 1778 dignitatis
1068 1712 1134 1756 suae
1153 1688 1298 1756 debuerit
1318 1690 1423 1755 incre·

264 1803 425 1874 mentum3
441 1795 645 1881 quamobrem
660 1794 941 1860 non'meritissimo
951 1795 1024 1882 jure
1037 1817 1145 1880 parem
1161 1793 1225 1859 illis
1234 1793 1424 1881 rependeret

264 1894 410 1980 gratiam,
426 1896 545 1960 mutuis
561 1896 644 1962 hanc
658 1897 768 1962 officiis
783 1896 982 1964 devinciret?
1014 1896 1101 1976 Quid
1117 1896 1213 1976 enim,
1235 1894 1423 1962 Academiae

264 1997 391 2062 nomine
409 1999 506 2065 semel
526 2009 620 2087 atque
643 1999 756 2066 iterum
774 2000 816 2065 ad
832 2021 979 2088 suprema
999 2001 1090 2086 regni
1108 1999 1237 2066 comitia
1250 1999 1422 2079 destinari;

265 2101 422 2168 senatoria
435 2109 575 2190 purpura
585 2103 764 2170 decoratum
776 2102 894 2170 literati
907 2103 1017 2192 populi
1031 2126 1159 2171 causam
1171 2127 1275 2190 agere,
1286 2103 1422 2170 tutelam

263 2204 431 2293 suscipere,
461 2227 627 2292 personam
654 2206 826 2289 sustinere3
858 2218 1000 2274 vestrum
1031 2207 1105 2292 (hoc
1133 2218 1191 2287 est,
1221 2207 1420 2296 ipsissimum

262 2307 436 2395 sapientia)
451 2331 564 2398 corpus
575 2319 814 2397 repraesentare3
833 2322 937 2377 vestro
947 2311 1137 2398 gravissimo
1147 2311 1269 2398 judicio
1279 2313 1420 2400 probari,

262 2412 369 2501 deligi,
397 2413 490 2480 claris
520 2415 778 2503 competitoribus
804 2414 963 2503 anteponi,
985 2439 1063 2480 num
1092 2417 1185 2503 parvi
1213 2415 1420 2504 pendendum

261 2515 357 2584 decus
381 2517 453 2586 est?
473 2517 539 2585 imo
564 2519 706 2607 quolibet
728 2519 831 2608 pretio
854 2519 954 2607 pluris
975 2518 1206 2599 estimandum,
1230 2519 1328 2586 nullis
1351 2541 1420 2586 non

261 2617 408 2688 fastuosis
434 2621 536 2688 titulis
560 2621 799 2709 praeferendum.
852 2620 971 2709 Atque,
994 2621 1128 2703 utinam,
1154 2622 1351 2703 Academici,
1369 2621 1420 2687 sic

261 2733 411 2810 perpetuo
431 2747 503 2789 curn
521 2725 616 2790 rebus
631 2725 746 2791 vestris
766 2736 983 2812 comparatum
997 2735 1090 2805 esset,
1105 2748 1185 2812 quos
1199 2727 1342 2793 educatio
1356 2749 1420 2792 sua

261 2823 295 2888 in
316 2825 531 2892 sublimiorem
553 2827 668 2892 extulit
686 2827 830 2914 gradum,
846 2851 988 2915 quosque
1010 2829 1168 2895 consimili
1186 2829 1419 2898 benevolentiae

261 2927 441 2992 testimonio
465 2929 599 3010 afficitis,
624 2939 660 2995 ut
678 2931 702 2995 ii
725 2931 843 3019 pariter
861 2931 1000 2998 evadant
1023 2955 1101 3020 erga
1122 2957 1181 3000 vos
1203 2935 1353 3015 animati3
1376 2947 1419 3001 ut

261 3031 376 3118 saepius
393 3031 516 3118 judicia
537 3044 644 3100 vestra
665 3043 731 3100 tam
754 3035 916 3123 auspicato
938 3037 1109 3118 collimat,
1133 3039 1289 3105 beneficia
1310 3051 1416 3106 vestra

261 3143 325 3198 tam
340 3145 422 3200 recte
437 3135 645 3204 collocentur:
668 3161 732 3204 non
755 3140 800 3204 ita
821 3139 967 3206 liberales
990 3139 1139 3208 Scientiae
1160 3142 1271 3229 pabuli
1292 3144 1414 3231 inopes,

261 3236 388 3304 honoris
413 3249 555 3306 exsortes
585 3253 827 3323 marcescerent;
859 3266 918 3309 nec
946 3243 1054 3332 dignis
1082 3245 1176 3311 modo
1205 3247 1354 3332 praemiis,
1379 3257 1417 3312 at

260 3341 444 3408 necessariis
453 3343 548 3408 etiam
558 3343 710 3411 subsidiis
724 3345 878 3412 destituta
892 3347 998 3414 studia
1011 3348 1207 3435 languerent
1239 3349 1415 3416 Enimvero

260 3439 345 3506 solus
363 3440 417 3507 ille
431 3442 499 3528 jam
515 3443 691 3531 aplurimis
712 3447 805 3513 annis
823 3447 866 3513 ab
882 3447 1000 3535 injuris
1013 3448 1119 3514 literas
1137 3450 1287 3536 protexit,
1306 3473 1326 3514 a
1337 3471 1415 3516 con-

259 3553 382 3634 temptu
400 3547 544 3630 asseruit,
567 3551 608 3615 ab
631 3550 737 3638 inopia
760 3550 924 3632 liberavit;
947 3558 1042 3641 opert
1061 3561 1119 3621 sut
1141 3553 1275 3640 adjuvit,
1298 3556 1414 3642 opibus

259 3648 393 3715 adauxit
408 3648 575 3718 Scientias.
609 3651 733 3738 Iniquis
748 3655 905 3742 siquidem
919 3656 983 3722 illis
997 3668 1031 3724 et
1044 3656 1192 3727 infaustis
1205 3663 1412 3749 temporibus,

258 3774 329 3818 cnm
344 3753 549 3840 proventibus
569 3753 768 3823 Academicis
783 3758 878 3824 avida
891 3759 1052 3828 barbmcs
1066 3761 1213 3845 inhiaret,
1228 3787 1325 3832 onera
1339 3789 1411 3832 cnm

259 3853 433 3940 imponeret
447 3856 605 3936 omnibus,
621 3868 653 3924 et
667 3859 856 3945 gravissima
871 3861 1074 3952 undicunque
1088 3868 1209 3935 tributa
1222 3881 1411 3956 arrogaret,

258 3977 385 4022 mirsam
404 3958 458 4026 ille
473 3971 610 4026 vestram
627 3969 748 4028 tutattu
762 3973 812 4030 est
825 3966 946 4049 acriter,
962 3968 1179 4038 immimitates
1195 3984 1318 4040 vestras
1333 3983 1412 4039 stre·

258 4081 320 4126 une
339 4064 561 4148 propugnavit,
581 4067 713 4132 annisus
730 4077 778 4133 est
791 4069 1004 4153 vehementer,
1018 4084 1052 4139 et
1067 4075 1204 4142 multum
1218 4076 1332 4157 effecit,
1347 4084 1413 4165 qua

257 4163 398 4245 consilio,
414 4170 478 4250 qut
492 4166 615 4253 eloquio
630 4191 697 4251 suo,
712 4193 753 4238 ne
767 4181 843 4259 toga
856 4195 935 4262 sago
947 4175 1038 4244 fieret
1050 4178 1225 4266 vectigalis,
1240 4203 1282 4248 ne
1295 4179 1410 4247 Martis

257 4267 343 4334 furor
356 4266 511 4334 Minerva
527 4269 660 4336 fundum
675 4273 875 4362 depasceret3
897 4301 938 4344 ne
958 4279 1100 4349 honestis
1121 4285 1243 4351 artibus
1263 4285 1410 4353 fovendis

257 4371 370 4438 dicata
384 4393 460 4460 opes
477 4372 518 4440 ad
533 4376 773 4443 sustentandam
794 4381 947 4449 nefariam
963 4388 1176 4472 tyrannidem,
1192 4391 1235 4456 ad
1248 4393 1410 4479 improbos
