3167 5192
322 340 388 407 sla
665 351 852 403 suerroaus
873 348 1145 401 mammon
1290 333 1399 420 [uer.
1413 352 1470 403 xx

386 507 605 575 Nihilominus
619 505 801 573 audendum
815 514 865 571 est
878 504 959 571 mihi
972 513 1021 571 tot
1034 513 1067 573 at
1081 505 1179 573 tantis
1192 504 1271 573 vlris
1285 506 1471 589 obnititur

321 611 440 679 illustri
467 610 652 677 authoritati
682 607 901 688 ἀντιβλέπειν.
946 607 1072 675 Veritas
1093 609 1196 696 exigit
1221 610 1350 696 (saltem
1370 612 1471 679 exist'·

322 723 408 781 mata
430 713 523 799 mihi)
550 736 571 779 a
595 723 663 779 tarn
685 712 802 778 validis
825 711 969 779 hostibus
992 710 1128 800 aliquale
1150 714 1384 801 patrocinium:
1412 715 1472 781 hau

322 826 405 883 certe
430 816 586 883 sententia
609 814 691 881 mihi
713 836 779 882 uon
803 813 907 881 solum
930 813 1020 894 falsa,
1046 814 1103 881 sed
1127 825 1160 881 et
1186 815 1361 883 admodum
1385 819 1472 885 noxia

321 922 455 1003 videtur,
467 922 586 1012 quippo
596 944 668 1010 quas
678 920 907 987 controversias
921 918 1086 1007 [aliquam]
1103 919 1220 987 multas
1234 920 1369 989 inutiles
1384 944 1472 1009 gerru·

322 1027 382 1093 erit
405 1037 439 1093 et
462 1026 586 1107 foverit,
616 1023 833 1114 plurimasque
864 1021 971 1106 (sicuti
994 1021 1076 1088 mihi
1103 1021 1242 1108 videtur)
1267 1024 1470 1105 commones,

322 1128 544 1219 dxvpoaoqrbs,
559 1150 677 1196 emeres
692 1126 850 1193 invexerit
864 1125 899 1191 in
913 1125 1151 1214 proportionum
1165 1125 1356 1195 docuinam.
1388 1126 1471 1195 Plus·

321 1232 411 1313 culae,
431 1231 576 1313 arbitror,
595 1231 820 1299 resecabuntur
840 1228 923 1310 lites,
946 1227 1145 1297 difficultates
1166 1228 1361 1311 sufereutur,
1382 1232 1472 1297 erita-

321 1337 440 1405 buntur
461 1356 590 1416 errores,
610 1344 644 1402 et
662 1334 801 1403 tenebras
820 1332 1036 1415 discutiantur,
1057 1331 1215 1400 affaeudo
1236 1334 1395 1401 rationem
1415 1356 1470 1401 nou

321 1462 391 1507 esse
411 1461 513 1526 genus
534 1438 731 1526 quantitatis,
750 1460 810 1504 nec
831 1434 1003 1524 quantitati
1024 1435 1190 1523 subjaosns
1211 1434 1301 1522 quid,
1324 1446 1360 1503 et
1380 1458 1471 1523 quau·

321 1543 423 1609 titatia
448 1542 600 1609 attributa
624 1541 809 1629 neutiquam
834 1540 970 1627 proprie,
996 1560 1052 1627 per
1078 1562 1121 1621 se,
1148 1538 1274 1621 directa,
1301 1562 1364 1606 nec
1388 1540 1470 1607 aliter

321 1670 417 1736 quam
430 1669 487 1735 par
500 1643 706 1733 κατάχρησιν
719 1654 774 1710 aut
786 1639 987 1727 μτωνυμίαν
1000 1641 1160 1730 quandam
1173 1641 1204 1709 ei
1217 1644 1399 1709 convenire.

386 1750 432 1816 Et
446 1773 522 1817 saue
535 1749 652 1817 mirum
665 1748 810 1816 videatur
823 1746 915 1813 aliter
928 1746 1074 1834 quemvis
1087 1745 1264 1828 censuisse,
1279 1768 1383 1833 quum
1392 1746 1468 1813 enim

321 1854 401 1919 ratio
416 1852 459 1918 sit
472 1862 505 1918 et
518 1862 707 1938 agnoscatur
720 1874 801 1937 pura
815 1858 893 1938 puta
912 1849 1032 1930 relatio,
1047 1849 1205 1936 quomodo
1223 1847 1327 1917 veluti
1345 1850 1468 1917 uanam

320 1964 425 2044 potest
440 1956 475 2021 in
489 1954 586 2021 aliam
602 1954 805 2041 categoriam,
820 1963 853 2019 et
871 1974 973 2039 genus
991 1952 1121 2040 aliquod
1140 1953 1330 2023 constituere
1349 1956 1466 2043 quanti·
1538 2032 1539 2035 Ἴ

320 2058 419 2126 tatis?
461 2058 569 2139 Quum
582 2057 632 2123 nil
645 2056 688 2124 sit
701 2056 790 2123 aliud
803 2078 900 2143 quam
914 2054 1047 2123 duorum
1062 2066 1251 2143 quantorum
1265 2068 1423 2147 respectus
1435 2058 1465 2123 iu

320 2161 497 2251 quantitate
526 2160 687 2243 mndata,
714 2159 873 2248 quomodo
902 2160 1018 2248 poterit
1046 2160 1116 2248 ipsa
1144 2160 1267 2248 concipi
1296 2184 1349 2229 ras
1371 2184 1411 2227 ex
1432 2182 1464 2227 aa
1538 2172 1539 2251 ἦ

319 2274 448 2352 quanta,
473 2262 527 2331 val
551 2262 723 2350 quantitati
747 2261 938 2348 subjacens?
981 2260 1087 2341 Quum
1111 2261 1154 2327 sit
1174 2262 1331 2330 abstracte
1351 2262 1460 2341 relatio,
1538 2282 1539 2339 3

319 2368 477 2459 quomodo
491 2378 633 2436 concrete
647 2367 771 2434 dicatur
789 2365 913 2433 relata?
956 2364 1076 2431 Annon
1094 2365 1155 2433 hoc
1174 2376 1223 2432 est
1241 2388 1293 2433 res
1311 2366 1458 2433 absolutas
1538 2366 1539 2401 l

319 2496 392 2540 cum
420 2472 614 2561 respectiris,
640 2470 770 2539 nomina
795 2477 939 2537 concreta
967 2492 1040 2537 cum
1068 2469 1235 2537 abstractis
1259 2467 1458 2539 mnsuuderel

320 2576 484 2645 Haetanm
505 2576 679 2643 docuerunt
699 2573 813 2660 Logici
837 2572 1005 2639 relationes
1028 2572 1140 2655 inesse,
1164 2572 1272 2655 tribui,
1296 2575 1357 2641 niti
1376 2573 1458 2641 rebus

318 2680 491 2761 absolutis3
513 2702 563 2747 res
577 2687 684 2745 autem
699 2676 860 2742 absolutas
874 2674 1080 2742 relationibus
1093 2675 1254 2758 inhaerere,
1266 2677 1319 2743 vel
1333 2676 1459 2745 accidere

318 2782 439 2847 nemini
452 2781 583 2861 dictim,
597 2782 718 2869 opinor,
734 2779 787 2845 vel
804 2778 948 2844 audium
967 2777 1096 2865 Logicss
1114 2778 1264 2847 studioso.
1310 2778 1459 2849 Sicutnsc

318 2882 485 2952 relationes
508 2885 595 2971 ipsas
617 2884 740 2965 referre
764 2891 925 2969 respectus
947 2903 981 2947 sa
1002 2882 1165 2971 respicere,
1188 2882 1390 2951 habitudines
1408 2882 1459 2947 hoc

318 2983 371 3051 vel
385 2984 442 3050 illo
459 2985 554 3051 modo
573 3008 607 3052 ae
624 2985 751 3065 habere,
766 2983 934 3050 dhtantias
955 2982 1081 3067 distare,
1102 2984 1326 3053 similitudines
1348 2983 1458 3053 assini

316 3086 387 3168 lari,
410 3087 659 3175 comparationes
680 3088 764 3153 inter
785 3110 821 3155 se
842 3086 985 3169 conferri,
1008 3086 1096 3155 dictu
1116 3088 1297 3176 plausibile,
1319 3096 1458 3175 conceptu

317 3190 468 3279 possibile
481 3189 617 3258 videtur.

383 3292 466 3362 cum
480 3317 508 3361 e.
518 3316 550 3381 g.
566 3292 690 3374 dicitur,
705 3292 774 3359 hasc
795 3293 877 3361 ratio
898 3292 999 3379 major
1019 3302 1069 3361 est
1089 3293 1156 3376 illa,
1176 3294 1312 3382 primum
1339 3298 1390 3383 (ex
1408 3292 1457 3360 ad·

317 3398 527 3466 rasoriorum
551 3396 708 3465 sententis
733 3396 853 3463 dictum
879 3395 914 3462 id
937 3396 1062 3484 propris
1087 3398 1292 3484 sumentium)
1320 3398 1456 3467 tribuitur

316 3501 431 3569 rationi
445 3500 632 3587 magnitudo
647 3498 804 3587 quasdam,
819 3520 875 3565 seu
893 3498 1064 3585 quantitas,
1080 3499 1238 3567 inhaereus
1254 3501 1308 3569 vel
1325 3500 1455 3569 accidens
1537 3492 1538 3501 ¹

315 3604 449 3685 rationi3
475 3593 724 3691 propterquam
745 3600 877 3667 refertur
900 3600 942 3667 ad
964 3600 1071 3683 aliam,
1094 3602 1147 3671 vel
1172 3604 1207 3670 iu
1233 3610 1297 3693 qut
1319 3604 1455 3673 haurn
1537 3624 1538 3629 ¹

316 3708 385 3794 ejus
400 3706 442 3774 ad
461 3706 556 3773 aliam
575 3705 655 3771 ratio
664 3730 674 3786 3
696 3714 766 3770 tum
785 3703 1021 3790 interpretativa
1038 3718 1325 3796 consequenterque
1343 3707 1453 3782 dicitur,

315 3808 516 3898 inequalitas
537 3809 606 3875 hoee
630 3806 797 3896 maequalis
823 3814 872 3871 est
897 3805 947 3871 illi
972 3806 1191 3895 inaequalitati,
1214 3810 1283 3877 haec
1307 3809 1453 3900 majoritas

366 4113 449 4184 Many
459 4115 623 4172 authorities
636 4116 703 4172 hold
719 4116 782 4173 that
798 4118 864 4187 thoy
875 4134 931 4174 ars.

365 4200 418 4256 We
433 4198 505 4269 dany
516 4201 581 4256 this.

366 4286 422 4341 For
437 4284 521 4341 Ratio
533 4287 591 4347 isa
607 4288 741 4345 Relation

369 4370 435 4427 And
449 4370 576 4428 Relatiou
591 4374 616 4429 is
629 4390 647 4429 a
662 4374 791 4430 different
807 4378 935 4449 category
950 4376 1020 4433 l'rom
1036 4378 1176 4449 Quantity.

366 4457 495 4515 Relation
512 4463 612 4517 munst
628 4461 664 4517 be
681 4462 797 4518 related
