3167 5192
319 357 362 423 88
664 370 851 421 nacrronss
874 369 1147 420 uarauuarrcm.
1319 352 1424 438 [Lacr.
1438 372 1467 417 r.

382 539 508 620 Quibus
527 537 712 625 respondeo,
734 559 815 625 quas
832 537 1070 604 demonstrandi
1089 539 1198 627 legum
1221 541 1468 609 consultissimus

317 641 505 708 Aristoteles
525 640 714 706 scientificae
734 639 995 706 demonstrationi
1017 643 1154 730 praefigit
1175 644 1383 726 conditiones,
1404 646 1469 711 illas

318 744 554 813 Mathematicis
574 744 748 810 ratiociniis
768 744 911 832 apprime
931 768 1112 831 congruere.
1157 746 1273 835 Exigit
1287 749 1325 829 is,
1345 760 1383 813 ut
1397 774 1468 837 pra·

317 850 423 915 missae
445 849 509 913 sint
529 847 751 914 universaliter
772 871 809 913 ac
830 849 1005 914 necessario
1027 873 1130 932 versc3
1160 873 1231 938 quae
1260 875 1337 919 vcro
1368 852 1470 918 fortior

318 952 451 1039 cogitari
465 961 568 1041 potest
586 951 758 1017 necessitas
778 950 944 1038 illaquam
965 974 1029 1038 prae
1047 976 1080 1027 se
1099 952 1204 1019 ferunt
1223 955 1386 1021 axiomata
1406 954 1471 1021 Ma·

318 1055 498 1135 thematica,
519 1077 652 1142 quarum
668 1063 785 1120 aeterna
804 1064 862 1134 est,
884 1065 915 1121 et
930 1054 1139 1123 immutabilis
1159 1057 1300 1123 veritas?
1345 1057 1426 1123 Vult
1438 1068 1471 1123 ut

316 1158 428 1246 primae
451 1158 574 1222 sintae
596 1155 798 1235 immediatae,
821 1155 960 1237 horest,
988 1166 1024 1221 ut
1045 1158 1133 1223 nullo
1159 1158 1356 1246 praecedente
1383 1182 1471 1246 argu-

317 1273 434 1341 mento,
456 1260 545 1327 nulle
559 1259 679 1348 pravis
698 1259 827 1325 notione
847 1260 1107 1347 comprobentur;
1130 1262 1286 1349 quianon
1306 1263 1398 1329 videt
1417 1264 1472 1329 hoc

304 1367 431 1453 ‘iisdem
447 1364 662 1453 pronunciatis
682 1363 860 1443 convenire,
882 1386 952 1451 quae
968 1386 1026 1431 ceu
1045 1363 1229 1432 αὐτόπιστα
1248 1389 1313 1432 non
1332 1390 1473 1455 compro·

317 1472 406 1550 bant,
438 1468 494 1535 sed
525 1466 718 1533 assumunt?
762 1465 913 1554 Praecipit
934 1468 1030 1533 etiam
1051 1480 1088 1533 ut
1112 1470 1259 1551 notiores,
1287 1482 1319 1536 et
1344 1472 1472 1539 eviden-

316 1574 412 1639 tiores
434 1573 499 1639 sint
520 1572 612 1637 illata
632 1570 831 1637 conclusione
842 1597 850 1651 ;
877 1572 967 1659 atqui
989 1570 1155 1638 notissima
1177 1583 1253 1638 sunt
1273 1584 1305 1639 ct
1326 1575 1474 1641 manifes-

317 1676 441 1743 tissima
455 1677 518 1742 ista
532 1675 666 1756 decreta,
681 1696 776 1741 nemo
787 1674 956 1762 quisquam
971 1684 1008 1740 ut
1019 1675 1071 1755 sit,
1084 1676 1139 1763 qui
1155 1675 1251 1741 simul
1265 1700 1302 1741 ac
1317 1678 1473 1745 audiverit

316 1791 349 1848 et
370 1779 573 1858 intellexerit,
595 1801 661 1843 non
682 1776 791 1843 statim
815 1777 1023 1858 essentiatum
1050 1787 1083 1844 et
1104 1778 1227 1844 notiora
1248 1779 1379 1867 quidem
1402 1805 1474 1848 con·

317 1882 513 1948 clusionibus
536 1880 690 1960 deductis,
717 1880 793 1967 quia
814 1904 870 1969 per
892 1880 958 1961 illa,
982 1881 1123 1947 adhibito
1149 1882 1293 1969 legitimo
1318 1882 1473 1966 discursu,

317 1994 441 2051 constat
455 1985 494 2050 de
508 1984 622 2049 harum
636 1983 780 2049 veritate.
826 1981 972 2070 Denique
991 1984 1131 2070 requirit,
1153 1994 1190 2049 nt
1204 2007 1306 2051 causae
1321 1984 1387 2049 sint
1402 2009 1474 2051 con·

316 2086 478 2153 clusionis.
531 2084 610 2164 Quae
624 2084 764 2150 conditio
779 2085 949 2172 dupliciter
964 2085 1064 2173 accipi
1078 2096 1201 2173 potest;
1224 2086 1278 2151 vel
1293 2096 1421 2153 tannim
1441 2098 1474 2153 ut

285 2202 288 2205 ’
316 2192 351 2257 in
372 2190 438 2256 illis
459 2189 657 2256 contineatur
677 2188 769 2269 ratio,
792 2198 1038 2276 propterquam
1060 2188 1276 2255 conclusiones
1298 2192 1475 2258 necessario

315 2318 400 2363 verae
414 2294 590 2373 credantur,
608 2302 642 2359 et
658 2314 806 2358 assensus
826 2301 910 2357 certo
930 2292 1122 2380 producatur
1142 2292 1213 2379 (hoc
1233 2302 1281 2359 est
1299 2304 1336 2359 ut
1350 2296 1474 2362 medius

316 2399 470 2465 terminus
499 2406 681 2485 assumptus
710 2395 853 2463 obtineat
882 2394 1134 2483 qualemcunque
1162 2396 1373 2463 necessariam
1403 2422 1475 2464 con·

315 2502 487 2571 nexionem
507 2524 581 2567 cum
594 2498 739 2567 terminis
753 2497 1006 2585 ingredientibus
1021 2498 1267 2584 conclusionem)
1279 2524 1288 2580 ;
1312 2498 1366 2565 vel
1385 2500 1474 2566 stric-

315 2606 389 2687 tius,
419 2615 457 2672 ut
481 2604 645 2671 adhibitus
670 2603 731 2668 iste
756 2602 880 2667 medius
902 2600 1057 2667 terminus
1082 2600 1253 2688 plusquam
1277 2602 1474 2669 necessarius

315 2713 454 2791 effectus,
477 2720 652 2777 etcertum
674 2708 814 2793 signum,
841 2727 955 2792 nempe
976 2704 1104 2793 propria
1129 2728 1225 2771 causa
1249 2704 1291 2771 sit
1316 2706 1472 2787 attributi,

315 2821 369 2885 vel
396 2818 607 2907 proprietatis,
638 2839 709 2903 quae
739 2816 779 2881 de
808 2814 951 2901 subjecto
981 2813 1171 2902 praedicatur
1199 2814 1234 2879 in
1259 2813 1472 2882 conclusione.

315 2922 409 3002 Quod
423 2931 529 2986 autem
548 2919 611 2983 ista
629 2916 768 2982 conditio
788 2916 884 3004 priori
904 2915 997 2981 modo
1017 2915 1186 2996 intellecta,
1208 2916 1377 2982 conveniat
1391 2941 1472 3005 pra-

314 3024 421 3091 missis
443 3022 657 3108 cujuscunque
678 3018 858 3105 syllogismi
880 3017 1109 3099 Mathematici,
1137 3041 1201 3085 non
1227 3029 1275 3084 est
1298 3018 1367 3084 ulla
1392 3020 1472 3086 ratio

314 3127 400 3216 quod
421 3124 613 3203 dubitemus,
634 3121 791 3210 siquidem
809 3122 918 3187 nullus
940 3133 988 3187 est
1007 3145 1114 3188 eorum
1141 3122 1197 3209 qui
1220 3145 1285 3188 non
1306 3144 1472 3190 assensum

314 3228 511 3299 validissime
525 3226 611 3313 cogit
625 3236 719 3313 atque
732 3225 940 3312 constringit3
960 3248 1063 3313 neque
1077 3228 1279 3315 consequitur
1293 3226 1353 3292 hoc
1368 3250 1411 3293 ex
1426 3250 1472 3307 eo,

315 3332 401 3422 quod
415 3331 585 3421 pramissae
600 3329 774 3395 necessario
795 3350 877 3395 verae
898 3339 972 3393 sunt
995 3329 1085 3414 (alias
1099 3330 1185 3396 enim
1201 3352 1254 3397 eas
1275 3352 1339 3396 non
1356 3330 1473 3397 admit·

313 3447 416 3505 terent
437 3433 690 3517 Mathematici);
713 3433 776 3499 ista
796 3455 870 3499 vero
890 3434 1061 3501 necessitas
1084 3434 1190 3520 arguit
1212 3437 1342 3501 subesse
1364 3436 1472 3502 termi-

314 3566 427 3610 norum
441 3539 641 3609 essentialem
658 3538 790 3604 interae
805 3536 961 3624 copulam,
982 3536 1201 3626 causalemquc
1216 3536 1470 3625 dependentium,

314 3647 348 3712 in
364 3651 425 3733 qut
441 3644 609 3723 fundetur3
632 3665 705 3708 cum
724 3639 901 3706 accidentia
920 3640 966 3706 sic
986 3651 1165 3728 comparata
1187 3640 1260 3720 sint,
1282 3653 1317 3707 ut
1332 3642 1471 3729 separari

313 3751 446 3839 possint,
466 3758 499 3815 et
514 3745 722 3815 accidentalia
741 3742 873 3831 proinde
893 3743 1063 3831 praedicata
1081 3766 1145 3809 non
1168 3744 1230 3809 nisi
1251 3743 1472 3831 contingenter

313 3855 457 3941 subjecto
489 3854 671 3919 tribuantur
698 3848 748 3934 (ἐξ
777 3846 919 3928 dvdqxqe
944 3844 1086 3935 ὑπάρχει
1111 3846 1186 3936 περὶ
1209 3846 1346 3915 ἕκαστον
1371 3849 1469 3933 γένος,

314 3954 378 4022 ὅσα
392 3953 463 4021 καθ’
478 3952 558 4019 αὑτὸ
581 3950 758 4039 [ὑπάρχει,]
778 3947 835 4015 καὶ
853 3945 874 4033 ᾖ
889 3948 1035 4028 ἕκαστον,
1050 3946 1093 4014 τὰ
1110 3948 1145 4015 δὲ
1163 3949 1400 4033 συμβεβηκότα
1414 3948 1471 4016 οὐκ

314 4056 483 4138 ἀναγκαῖα,
506 4055 611 4142 inquit
631 4053 797 4137 Aristot.¹)

774 4156 784 4189 ¹
801 4168 821 4205 1.
833 4155 899 4205 Post.
911 4170 966 4221 cap.
979 4152 1004 4205 6.

726 4254 1045 4263 --—-——-—--—

365 4302 498 4357 Anawcr:
516 4298 721 4356 Mathematical
738 4296 886 4371 principles
903 4313 951 4353 arc
968 4296 1017 4352 the
1032 4310 1176 4367 neceam-y
1185 4310 1282 4351 cauam
1297 4295 1329 4352 οἰ
1341 4294 1392 4352 the
1406 4310 1466 4351 oon

312 4386 525 4543 olum-rm
535 4478 566 4529 to
579 4471 736 4575 Aristotlc’s
747 4470 901 4541 principles.
1015 4440 1019 4449 '
