3167 5192
314 375 377 442 202
652 390 1136 445 uucrrorasurruuuurrcsa
1268 370 1377 459 [usur.
1395 387 1479 437 xru.
1556 352 1558 427 l

315 562 451 650 sumptis
470 562 593 631 duobus
612 558 797 649 hujusmodi
815 559 1041 647 pronunciatis,
1056 557 1138 639 Quae
1156 557 1321 647 possident
1340 556 1478 623 eundem

315 666 422 732 locum
443 676 518 731 sunt
536 664 688 753 aequalia3
712 662 791 743 Quae
811 662 948 729 eundem
966 686 1039 728 cum
1061 663 1160 727 altero
1182 662 1287 727 locum
1309 672 1475 748 occupant,
1557 726 1558 737 ,

317 766 423 833 locum
437 768 507 857 ipsa
520 767 684 855 possident
698 766 833 831 eundem
846 791 854 845 ;
877 788 1013 851 quorum
1030 775 1200 853 utrumque
1220 764 1384 852 proposit&
1403 787 1476 829 con·

317 873 459 943 elusione
480 870 724 939 demonstranda
744 870 840 955 longe
859 869 971 935 asserit
989 868 1154 935 obscurius
1172 880 1207 935 et
1223 891 1376 933 concessu
1394 868 1475 933 diffi-

318 975 428 1056 cilius3
460 976 570 1041 Ταῦτα
603 975 704 1059 (dicit)
737 970 788 1039 brt
816 977 947 1041 πολλοῦ
976 971 1189 1058 ἀσαφέστερα
1217 975 1275 1037 τοῦ
1303 971 1475 1057 προθέοντος

317 1077 498 1163 ἀξιώματος
515 1076 655 1166 ἐναργές·
680 1076 725 1141 Et
744 1075 848 1141 nihilo
866 1076 986 1155 mitius,
1003 1072 1076 1139 Οὐκ
1096 1073 1169 1139 ἔστι
1183 1078 1353 1144 παντελῶς
1370 1100 1472 1164 παρα·

320 1180 446 1248 δεκτέον
471 1180 508 1247 τὸ
532 1179 742 1264 μεταβαίνειν
767 1178 823 1245 ἐπὶ
848 1176 905 1244 τὸν
929 1175 1039 1257 τόπον,
1064 1174 1098 1247 ’ὃς
1123 1176 1214 1242 ἐστιν
1237 1175 1474 1265 ἀγνωστότερα

320 1283 399 1367 ἡμῖν
413 1288 477 1351 τῶν
492 1284 526 1349 ἐν
540 1283 630 1372 τόπῳ
646 1282 756 1349 ὄντων.

388 1386 452 1453 Sed
478 1387 512 1451 in
536 1387 657 1477 magni
673 1385 853 1453 Geometrae
879 1386 1093 1453 defensionem
1122 1386 1261 1452 breviter
1284 1384 1473 1473 respondeo:
1557 1416 1558 1479 τ

321 1491 439 1571 Primo,
452 1490 574 1578 liquido
590 1490 706 1557 falsum
720 1514 799 1571 esse,
815 1491 901 1578 quod
915 1490 976 1557 loci
990 1514 1047 1557 seu
1061 1491 1165 1578 spatii,
1177 1513 1273 1576 quarn
1287 1490 1475 1576 aequalitatis

321 1594 528 1663 consideratio
552 1594 593 1660 sit
616 1594 787 1674 obscurior,
813 1603 845 1659 et
868 1595 1007 1681 ignotior
1029 1595 1132 1660 nobis.
1177 1594 1261 1660 (lum
1281 1616 1323 1661 ex
1344 1594 1475 1659 antehac

321 1698 464 1779 ostensis
481 1697 644 1783 aequalitas
660 1720 723 1764 non
739 1696 831 1762 aliter
844 1720 942 1783 quam
955 1720 997 1762 ex
1014 1704 1053 1763 et
1069 1698 1171 1784 possit
1184 1696 1345 1762 elucidari.
1390 1694 1475 1764 Con·

320 1801 466 1885 gruentia
480 1822 614 1886 quoque,
630 1798 682 1864 vel
696 1798 839 1885 ejusdem
853 1798 915 1865 loci
932 1800 1089 1886 possessio
1104 1798 1241 1885 supponi
1255 1809 1368 1885 potest,
1382 1821 1425 1865 cx
1439 1824 1477 1867 eo

320 1903 407 1990 quod
421 1926 441 1967 a
455 1923 550 1967 sensu
564 1901 723 1988 possibilis
738 1901 951 1981 discematur3
967 1914 1018 1966 ast
1032 1901 1196 1987 aequalitas
1211 1901 1392 1967 immediate
1405 1925 1477 1967 sen-

321 2026 393 2080 sum
407 2028 472 2070 non
486 2005 627 2083 incurrit,
643 2016 679 2075 at,
693 2028 735 2071 ex
756 2004 865 2091 aliqua
886 2006 1119 2093 comparatione
1140 2006 1307 2092 supposita
1326 2006 1476 2086 resultat;

322 2107 429 2194 itaque
444 2107 556 2173 clarior
570 2117 618 2173 est
634 2109 849 2195 congruentiae
868 2109 955 2174 notio
972 2132 1068 2195 quam
1089 2108 1290 2195 aequalitatis.
1333 2108 1474 2186 Etcum,
1556 2122 1558 2167 t

323 2210 402 2291 Quae
422 2212 555 2279 eundem
574 2212 677 2277 locum
696 2222 850 2300 occupant
869 2223 1043 2300 aequantur,
1064 2212 1107 2277 sit
1126 2212 1381 2279 commodissima
1399 2214 1477 2279 defi·
1557 2220 1558 2267 i

321 2314 401 2381 nitio
428 2315 617 2401 aequalitatis
647 2315 706 2401 (uti
732 2315 921 2381 sufficienter
950 2315 1124 2380 astruxisse
1152 2315 1308 2398 videmur)
1336 2316 1396 2381 erit
1419 2318 1476 2383 illa

322 2418 494 2507 simplicior
509 2442 546 2484 ac
560 2417 735 2484 evidentior
754 2418 819 2481 alia
837 2418 952 2503 qutvis
974 2417 1186 2503 aequalitatem
1201 2418 1386 2484 includente
1405 2442 1477 2507 pro-
1557 2412 1558 2437 ³

321 2521 487 2611 positione.
533 2520 625 2589 Sicut
639 2519 782 2587 definitio
798 2520 952 2604 trianguli
966 2518 1139 2606 simplicior
1154 2528 1203 2585 est
1219 2530 1252 2584 et
1268 2520 1381 2585 clarior
1399 2544 1477 2609 quo·

320 2625 372 2693 vis
387 2625 470 2693 circa
485 2624 680 2711 triangulum
695 2623 898 2689 theoremate.

389 2728 545 2809 Secundo,
567 2728 654 2815 quod
675 2728 810 2793 alterurn
832 2726 946 2792 attinet
966 2726 1219 2813 pronunciatum,
1240 2726 1319 2807 Quae
1341 2728 1477 2796 eundem
1557 2704 1558 2763 ]

323 2854 396 2898 curn
420 2832 518 2897 altero
544 2831 648 2896 locum
675 2838 839 2917 occupant,
863 2828 1000 2896 eundem
1023 2840 1056 2894 et
1078 2829 1149 2915 ipsa
1171 2829 1274 2894 locum
1295 2830 1477 2918 possident;

321 2954 404 3017 nego
419 2932 587 3018 quicquam
603 2930 658 2997 illo
674 2932 787 2997 elarius
803 2952 870 2997 esse
884 2953 987 3017 posse,
999 2930 1116 2997 nedum
1132 2942 1168 2996 ut
1183 2932 1242 2996 hoc
1257 2934 1422 2999 obscurius
1436 2936 1477 3002 sit
1557 2942 1558 2979 ἒ

301 3068 304 3075 ·
323 3035 483 3122 proposita
497 3034 706 3101 conclusione.
740 3034 803 3099 Est
817 3034 901 3099 enim
916 3034 958 3099 ad
971 3034 1104 3100 fundum
1118 3035 1293 3123 explorata,
1307 3040 1479 3126 propositio

323 3159 450 3223 prorsus
465 3137 610 3216 identica,
626 3160 684 3203 nec
705 3138 809 3225 specie
829 3138 976 3204 differens
996 3139 1038 3203 ab
1057 3139 1127 3218 hac,
1143 3138 1258 3205 Petrus
1275 3151 1325 3206 est
1345 3140 1478 3221 Petrus;

322 3238 364 3308 ad
374 3238 457 3303 hanc
468 3239 552 3305 enim
564 3238 722 3304 reducitur
732 3238 803 3325 ejus
813 3262 941 3306 sensum
952 3240 1035 3305 nihil
1046 3239 1252 3320 immutando,
1264 3251 1392 3309 tantum
1403 3268 1479 3311 aero

322 3341 555 3429 perspicuitatis
572 3340 675 3426 gratia
693 3341 823 3407 nomina
839 3341 1115 3428 magnitudinibus
1129 3342 1329 3430 imponendo,
1346 3348 1381 3411 Z
1392 3346 1480 3413 locus
1557 3374 1558 3377 ¹

322 3441 498 3508 communis
513 3441 652 3528 ipsorum
666 3441 707 3522 B,
723 3444 767 3521 A,
783 3452 832 3507 est
845 3441 931 3505 idem
946 3464 1019 3506 cum
1031 3443 1066 3512 Z
1078 3441 1146 3507 loco
1160 3444 1320 3509 communi
1337 3445 1479 3533 ipsarum

320 3546 360 3625 B,
383 3544 417 3611 C.
463 3545 531 3610 Aut
550 3545 612 3611 ista
630 3542 826 3631 Categoriea,
842 3542 923 3623 Quae
941 3544 1076 3610 eundern
1096 3568 1169 3609 cum
1188 3545 1286 3612 altero
1304 3547 1411 3615 locum
1428 3572 1481 3615 oc·

321 3659 447 3735 eupant,
460 3648 564 3713 locum
580 3647 650 3733 ipsa
663 3647 826 3735 possident
841 3646 986 3725 eundem,
995 3646 1098 3731 redigi
1109 3647 1210 3734 possit
1223 3647 1258 3713 in
1272 3647 1356 3715 hanc
1371 3649 1482 3717 ἶσοδύ·

321 3776 421 3833 uapor
435 3750 688 3817 enunciationem
704 3749 953 3837 hypotheticam,
971 3748 1009 3815 Si
1022 3749 1056 3815 A
1072 3761 1203 3837 occupet
1216 3752 1249 3814 Z
1258 3750 1362 3817 locum
1378 3754 1482 3841 ipsius

320 3856 360 3935 B,
373 3864 405 3919 et
422 3853 565 3920 Olocum
582 3854 614 3918 Z
623 3853 723 3941 ipsius
734 3852 766 3916 B
779 3863 920 3939 occupet,
936 3862 1005 3917 tum
1020 3853 1052 3917 A
1068 3864 1101 3919 et
1117 3853 1359 3941 Ooccupabunt
1372 3858 1480 3924 locum

320 3955 455 4025 eundem
474 3958 510 4023 Z.
556 3955 625 4022 Ubi
644 3955 796 4043 repetitur
815 3953 850 4018 in
871 3966 1091 4042 consequente,
1107 3956 1194 4043 quod
1214 3958 1249 4023 in
1269 3961 1480 4027 antecedente
1557 3964 1558 4049 ζ

320 4060 505 4145 ponebatur.
541 4055 696 4136 Quaenam
711 4056 819 4143 igitur,
836 4056 973 4137 obsecro,
990 4058 1106 4144 poterit
1119 4057 1180 4123 htc
1193 4082 1263 4126 esse
1276 4062 1481 4131 manifestius
1557 4060 1558 4063 '

319 4180 394 4225 vera
408 4158 605 4246 propositio?
619 4180 683 4225 non
697 4158 754 4224 illa
769 4168 862 4239 certe,
872 4158 952 4237 Quae
967 4158 1069 4225 eidem
1084 4162 1238 4247 aequaliar
1254 4186 1355 4251 quum
1370 4188 1481 4254 aequa·

320 4262 394 4357 litas
416 4260 494 4347 quid
517 4261 567 4341 sit,
584 4262 662 4349 quid
679 4262 829 4328 distincte
849 4262 1006 4349 significet
1025 4274 1119 4339 antea
1137 4267 1353 4353 praecognosci
1372 4267 1479 4350 debet,

319 4372 414 4453 quatu
430 4362 498 4450 ejus
513 4364 736 4451 propositionis
751 4366 868 4431 veritas
883 4376 978 4449 queat
992 4366 1224 4454 comprehendi.

760 4504 892 4512 -.....-—-.
899 4506 1007 4513 -—.—-
1017 4506 1061 4512 --ι

371 4512 508 4569 Answers.
