3167 5192
102 392 202 441 naen.
218 376 284 461 ιι]
457 392 643 444 nncnonns
666 394 939 446 unrunusucn.
1204 383 1265 450 181

100 564 224 631 tinctos
239 565 412 632 admodum
427 576 460 633 et
473 566 656 654 adaequatos
671 578 842 655 conceptus
855 569 1040 656 postulant;
1056 570 1198 658 adeoque
1212 571 1267 637 vel

100 668 323 755 receptissima
333 669 464 734 nomina
475 690 588 750 rerum,
603 670 762 755 (sensibus
773 672 932 759 praecipua
941 694 1007 737 non
1016 673 1266 754 obvemantium,

99 781 133 836 et
147 772 201 837 sui
217 770 412 837 clarissimas
427 771 525 839 icloeas
539 794 604 838 non
619 773 883 861 imprimentium)
900 775 1105 841 scientiarum
1120 776 1267 863 magistri

100 874 240 941 definire
254 874 382 956 debent,
399 884 432 941 et
445 875 672 942 vocabulorum
691 877 892 963 significatus
906 899 928 943 a
940 879 1068 964 vulgari
1083 880 1267 947 confusione

99 1000 326 1066 compurgare.
376 978 567 1065 Quanquam
597 1002 656 1045 nec
685 981 778 1047 aliter
806 993 967 1069 receptum
996 994 1045 1047 est
1074 983 1267 1070 aquaticam

101 1102 234 1162 nomen,
250 1104 347 1169 quam
362 1094 399 1147 ut
412 1083 559 1169 designet
574 1084 617 1163 id,
633 1084 720 1170 quod
736 1084 821 1150 dicto
838 1086 1048 1172 pronunciato
1066 1086 1265 1173 exprimitur,

100 1185 346 1272 magnitudines
363 1208 478 1273 nempe
492 1208 564 1274 qum
584 1186 734 1252 dicuntur
755 1188 903 1275 aequales‚
924 1188 1009 1254 inter
1029 1212 1064 1255 se
1083 1212 1267 1277 congruere.

101 1286 260 1355 Continet
275 1290 375 1377 igitur
389 1288 470 1355 illud
485 1289 615 1355 axioma
629 1290 846 1357 definitionem
860 1292 1062 1379 aequalitatis,
1078 1293 1175 1359 etiam
1193 1294 1268 1359 vul-

100 1394 238 1479 garibus
252 1392 345 1459 ideis
360 1396 440 1461 bens
455 1405 712 1461 consentaneam.

142 1494 214 1562 His
230 1496 401 1583 adjiciatur
414 1496 545 1577 Quarto,
561 1497 649 1583 quod
666 1496 790 1563 nullam
805 1496 977 1564 adversarii
995 1498 1099 1585 magis
1119 1498 1267 1565 idoneam

100 1598 306 1665 comminisci
331 1600 453 1687 possint
479 1600 672 1687 aequalitatis
697 1600 871 1680 notionem,
894 1624 998 1689 neque
1022 1624 1080 1689 per
1102 1624 1184 1682 eam,
1206 1602 1268 1667 hdc

100 1703 240 1769 excluse
262 1702 394 1784 ratione,
418 1702 495 1790 quid
513 1702 617 1769 velint
636 1693 865 1769 aut'distincta
886 1703 1080 1791 intelligant,
1104 1703 1269 1771 commode

100 1816 227 1893 queant
241 1805 451 1894 interpretari.
495 1804 697 1891 Argumento
713 1805 779 1871 sint
794 1828 874 1893 quas
897 1806 1029 1874 Hobbio
1048 1809 1192 1895 suggerit
1213 1832 1269 1875 an·

101 1911 270 1998 tagonista
283 1930 360 1975 suus
374 1909 454 1974 alias
469 1908 549 1975 duas
564 1909 633 1995 ejus
648 1908 887 1996 descriptiones,
902 1921 940 1976 ut
953 1910 1022 1999 ipse
1036 1912 1146 1993 credit,
1162 1913 1267 1999 magis

102 2015 271 2104 appositas
288 2014 355 2093 illa,
372 2035 443 2100 qnae
464 2034 506 2079 ex
528 2012 736 2100 congruentit
757 2011 944 2081 desumitur.
991 2015 1159 2081 Hobbium
1179 2017 1267 2084 hisce

102 2118 241 2185 totidem
256 2116 364 2184 verbis
383 2118 532 2199 scitatum
556 2118 673 2183 Annon
692 2116 790 2183 amat
809 2130 839 2183 et
852 2119 945 2185 semel
963 2118 1083 2186 dammae
1098 2144 1215 2209 possea,
1231 2122 1270 2187 a‘d

103 2221 204 2288 clters'
220 2220 339 2309 oeqsmle
358 2235 403 2287 eat
421 2222 506 2308 quod
524 2221 704 2286 tantundem
727 2232 774 2286 eet
796 2234 888 2309 atqua
911 2224 1032 2310 ipsum:
1061 2224 1111 2288 vel
1130 2225 1249 2311 oequal'

104 2339 179 2391 mant
202 2348 336 2412 qnorum
357 2325 463 2390 mcum
483 2336 528 2389 est
549 2326 731 2411 quanticum·
753 2324 804 2390 vel
822 2328 855 2389 ιι·
873 2340 985 2390 matra
1006 2327 1115 2391 lacrum
1129 2328 1265 2414 placeat,

104 2428 215 2495 saltem
234 2428 334 2493 altum
352 2426 558 2513 deyiuriioncm
577 2428 752 2494 anamma?
797 2426 853 2491 Ad
867 2450 939 2514 quae
953 2429 1052 2493 verba
1066 2427 1141 2493 licet
1155 2429 1268 2495 adver-

105 2546 169 2599 tere
185 2532 301 2619 primo,
317 2530 403 2618 quod
418 2528 591 2595 verisimile
606 2530 649 2595 sit
663 2530 884 2595 acutissimum
905 2530 998 2595 illum
1015 2531 1122 2595 uuum
1142 2532 1266 2597 nullam

105 2634 290 2720 excogitare
309 2632 450 2719 potuisse
465 2630 682 2697 definitionem
698 2632 924 2697 accuratiorem
935 2632 1015 2711 illis,
1030 2654 1111 2719 quas
1124 2633 1265 2715 adducit,

105 2738 233 2804 duabus
251 2740 322 2823 (nec
335 2736 422 2803 enim
438 2736 536 2823 siquas
553 2736 789 2816 succurrissent,
805 2736 878 2801 illas
893 2736 1088 2820 omisisset);
1112 2738 1201 2825 atqui
1216 2739 1266 2806 hae

107 2840 185 2921 clue,
203 2840 258 2907 vel
276 2838 361 2904 nihil
379 2839 507 2904 omnino
526 2836 706 2924 significare
726 2838 884 2917 videntur,
900 2849 956 2903 aut
973 2839 1008 2904 in
1025 2842 1265 2927 congruentiam

107 2944 255 3010 recidere.
290 2941 385 3007 lllsm
400 2939 555 3027 imprimis
573 2942 657 3027 (quae
672 2940 714 3005 ab
730 2939 904 3007 Aristotele
918 2952 1030 3009 mutuo
1044 2943 1147 3009 videri
1161 2954 1267 3032 potest

107 3056 246 3134 accepta,
265 3046 357 3131 cujus
378 3054 427 3108 est
449 3042 506 3107 ἴσα
524 3038 568 3107 ὧν
590 3040 627 3106 τὸ
648 3040 754 3107 ποσὸν
776 3042 835 3125 ἕν’)
860 3042 1016 3130 AEqnalic
1029 3054 1114 3125 sunt,
1130 3069 1266 3133 quorum

107 3149 217 3217 endem
238 3158 290 3215 est
307 3146 480 3233 quantitas,
497 3166 563 3209 non
584 3144 739 3230 improb0,
758 3144 814 3210 scd
835 3166 934 3233 prone
956 3148 1138 3236 amplector,
1160 3149 1266 3238 siper

108 3274 173 3319 eam
189 3252 306 3319 saltem
323 3249 488 3316 denotetur
507 3270 571 3314 non
588 3247 723 3313 actualis
741 3248 798 3313 ssd
817 3249 981 3335 possibilis
1000 3251 1150 3317 identitas
1164 3275 1266 3339 quan·
1306 3320 1312 3330 ,

109 3354 206 3421 titatis
222 3358 271 3441 (nt
286 3376 361 3419 sane
376 3352 471 3419 debet
485 3349 634 3437 intelligi,
647 3373 688 3416 ne
702 3350 878 3416 manifestas
892 3352 1044 3417 falsitatis
1059 3354 1267 3420 convincatur

110 3459 175 3546 ipsa
189 3457 370 3526 enunciatio
386 3456 528 3523 tribuens
543 3454 676 3520 eandem
691 3454 785 3520 rebus
807 3454 995 3541 equalibus,
1011 3454 1072 3519 hoc
1094 3466 1152 3536 est,
1170 3457 1265 3522 rebus

112 3574 180 3629 acm
194 3562 341 3640 diversis,
357 3558 593 3648 quantitatem).
640 3556 705 3637 Sic,
726 3558 870 3644 inquam,
888 3557 1085 3623 intellectam
1105 3558 1266 3627 definitio·

111 3688 182 3731 uem
194 3666 290 3731 istam
306 3686 370 3729 non
384 3660 589 3751 reprehendo,
605 3660 662 3725 sed
679 3660 838 3747 interrogo
854 3659 1013 3747 quomodo
1034 3662 1134 3748 possit
1154 3662 1265 3728 eadem

114 3770 240 3837 eradere
253 3769 389 3835 duarum
404 3789 508 3833 rerum
523 3764 685 3851 quantitas
702 3764 795 3830 aliter
809 3786 905 3850 quam
927 3786 984 3851 per
1004 3765 1263 3850 congruentiam

114 3872 171 3936 nisi
194 3896 251 3961 per
275 3870 530 3959 applicationem,
554 3869 614 3948 aio,
637 3867 691 3933 vel
715 3866 888 3932 mentalem
909 3867 1179 3954 penetrationem
1210 3880 1266 3934 aut

115 3971 249 4058 ejusdem
265 3972 363 4039 medii
383 3970 479 4059 spatii
495 3969 676 4036 interventu
691 3968 881 4047 coincidunt,
897 3978 929 4033 et
943 3968 1035 4055 quasi
1050 3969 1267 4037 coadunentur

592 4120 603 4154 ¹
619 4122 678 4171 Met.
692 4133 727 4170 w.
742 4118 780 4171 16.

164 4409 202 4479 (4)
235 4410 294 4467 'l'lre
305 4408 444 4480 obJactars
455 4409 526 4468 have
536 4414 587 4467 not
598 4410 668 4467 beon
680 4410 742 4465 able
753 4413 784 4465 ta
796 4408 859 4478 give
871 4422 888 4461 a
898 4404 992 4461 better
1004 4403 1153 4460 delinitiou.

165 4495 257 4551 Wsllis
267 4496 377 4567 against
389 4495 512 4554 llobbes
