3167 5192
96 397 186 448 mor.
206 381 335 465 xxv11.]
424 396 611 448 nucrrouas
633 397 906 450 narnensmcn.
1081 383 1147 450 399

100 581 102 585 ’
158 565 332 654 Complura
358 565 555 632 deducantur
579 565 655 632 hinc
683 566 856 647 corollaria,
886 567 969 632 circa
997 589 1092 634 conos
1115 573 1147 634 et

95 668 253 756 cylindros
275 669 408 757 sphaeras
429 669 617 756 inscriptos3
640 669 698 735 sed
719 691 785 734 non
807 669 841 735 id
862 670 998 755 agimus,
1019 681 1146 736 atvero

94 781 215 837 tanturn
229 782 267 838 ut
280 773 421 838 authoris
442 773 543 838 nostri
557 772 742 838 methodum
757 772 962 839 elucidamus.
1006 773 1052 837 Et
1073 795 1146 838 cum

95 875 173 941 nihil
187 876 222 941 in
236 877 340 965 primo
354 876 437 942 libro
453 876 596 943 notabile
609 876 830 964 reliquerimus
850 877 1016 959 intactum,
1031 877 1146 943 nansi-

96 977 198 1044 bimus
212 979 254 1046 ad
268 979 452 1047 secundum.

423 1275 807 1289 w-

464 1475 595 1544 LEOT.
617 1477 767 1544 XXVII.

154 1643 346 1712 Hscrurrus
360 1645 465 1711 conati
480 1667 591 1711 sumus
609 1645 740 1712 modum
760 1668 929 1735 exponere,
945 1669 1009 1733 quo
1029 1647 1146 1714 Archi·

94 1747 194 1814 medes
209 1749 372 1838 praecipua
392 1772 451 1816 sua
472 1749 555 1815 circa
574 1749 733 1838 sphaeram
755 1751 950 1816 theoremata
971 1750 1145 1838 investiga-

94 1849 146 1916 vit.
189 1849 237 1917 Et
252 1875 416 1940 possemus
430 1853 514 1917 hanc
528 1852 736 1940 principalem
751 1852 914 1940 assequuti
928 1875 1057 1940 scopum
1075 1853 1145 1941 jam

94 1954 317 2041 conquiescere.
362 1954 482 2022 Verum
497 1978 599 2042 operae
614 1956 720 2022 forsan
733 1957 872 2045 pretium
894 1956 989 2022 fuerit
1006 1956 1145 2043 analyti-

95 2077 157 2121 cam
170 2056 415 2144 problematum,
431 2080 503 2145 quae
524 2058 559 2122 in
582 2057 722 2124 secundo
744 2059 826 2124 libro
848 2058 1015 2140 habentur,
1034 2060 1146 2125 soluti-

94 2179 179 2224 onem
194 2158 328 2240 tradere,
344 2182 408 2247 qno
428 2160 556 2248 planius
577 2171 737 2249 appareat,
753 2161 880 2248 qualem
900 2161 955 2228 ille
975 2163 1146 2230 subtilissi-

94 2286 159 2330 mus
185 2267 240 2332 vir
267 2265 415 2353 analysin
443 2267 614 2356 usurparit,
645 2275 678 2334 et
706 2289 803 2356 quam
833 2266 994 2334 hodiernae
1030 2278 1146 2335 nostrae

94 2389 198 2453 parum
213 2367 414 2435 dissimilem.

535 2609 625 2679 LIB.
648 2609 697 2677 ΙΙ.

535 2783 643 2852 Paos.
666 2782 695 2850 I.

93 2917 236 2988 Invenire
250 2919 409 3008 spheram
423 2917 579 3008 aqualem
593 2918 668 2984 dato
683 2917 830 3007 cylindro
844 2919 915 2984 BE.
1158 2941 1277 2993 Aroma.
1288 2955 1307 2994 1.

316 3055 348 3104 H
681 3053 711 3104 K
905 3053 930 3103 F

156 4273 206 4344 Sit
223 4279 295 4344 D=
306 4278 372 4347 Bo
389 4278 543 4346 diametro
563 4278 660 4358 basis,
676 4285 709 4344 et
722 4277 792 4343 [ιε
810 4277 870 4344 ΟΕ
888 4274 980 4342 lateri
1004 4271 1142 4361 cylindri

97 4375 175 4461 dati3
196 4384 274 4450 etA
291 4382 444 4450 diameter
469 4383 602 4471 sphaerae
627 4381 779 4469 quaesitae.
823 4379 900 4446 Jam
924 4379 1056 4468 sphaerae
1081 4376 1142 4442 cir-

96 4485 296 4574 nmseriptus
310 4485 508 4576 concipiatur
528 4484 701 4576 cylindrus.
719 4483 862 4552 GHKM
872 4483 1006 4572 (habens
1027 4503 1141 4568 nempe
