3167 5192
300 408 364 474 166
652 420 838 473 nscrrouss
861 420 1134 473 urrnnurrrcu.
1279 402 1391 489 [tucn
1407 418 1455 469 xr

299 595 372 661 tiois
386 604 552 683 utramque
565 594 630 662 fere
644 593 797 682 paginam
815 594 900 675 lacit,
921 604 954 659 et
971 616 1066 680 qnam
1088 591 1237 659 Procius¹
1260 594 1456 681 [Ipo'rrwrov

299 698 333 764 ἐν
352 701 398 787 τῷ
415 700 511 786 ποσῷ
530 698 725 782 σύμπτωμα,
740 696 1043 786 principalissimum
1063 706 1096 763 et
1113 696 1205 783 quasi
1224 696 1455 783 primissimunr

298 801 332 868 in
355 803 534 889 quantitate
557 810 739 888 symptoma
761 802 866 885 vocat)
892 798 1012 887 optime
1035 803 1107 864 mea
1131 800 1289 865 sententit
1312 800 1455 869 formalis

243 962 246 967 .
297 904 378 972 ratio
389 906 583 986 desumitur3
599 904 866 1002 saltemejusdem
877 904 917 972 de
926 903 1011 970 facto
1021 903 1122 970 veluti
1133 903 1337 991 potissimum
1349 906 1455 994 κριτή-

221 1011 224 1017 ’
296 1035 374 1097 prov,
391 1020 424 1075 et
437 1009 627 1097 palmarium
641 1005 813 1074 adhibetur
826 1017 1061 1094 argumentum.

362 1110 403 1177 Id
417 1110 575 1199 quomodo
586 1110 628 1177 sit
639 1132 742 1198 operae
756 1110 861 1175 forsan
877 1109 1012 1196 pretium
1028 1108 1123 1175 fuerit
1137 1108 1312 1177 ostendere.
1336 1110 1456 1190 Quarta

295 1213 391 1301 primi
406 1212 555 1280 clementi
569 1213 742 1301 propositio
761 1214 844 1299 (quae
859 1236 878 1277 a
892 1211 1007 1277 Proclo
1027 1210 1086 1277 Ἐν
1103 1212 1312 1298 θεωρήμασιν
1330 1212 1455 1281 ἁπλού-

295 1344 419 1383 στατον
437 1327 469 1383 et
488 1314 758 1405 ἅρχοειδέστατον
776 1336 842 1379 non
862 1312 1033 1379 admodum
1049 1313 1207 1381 immerito
1222 1314 1352 1399 dicitur)
1371 1340 1456 1383 oom-

158 1505 166 1515 ⁵
244 1432 250 1440 ’
295 1423 435 1510 probans
458 1421 673 1509 aequalitatem
694 1420 828 1485 duorum
851 1417 1083 1504 triangulorum
1107 1417 1294 1485 habentium
1318 1421 1456 1509 aequalia

296 1524 359 1591 duo
379 1548 478 1605 curra,
498 1524 611 1612 hisque
631 1522 872 1611 comprehensos
893 1520 1028 1606 angulos
1047 1522 1185 1609 aequales
1208 1523 1327 1609 (quoad
1346 1526 1455 1591 omnia

294 1628 519 1717 aequalitatem)
537 1627 769 1693 demonstratur
783 1648 825 1692 ex
839 1625 974 1691 laterum
989 1634 1021 1691 et
1040 1625 1228 1711 angulorum
1243 1628 1454 1713 congruentia

297 1733 476 1820 (adsumpto
491 1742 615 1799 tantum
631 1732 800 1811 axiomata,
816 1730 887 1795 dnae
901 1739 995 1795 rectae
1008 1729 1102 1794 lineae
1122 1729 1261 1816 spatium
1281 1752 1348 1797 non
1367 1754 1454 1798 com·

292 1834 502 1922 prehendunt,
525 1833 578 1900 vel
599 1834 705 1921 potius
727 1833 788 1899 hoc
810 1832 919 1899 eodem
940 1831 1109 1911 recidente,
1132 1832 1215 1898 Duae
1236 1842 1330 1899 rectae
1357 1834 1451 1902 linere

294 1937 445 2002 terminos
464 1936 619 2003 habentes
638 1936 765 2003 eosdem
784 1935 984 2022 congruent).
1029 1934 1084 2000 Ab
1105 1935 1166 2001 hae
1190 1934 1349 2021 (adhibito
1371 1937 1453 2005 dun·

294 2047 386 2104 taxat
415 2038 584 2119 axiomate,
608 2060 708 2125 eoque
731 2038 828 2103 etiam
852 2060 910 2125 per
936 2037 1174 2125 congruentiam
1199 2036 1450 2123 demonstrabili,

295 2142 392 2227 (sicut
404 2151 478 2230 post
492 2142 552 2207 hoc
565 2142 790 2229 ostendemus)
808 2142 845 2210 Si
860 2142 1038 2230 equalibus
1053 2142 1188 2229 aequalia
1201 2142 1361 2211 addantur
1375 2154 1449 2226 tots,

294 2247 347 2312 vel
364 2246 393 2312 si
411 2247 453 2312 ab
473 2246 650 2335 aequalibus
670 2247 806 2335 aequalia
826 2248 1053 2314 subtrahantur
1072 2246 1198 2313 residua
1217 2245 1348 2314 sibimet
1367 2271 1451 2316 exa·

293 2351 454 2439 quantun)
468 2350 700 2417 demonstratur
715 2352 881 2437 aequalitas
896 2350 1126 2438 triangulorum
1140 2374 1178 2417 ac
1191 2351 1449 2439 parallelogram-

292 2476 417 2520 morum
435 2476 529 2543 super
546 2454 674 2521 easdem
690 2454 793 2535 bases,
813 2464 845 2520 et
865 2454 947 2519 inter
964 2453 1091 2521 easdem
1109 2453 1277 2542 parallelas
1297 2456 1449 2523 constitu·

292 2565 408 2627 torum.
452 2557 534 2625 Inde
555 2580 611 2646 per
632 2558 770 2639 axioma,
791 2557 874 2638 Quae
895 2556 998 2625 eidem
1021 2557 1156 2645 aequalia
1178 2566 1262 2637 sunt,
1284 2566 1448 2646 aequantur

292 2660 356 2728 sibi
372 2671 494 2739 mutuo,
516 2662 613 2750 (quod
632 2661 749 2727 itidem·
764 2660 893 2727 axioma
911 2684 966 2749 per
983 2660 1221 2748 congruentiam
1241 2660 1446 2729 demonstrari

292 2765 419 2851 potest)
434 2766 474 2831 de
484 2764 788 2853 parallelogrammis
803 2775 899 2853 atque
912 2764 1081 2852 triangulis
1096 2788 1191 2854 super
1205 2766 1343 2854 aequales
1358 2769 1445 2835 bases

293 2867 474 2933 constitutis
502 2859 860 2935 idcm'dcmonstratur.
905 2868 961 2934 Ab
989 2868 1050 2949 his,
1077 2868 1222 2935 adhibita
1250 2868 1444 2937 solummodo

292 2978 443 3056 practerea
467 2972 751 3058 proportionalium
776 2971 970 3053 definitione,
998 2971 1164 3038 deducitur
1191 2972 1445 3061 parallelogram-

292 3094 417 3137 morum
431 3084 463 3139 et
476 3073 671 3161 trigonorum
686 3098 777 3165 aeque
791 3076 929 3143 altorum
944 3099 1017 3142 cum
1032 3076 1098 3143 suis
1113 3076 1254 3157 basibus,
1269 3077 1324 3144 vel
1341 3100 1443 3165 requa-

292 3174 339 3240 les
361 3174 457 3242 bases
478 3176 664 3244 habentium
686 3202 760 3245 cum
785 3178 853 3246 suia
875 3180 1006 3246 basibus
1028 3179 1313 3267 proportionalitas.
1358 3180 1442 3248 Hinc

292 3278 564 3368 aequiangulorum
589 3282 821 3370 triangulorum
846 3282 1031 3364 similitudo,
1057 3292 1127 3348 tum
1151 3283 1186 3349 in
1213 3284 1387 3372 aequah'bns
1410 3296 1442 3352 et

289 3406 390 3450 unum
405 3384 558 3472 angulum
573 3386 728 3474 aequalem
742 3386 935 3453 habentibus
949 3386 1118 3473 triangulis
1139 3396 1171 3453 et
1188 3386 1442 3476 parallelogram-

290 3486 352 3554 mis
371 3487 529 3576 reoiproca
548 3489 683 3556 laterum
706 3488 801 3575 (circa
817 3512 909 3577 pares
929 3489 1075 3576 angulos)
1097 3490 1267 3578 proportio,
1288 3502 1442 3580 permuta

290 3590 412 3678 timque
436 3614 479 3657 ex
503 3591 662 3679 reciproca
685 3592 886 3680 proportione
911 3592 1046 3659 laterum
1071 3592 1236 3681 aequalitas
1261 3594 1439 3683 figurarum,
1544 3672 1545 3679 ἵ

290 3692 424 3783 aliaeque
445 3693 576 3783 reliquae
596 3716 667 3783 quae
684 3694 857 3783 praesertim
878 3694 912 3759 in
936 3694 1036 3763 Sexto
1055 3697 1256 3764 continentur
1276 3698 1440 3767 Elementa

289 3798 456 3885 planarum
471 3797 645 3884 figurarum
660 3796 840 3863 affectiones
855 3796 1043 3886 principales
1058 3797 1250 3867 derivantur.
1544 3796 1545 3811 ¹

354 3900 461 3968 Aliter
474 3899 570 3966 etiam
585 3900 660 3985 (non
674 3898 819 3966 adhibita
833 3905 947 3987 quarta
959 3899 1055 3988 primi
1069 3901 1228 3987 elementi)
1242 3926 1285 3970 ex
1300 3905 1366 3972 solt
1378 3904 1440 3971 fere

290 4004 496 4090 congruentia
517 4003 712 4070 deducantur
737 4004 807 4070 istae
829 4005 1061 4092 triangulorum
1082 4016 1115 4073 et
1135 4008 1441 4097 parallelogrammo-

290 4126 362 4173 rum
373 4104 570 4194 aequalitates
583 4115 679 4195 atque
690 4105 997 4196 proportionalitates
1008 4108 1206 4197 supradicta,
1219 4111 1437 4202 peregregiam

781 4242 858 4293 1Art.
872 4254 909 4296 ιν.
924 4258 946 4297 1.

342 4436 447 4503 Euclid,
467 4451 486 4492 1.
504 4443 529 4505 4,
549 4438 654 4508 proved
672 4440 709 4509 by
727 4442 907 4499 coincidence.
1046 4497 1050 4506 ,

343 4522 409 4579 And
428 4522 500 4579 from
519 4522 582 4592 this,
601 4524 682 4581 other
699 4527 888 4596 propositione.
