3167 5192
109 382 209 433 usur.
226 367 281 454 a]
464 382 653 435 montosus
675 381 949 435 muncrarius.
1211 364 1275 435 155

107 555 230 623 habere
257 555 421 638 debemus,
445 554 486 623 de
508 554 619 623 divini
641 555 808 637 infinitate,
833 553 985 643 potentii,
1015 553 1274 623 immutabilitate

106 671 294 748 conceptus,
309 660 407 749 spatii
421 660 672 749 qualemcunque
685 660 868 727 distinctm
882 660 1057 726 realitatem
1071 659 1250 727 involvunt.

175 762 290 843 Porro,
304 762 479 830 materialis
492 762 632 829 mundus
645 786 688 829 ex
702 761 876 850 hypothesi
890 750 987 850 qnam
1002 763 1192 830 asseruimus
1209 772 1274 831 ter-

106 865 254 932 minatus
268 877 325 933 ant
337 866 557 947 terminabilis,
572 865 681 955 aliqua
701 866 806 952 figura
826 866 978 954 preditus
999 867 1068 947 erit,
1086 876 1120 933 et
1140 865 1273 954 proinde

104 969 229 1055 quavis
242 968 348 1056 ligurt
364 969 518 1057 praeditus
537 969 676 1058 supponi
696 979 811 1057 potest.
856 968 909 1037 Sit
929 992 1006 1057 ergo
1028 970 1217 1059 sphaericum
1240 981 1272 1039 et

104 1071 199 1159 quod
212 1071 312 1139 etiam
325 1094 502 1161 supponere
514 1072 599 1153 licet,
611 1082 769 1139 sutnatm
781 1071 864 1139 alius
873 1095 948 1139 snm
957 1073 1147 1161 contingens
1161 1072 1272 1141 itidem

105 1173 305 1261 sphaericum
331 1176 361 1241 is
379 1175 516 1264 priorem
536 1175 632 1243 unico
652 1186 770 1264 puncto
790 1176 964 1263 continget,
985 1176 1084 1263 igitur
1103 1178 1187 1245 inter
1206 1178 1272 1245 alia

106 1277 340 1365 sphaericarum
358 1288 478 1366 puncta
494 1279 636 1346 medium
656 1278 744 1366 quid,
765 1278 826 1346 hoc
843 1290 900 1355 est,
915 1279 1036 1367 aliquid
1053 1280 1158 1369 spatii,
1175 1280 1273 1347 iuter-

101 1378 239 1465 jacebit.
266 1378 442 1447 Sumuntur
455 1380 541 1447 euim
553 1381 590 1447 in
601 1381 822 1467 contiguarum
837 1382 1030 1469 sphaerarum
1045 1382 1271 1471 superficiebus

106 1484 177 1549 duc
190 1493 312 1572 puncta
323 1482 484 1571 quaelibet,
493 1494 587 1551 extra
599 1493 791 1566 contactum,
803 1485 891 1552 hisce
904 1486 975 1553 dico
990 1487 1127 1574 spatium
1141 1486 1271 1573 aliquod

108 1587 271 1674 interjici3
294 1588 323 1653 si
344 1610 452 1674 neges,
469 1610 546 1675 ergo
566 1588 630 1654 duo
650 1589 713 1655 ista
732 1600 852 1677 puncta
868 1612 937 1656 sese
954 1590 1149 1677 contingent,
1163 1599 1273 1657 contra

107 1690 289 1757 clarissime
302 1690 552 1757 demonstratum
565 1692 601 1757 in
615 1690 824 1759 Geometricis
839 1692 1008 1759 theorema.

177 1792 265 1859 Item
277 1803 505 1859 connectantur
518 1793 583 1860 duo
597 1794 791 1883 spbaerarnm
805 1794 936 1861 istarum
955 1805 1064 1862 centra
1082 1798 1168 1861 recta
1186 1794 1271 1862 linet

108 1920 169 1985 per
182 1906 375 1975 contactum,
390 1907 427 1962 ut
439 1895 625 1963 Geometria
637 1920 764 1985 qnoque
778 1898 870 1964 docet
883 1920 921 1963 ac
939 1898 1061 1985 probat,
1077 1906 1269 1980 transeunte,

109 2001 273 2087 ductique
297 1999 518 2086 intelligantur
539 2023 559 2067 e
582 2000 701 2066 centris
724 1999 767 2065 ad
788 2000 874 2066 dista
895 2012 986 2067 extra
1005 2011 1185 2069 contactum
1206 2003 1271 2070 duo

108 2116 234 2193 puncta
257 2103 322 2171 duo
346 2103 446 2183 radii3
474 2103 627 2191 qnoniam
649 2104 749 2191 igitur
772 2126 815 2169 ex
840 2104 1090 2171 adversadorum
1115 2106 1271 2173 sententia

108 2210 199 2275 dicta
211 2218 333 2296 puncta
346 2208 408 2274 sibi
421 2208 573 2294 contigua
586 2218 671 2289 sunt,
686 2230 705 2275 c
719 2207 821 2273 tribus
834 2209 930 2275 rectis
946 2209 1153 2276 constituetur
1171 2211 1271 2278 trian-

108 2313 235 2400 gulum,
250 2312 343 2400 cujus
357 2312 421 2379 duo
440 2312 539 2379 latera
557 2313 649 2379 tertio
668 2312 884 2400 adaquantur,
906 2313 1017 2380 itidem
1036 2324 1145 2381 contra
1160 2315 1271 2383 claris·

108 2418 230 2483 simum
244 2426 279 2481 et
291 2414 503 2482 certissimum
516 2414 709 2483 Geometrioe
722 2416 895 2482 theorema.

175 2521 304 2587 Rursus
318 2529 515 2608 supponatur
527 2520 709 2607 ubicunque
722 2520 756 2585 in
770 2524 878 2585 massa
892 2523 1039 2607 corporet
1052 2517 1124 2585 dua
1139 2519 1271 2606 sphaerae

107 2624 330 2705 concentu-iare,
345 2623 548 2712 ipsarumque
564 2614 790 2711 superficiebus
809 2621 997 2708 interjacens
1015 2622 1162 2688 materies
1180 2624 1273 2689 anni-

108 2730 240 2802 hiletur,
260 2737 318 2793 aut
340 2734 524 2793 amoveatur
544 2725 610 2791 alio
632 2725 680 2810 (id
700 2725 788 2812 quod
809 2748 830 2790 a
851 2724 920 2790 Deo
941 2724 1084 2812 praestari
1105 2734 1209 2813 potest
1228 2748 1272 2793 ex

108 2831 300 2922 praenatis)
327 2854 404 2918 ergo
429 2830 481 2895 har
502 2829 695 2917 superficies,
721 2829 749 2895 si
772 2828 855 2895 nihil
880 2828 1054 2895 intercedat
1076 2828 1182 2917 spatii,
1208 2829 1271 2896 sibi

107 2935 303 3014 coincident,
317 2934 378 3001 etsi
391 2932 509 2999 millies
522 2932 585 2997 ista
597 2932 700 3020 major
720 2932 763 2999 sit
784 2931 845 2997 hac
871 2932 1098 3019 (supponamus
1120 2932 1206 3000 enim
1228 2955 1271 3001 ex

108 3037 283 3105 antedictis
296 3035 382 3124 quod
396 3044 530 3122 utraque
549 3034 705 3122 sphaerica
722 3034 903 3122 superficies
920 3056 1011 3100 snam
1029 3035 1162 3102 retineat
1180 3058 1272 3123 mag-

108 3142 302 3221 nitudinem,
316 3164 381 3207 non
394 3141 543 3207 obstante
560 3138 658 3205 medii
673 3139 813 3227 corporis
832 3138 1047 3219 evacuatione,
1062 3160 1135 3225 quae
1149 3140 1271 3207 extrin-

109 3270 203 3313 secus
216 3245 341 3325 accidit,
355 3253 389 3310 et
401 3242 485 3309 nihil
498 3242 533 3307 in
546 3240 613 3309 illis
628 3242 789 3309 internum
805 3251 927 3323 mutat3
949 3242 1089 3330 ipsanrm
1108 3252 1271 3330 utcunque

109 3347 367 3437 magnitudinem
394 3355 428 3413 et
455 3344 645 3433 positionem
672 3355 773 3411 sartae
801 3354 899 3411 tectas
927 3354 1132 3411 conservante
1160 3344 1273 3411 divina

152 3450 281 3536 tantia).

110 3476 154 3541 1³⁰
176 3554 303 3622 Eodem
320 3551 416 3619 modo
432 3552 462 3617 si
480 3551 631 3619 verticem
649 3549 733 3618 inter
750 3560 783 3617 et
801 3549 906 3618 basim
924 3547 1101 3636 pyramidis
1119 3545 1273 3636 quicquid

113 3658 243 3727 interest
263 3657 406 3723 medium
426 3655 593 3729 unientur,
612 3652 740 3742 quando
761 3652 845 3719 nihil
867 3650 962 3741 spatii
983 3650 1181 3737 relinquitur,
1202 3650 1273 3738 ipsa

115 3784 274 3850 quoquam
295 3759 390 3827 modo
411 3758 609 3848 disjungens,
623 3767 777 3845 puuctum
798 3756 926 3823 verticis
947 3752 1106 3842 adjacebit
1126 3752 1271 3842 proxime

116 3867 239 3953 punctis
252 3864 403 3931 omnibus
416 3863 513 3943 basis,
524 3858 666 3950 adeoque
675 3862 735 3928 toti
746 3860 817 3928 basi
832 3867 985 3946 congruet
996 3868 1028 3924 et
1043 3854 1270 3943 adaequabitur.

176 3969 261 4037 Hmc
273 3979 308 4037 et
320 3968 487 4035 innumera
499 3967 578 4033 talia
590 3966 763 4035 consectari
776 3966 927 4032 ridentur
939 3986 982 4030 ex
996 3960 1165 4048 negatione
1178 3958 1272 4027 realis

116 4074 218 4161 spatii,
231 4070 456 4141 communibus
469 4070 634 4137 homiuum
650 4068 854 4157 conceptibus
868 4090 933 4134 non
947 4066 1055 4133 minus
1069 4086 1165 4153 quam
1185 4062 1273 4131 Geo-

115 4177 249 4245 metricis
264 4174 399 4242 decretis
412 4172 632 4262 repugnantia.

163 4425 204 4485 (3)
238 4418 368 4489 Supww
379 4419 434 4472 lvo
445 4416 580 4487 mhcdcal
591 4414 709 4472 rorida:
725 4414 808 4470 thare
822 4412 898 4468 must
907 4406 945 4466 be
956 4422 1037 4483 specs
1048 4406 1175 4461 between
1185 4396 1271 4453 them.

164 4506 253 4563 Other
264 4502 371 4561 similar
381 4507 548 4574 argumem
