3167 5192
141 393 240 444 uuor.
257 375 295 462 1.]
474 391 660 444 estmorae
682 393 958 445 mensuremus.
1261 381 1302 448 2l

140 559 280 628 faciens:
305 560 352 627 Οἱ
372 559 430 632 τὰς
451 559 558 649 ἀρχὰς
576 559 719 648 εὑρόντες
736 560 864 648 (iuquit)
880 566 1050 634 παντελῶς
1065 561 1121 629 ἐπὶ
1140 561 1304 650 perplura

139 663 340 752 προήγαγον.
368 663 552 730 Disserendi
565 664 693 730 demum
704 687 755 730 ars
769 664 967 751 (Dialectioe)
982 667 1023 733 ab
1037 667 1151 734 Eleate
1161 667 1300 750 Zenone,

141 767 284 836 Socratis
308 777 571 856 contemporaneo
595 790 632 833 ac
647 791 848 854 congerrone,
863 768 1082 857 qualecunque
1102 770 1208 856 (sicuti
1229 793 1302 859 per·

139 877 266 963 hibent)
286 877 479 966 principium
499 875 620 956 sortita,
639 876 698 941 vix
717 875 848 942 tandem
872 875 1055 944 Aristotelis
1076 884 1173 966 opert
1195 880 1301 964 (nobis

139 981 211 1069 ipse
234 981 349 1046 author
372 983 431 1066 eet)
460 981 494 1045 in
517 980 593 1045 artis
608 979 793 1045 methodum
812 980 972 1048 excrevit:
997 979 1119 1049 Saltem
1134 1006 1155 1048 a
1177 983 1301 1071 Pytha-

139 1084 247 1170 goreis
277 1095 311 1150 et
342 1083 415 1149 aliis
443 1083 613 1171 plerisque¹
641 1082 786 1149 Platonis
818 1084 1067 1152 antecessoribus
1097 1084 1300 1173 philosophis

137 1187 269 1274 penitus
290 1187 468 1274 ignoratam
490 1196 522 1252 et
543 1186 695 1251 intactam
717 1195 824 1252 exerte
844 1196 1038 1254 contestatur
1061 1187 1148 1255 idem
1173 1189 1301 1258 Aristo-

138 1289 239 1357 teles:
271 1289 319 1356 Οἱ
340 1288 405 1377 γὰρ
430 1288 581 1378 πρότεροι
607 1289 733 1377 (inquit,
762 1290 824 1355 boc
852 1300 902 1356 est
929 1290 1064 1359 Platone
1089 1292 1295 1380 antiquiores)

139 1391 343 1477 διαλεκτικῆς
369 1392 405 1460 ov'
435 1393 606 1482 μετεῖχονῑ.
653 1391 782 1459 Scilicet
811 1393 847 1457 in
870 1393 930 1459 illa
958 1394 1136 1461 studiorum
1164 1395 1300 1463 infantia

137 1497 283 1563 nondum
300 1495 503 1570 adoleverant
521 1505 605 1562 artes
624 1495 694 1562 istae
708 1495 898 1583 populares:
920 1497 1073 1564 Nondum
1088 1510 1219 1568 venerat
1232 1500 1299 1567 illis

138 1601 173 1665 in
188 1611 327 1668 mentem
347 1625 365 1667 e
384 1601 549 1690 praeceptis
571 1599 690 1666 hauriri
710 1623 804 1690 posse
825 1599 878 1666 vel
899 1602 999 1688 perite
1016 1602 1227 1691 scriptitandi,
1244 1605 1298 1674 vel

136 1704 309 1792 eloquendi
329 1703 472 1787 facunde,
495 1704 547 1772 vel
569 1715 681 1790 argute
702 1703 887 1792 disputandi
908 1704 1094 1787 facultates3
1116 1729 1196 1794 quas
1219 1709 1298 1776 forte

136 1809 193 1875 vel
210 1815 324 1874 natura
338 1809 451 1898 cuique
470 1811 626 1897 putabant
639 1809 761 1890 insitas,
781 1809 835 1876 vel
850 1831 868 1876 e
882 1809 1065 1897 quotidiano
1079 1811 1204 1890 facilius
1225 1836 1296 1894 usu,

136 1912 635 2000 quamexoperosainstitutione
644 1913 805 1978 crederent
813 1915 1001 2000 comparari;
1013 1937 1071 1981 nec
1079 1915 1227 2002 opinione
1237 1924 1297 1984 sut

136 2016 276 2080 multum
295 2015 442 2104 deceptos
460 2017 531 2104 ipsa
549 2015 649 2082 ferme
663 2015 807 2102 coarguit
823 2017 1027 2103 experientia
1071 2017 1175 2084 Omne
1196 2018 1296 2107 igitur

135 2119 279 2185 studium
294 2119 406 2208 primis
423 2119 494 2186 istis
506 2119 620 2185 seculis
636 2119 719 2184 eirca
732 2119 801 2186 haee
815 2119 877 2186 duo
893 2130 1079 2207 occupatum
1096 2130 1154 2203 est,
1167 2121 1295 2190 Mathe·

135 2233 225 2288 mata
239 2221 360 2288 seilicet
374 2234 406 2288 et
426 2221 678 2310 Philosophiam,
695 2244 829 2310 quorum
843 2222 902 2289 ille
920 2223 1064 2291 solebant
1085 2225 1120 2290 in
1138 2225 1258 2294 scholis
1274 2251 1295 2293 a

133 2325 340 2412 peritioribus
361 2323 527 2412 Magistris
548 2335 664 2392 tcnerae
686 2323 772 2390 aetati
794 2325 953 2408 instillari,
976 2327 1044 2393 haeo
1063 2330 1293 2416 provectiorum

134 2431 169 2495 in
187 2429 254 2496 suis
274 2429 449 2496 recessibus
463 2427 761 2517 contemplationem
779 2430 964 2510 exercebat;
987 2431 1043 2495 illa
1061 2431 1103 2497 ad
1117 2433 1200 2499 hanc
1212 2457 1294 2523 prce-

132 2533 293 2622 parabant
325 2531 457 2613 animos,
484 2543 516 2598 et
545 2532 631 2598 viam
660 2531 859 2598 muniebant
903 2530 975 2611 Quo
1009 2543 1149 2620 spectare
1177 2546 1293 2621 potest,
1394 2546 1399 2556 '

132 2635 222 2724 quod
240 2633 385 2701 Laertius
400 2657 420 2700 a
434 2633 618 2722 Pythagora
639 2635 796 2722 triplicem
810 2644 964 2700 memorat
980 2635 1193 2723 conscriptum
1208 2659 1293 2704 com-

131 2739 336 2818 mentarinm,
356 2737 583 2818 institutivum,
605 2737 743 2816 civilem,
757 2735 934 2803 natruelem
957 2736 1158 2825 (γέγραπται,
1177 2739 1292 2827 inquit,

131 2845 182 2929 τῷ
206 2839 385 2928 Πυθαγόρᾳ
406 2838 646 2927 ατηγράμματα
675 2840 716 2923 γ’,
748 2837 960 2917 racemata,
992 2842 1170 2924 venerata,
1195 2849 1291 2931 φυσα-

132 2943 201 3028 κὸν)
227 2965 290 3030 quo
311 2943 433 3008 scilieet
454 2942 538 3008 trino
555 2943 779 3010 commentario
797 2944 946 3009 universa
959 2953 1135 3032 temporum
1157 2945 1290 3014 istcmm

130 3047 277 3112 doctrina
290 3045 517 3134 comprehensa
529 3045 673 3112 videtur:
696 3067 755 3112 neo
768 3047 833 3113 fere
847 3046 980 3112 dubium
994 3059 1052 3130 est,
1068 3049 1147 3136 quin
1160 3049 1291 3116 παιδευ-

131 3151 224 3217 τικὸν
242 3149 328 3217 idem
346 3149 559 3236 designaverit
579 3149 665 3238 quod
678 3150 921 3234 pudqpartadv3
943 3157 1007 3238 qut
1024 3153 1145 3219 scilicet
1160 3153 1291 3220 institu-

130 3257 221 3322 tione
239 3254 359 3343 praevit
373 3253 415 3320 ad
433 3263 599 3342 utramque
615 3253 827 3341 philosophiae
843 3263 975 3342 partem,
996 3255 1121 3322 civilem
1143 3265 1176 3323 et
1196 3267 1290 3324 natu-

130 3359 242 3434 ralem,
273 3357 394 3424 aditum
422 3357 629 3446 praestruebat
658 3355 714 3424 ille
739 3357 862 3445 primus
888 3359 983 3442 (certe
1010 3367 1081 3424 tum
1105 3359 1286 3446 primarius)

131 3461 267 3528 antistes
283 3459 464 3549 Sapientiae.
489 3458 674 3548 Eodemque
685 3461 842 3548 pertinere
850 3459 976 3526 videtur
986 3461 1104 3546 triplex
1114 3460 1179 3542 illa,
1192 3483 1290 3554 quam

131 3563 261 3632 Gellius
290 3563 398 3644 tradit,
430 3561 653 3650 Pythagoricae
682 3562 833 3629 doctrinae
865 3561 1042 3649 gradatio²;
1069 3563 1167 3650 juxta
1193 3585 1290 3651 quam

130 3689 247 3755 nempe
267 3665 354 3732 illius
368 3665 508 3732 instituti
531 3687 680 3753 sequaces
698 3663 886 3732 ἀκουστικοὶ
899 3664 1012 3752 primo,
1028 3664 1173 3751 proxime
1187 3665 1291 3749 μαθη·

130 3771 272 3854 ματικοὶ,
303 3771 408 3838 denuo
438 3769 570 3859 φυσικοὶ
599 3769 802 3851 dicebantdr3
833 3769 894 3836 hoe
924 3779 975 3836 est
1007 3769 1152 3857 linguam
1185 3772 1290 3859 primo

131 3899 336 3966 compescere,
361 3897 511 3963 auresque
534 3895 686 3955 exercere,
707 3897 764 3942 ceu
786 3888 890 3940 rerum
912 3874 1053 3941 omnium
1075 3875 1197 3962 ignaru
1219 3887 1288 3944 tum

131 3980 252 4071 aliquid
265 3979 393 4060 discere,
405 3979 653 4067 qualemcunque
668 3977 830 4044 scientiam
843 3989 967 4067 captare
974 4003 983 4062 3
998 3990 1155 4068 postremo
1169 4005 1286 4072 sapere,

328 4115 338 4149 ¹
356 4115 466 4180 Metuph.
478 4133 533 4182 cap.
545 4113 568 4167 6.
868 4114 880 4147 ¹
897 4115 955 4166 Lib.
967 4129 986 4167 1.
998 4133 1052 4183 cap.
1065 4133 1090 4186 9.

171 4313 316 4372 ‚Dialectic
326 4313 365 4384 by
377 4313 450 4369 Zeno
461 4313 509 4370 the
521 4313 644 4382 Eleatic;

184 4399 241 4456 'Phe
252 4400 362 4457 studies
373 4401 404 4455 at
415 4399 476 4456 that
487 4399 556 4456 time
566 4417 639 4456 vere
652 4399 817 4471 Philosophy
828 4399 883 4464 and
896 4399 1096 4458 Mathematios.

183 4485 271 4544 'lbreo
283 4485 402 4557 degrooe
413 4486 445 4543 ol
453 4485 642 4557 Pythagoreos
654 4485 788 4556 teoehing.
