3167 5192
103 409 197 456 uror.
216 391 282 476 rv.]
448 409 635 458 memoras
658 411 934 460 usruaunmcm.
1228 402 1266 464 71

101 582 274 649 Euclidem
290 582 405 648 acriter
418 582 641 670 reprehendit¹,
654 583 902 671 quodplurimas
913 585 941 650 is
955 586 1184 673 propositiones
1199 611 1268 655 sus·

102 687 218 776 ceperit
249 685 525 765 demonstrandas,
555 709 644 772 quas,
673 696 711 752 ut
738 686 795 752 ille
822 688 951 775 quidem
981 690 1138 776 opinatur,
1169 692 1268 759 satius

101 791 211 856 fuisset
226 813 289 856 ceu
306 795 365 855 sua
379 789 449 854 luce
469 789 569 854 claras
589 790 733 877 enipere,
755 789 1018 858 indemonstratas
1033 795 1213 883 anticipare,
1232 796 1267 862 in

101 895 302 958 axiomatum
319 915 448 958 censum
463 892 584 958 referre.
623 891 668 958 Et
682 893 836 980 potuisset
849 895 958 960 eodem
969 896 1041 983 jure
1055 908 1154 963 totam
1169 910 1268 967 cater-

100 1020 171 1062 vam
182 1009 334 1062 veterum
346 995 586 1062 Geometrarum
599 995 712 1062 similis
725 997 826 1084 culpae
841 1020 910 1064 reos
924 1021 1082 1086 peragere,
1099 1001 1267 1089 ipsumque

101 1101 134 1163 in
153 1099 219 1164 illis
238 1099 391 1164 divinum
406 1097 631 1166 Archimedem
649 1099 818 1186 increpare,
837 1101 922 1187 quod
939 1102 1099 1167 axiomata
1120 1103 1172 1170 vel
1193 1127 1267 1192 pos-

101 1203 199 1268 tulata
225 1203 324 1290 plura
351 1225 448 1290 quam
470 1225 596 1269 necesse
619 1202 680 1267 fuit
702 1201 887 1268 adsumendi
912 1201 1072 1270 licentiam
1097 1207 1265 1295 refugiens,

101 1305 290 1370 admiranda
306 1328 366 1370 sua
380 1304 582 1384 theoremata,
602 1329 672 1392 quae
691 1305 819 1371 brevius
839 1307 994 1394 potuisset
1013 1319 1045 1373 et
1059 1309 1183 1393 clarius,
1204 1313 1267 1380 isto

101 1408 251 1474 nimirum
279 1408 438 1495 adrogath
459 1407 521 1474 sibi
543 1419 707 1496 potestate,
738 1410 903 1475 maluisset
931 1421 1091 1499 utcunque
1120 1416 1266 1482 nonnihil

103 1509 281 1576 intricatius
298 1533 482 1599 proponere,
498 1510 716 1598 prolixiusque
732 1509 956 1578 demonstrare.
1001 1513 1087 1579 Mihi
1101 1540 1175 1582 vero
1190 1541 1266 1584 con-

102 1623 149 1678 tra
168 1615 363 1702 neutiquam
381 1612 505 1678 videtur
527 1613 780 1700 improbandum,
803 1625 837 1680 at
857 1637 1048 1702 magnopere
1068 1619 1175 1705 potius
1196 1621 1265 1687 lau-

103 1714 240 1781 dandum
264 1729 298 1783 et
321 1715 575 1803 amplectendum
604 1739 712 1782 eorum
742 1717 934 1784 institutum.
981 1717 1146 1805 Siquidem
1176 1723 1265 1790 nulla

104 1816 194 1884 debet
212 1819 318 1884 nimia
337 1819 456 1884 censeri
475 1819 652 1906 diligentia,
671 1820 723 1885 vel
742 1819 918 1900 solicitudo,
939 1845 1011 1908 quae
1033 1822 1145 1912 primis
1163 1826 1265 1893 scien·

103 1920 215 1986 tiaram
235 1922 454 1988 fundamentis
476 1922 670 2009 impenditur
691 1924 900 1990 stabiliendis.
945 1925 1057 2014 Longe
1078 1939 1207 2016 praestat
1227 1943 1264 1998 ut

105 2023 209 2090 multat
224 2025 511 2092 demonstrationes
526 2025 708 2107 redundare,
725 2051 821 2114 quam
836 2038 872 2092 ut
885 2052 949 2094 una
963 2030 1107 2098 videatur
1121 2033 1262 2103 deficere.

105 2124 308 2194 Detrahenda
332 2138 381 2194 est
406 2127 573 2216 Epicureis
598 2130 736 2216 ingeniis
761 2131 864 2196 omnis
894 2155 972 2197 ansa
1000 2134 1180 2217 cavillandi,
1210 2138 1262 2204 vel

106 2231 389 2315 argumentationis
404 2233 544 2318 cujusvis
558 2232 723 2320 principio,
740 2257 796 2299 seu
810 2234 929 2300 incerto
943 2236 995 2302 vel
1009 2237 1115 2304 minus
1129 2241 1261 2322 notorio,

106 2355 289 2400 consensum
315 2333 518 2400 detrectandi.
563 2333 625 2400 Est
649 2335 836 2416 amolienda,
861 2337 965 2424 quoad
988 2339 1057 2406 fieri
1081 2351 1193 2430 potest,
1220 2368 1262 2410 ex

106 2437 187 2505 hisce
201 2440 383 2528 disciplinis
401 2441 504 2505 omnis
524 2438 670 2528 suspici0,
692 2441 796 2506 omnis
814 2440 957 2523 formido,
976 2445 1079 2510 omnis
1093 2446 1261 2516 haesitatio.

106 2539 214 2630 Neque
233 2543 427 2610 discentium
447 2543 613 2610 immodice
630 2544 838 2632 pertentauda
858 2544 936 2611 fides
955 2557 1021 2627 est;
1044 2572 1103 2614 nec
1121 2550 1262 2638 ipsorum

108 2647 199 2711 animi
216 2647 349 2736 longius
369 2648 543 2714 distinendi
565 2659 691 2715 suntet
712 2647 907 2714 obtundendi
931 2649 1157 2736 hypothesium
1179 2655 1262 2722 mul-

107 2746 268 2830 titudine3·
291 2773 396 2838 neque
425 2751 521 2816 nimis
552 2751 780 2816 assuefaciendi
810 2752 983 2817 temerariae
1011 2758 1261 2844 presumptioni.

111 2850 222 2920 Saltem
238 2855 328 2921 haud
341 2855 455 2920 inutile
470 2854 520 2936 sit,
536 2877 595 2921 nec
608 2855 829 2944 injucundum,
845 2857 985 2945 ipsarum
1000 2858 1082 2925 inter
1095 2883 1129 2926 se
1143 2863 1261 2950 prima-

108 2977 173 3021 rum
190 2959 454 3048 propositionum,
475 2965 570 3047 opera
587 2957 785 3046 syllogistica
804 2959 1026 3027 cohaerentiam
1050 2973 1082 3028 ct
1099 2969 1260 3053 cognatio-

109 3081 174 3125 nem
195 3063 378 3143 ostendere;
409 3061 544 3150 denique
566 3063 648 3128 sicut
668 3063 924 3159 magnificentius
953 3076 1002 3132 est
1030 3077 1063 3133 et
1090 3068 1259 3155 gloriosius

110 3164 226 3251 exiguis
241 3167 344 3254 copiis
359 3166 481 3231 hostem
501 3165 667 3246 debellare,
688 3167 735 3232 ita
753 3168 862 3254 paucis
877 3192 918 3234 ex
933 3170 1097 3259 principiis
1113 3173 1259 3241 innume·

110 3287 155 3330 ras
177 3269 328 3335 veritates
353 3279 500 3348 astruere,
531 3268 604 3355 plus
626 3268 844 3336 admirationis
873 3272 1029 3355 conciliat,
1059 3275 1258 3364 impensioris

111 3367 222 3457 aliquid
235 3371 342 3436 laudis
357 3371 479 3436 victrici
492 3381 686 3458 promeretur
700 3370 823 3437 rationi.

168 3471 270 3552 Quare
285 3497 344 3539 uec
358 3473 487 3538 omnino
501 3472 744 3561 vituperandum
763 3474 910 3539 existimo
933 3474 1061 3561 (nedum
1076 3478 1257 3546 ambitionis

113 3584 161 3640 aut
172 3575 282 3642 furoris
299 3575 528 3655 arcessendum,
545 3599 617 3641 cum
632 3599 695 3642 non
711 3576 848 3660 nemine)
862 3577 956 3642 istam
971 3579 1080 3664 magni
1092 3580 1257 3668 Apollonii

113 3678 264 3762 curiosam,
289 3681 345 3746 sed
366 3679 573 3766 ingeniosam,
597 3679 814 3760 sedulitatem
841 3680 897 3767 qui
919 3679 1155 3748 celeberrimum
1177 3684 1257 3752 illud

30 3843 32 3854 γ
115 3765 237 3864 axioma,
259 3806 332 3870 quae
353 3782 453 3849 eidem
476 3782 618 3870 aequalia,
642 3793 772 3848 conatus
794 3793 842 3849 est
863 3783 1085 3851 demonstrare.
1130 3785 1180 3854 Ut
1197 3810 1257 3855 nec

115 3877 347 3968 Regiomontani
375 3907 534 3973 carperem
564 3907 795 3974 supervacuum
823 3885 964 3952 studium
993 3887 1112 3974 primas
1142 3887 1255 3955 Arith-

116 3985 223 4053 meticae
247 3989 389 4076 vulgaris
413 3989 540 4076 regulas
566 4011 607 4055 ex
632 3988 806 4070 Euclideis,
829 3999 865 4055 ut
890 3989 1067 4077 perhibent,
1091 3991 1255 4060 elementis

118 4091 242 4174 aggressi
268 4093 430 4158 deducere.
468 4091 556 4172 Quos
583 4091 749 4157 emulatus
776 4090 907 4179 quidam
933 4114 951 4158 e
976 4094 1101 4178 nostris,
1124 4096 1255 4185 ignotus

493 4227 503 4261 ¹
520 4227 598 4278 aasz.
611 4227 752 4278 Malata.
766 4228 824 4278 Lib.
837 4241 878 4280 111.

164 4407 278 4470 Ramm’s
295 4416 448 4486 objections
466 4421 496 4474 to
515 4417 636 4474 Euclid’s
654 4419 746 4488 proofs
766 4435 798 4474 as
816 4419 1001 4490 superfluous,
1022 4419 1169 4476 answored

166 4495 298 4572 stampe
315 4507 347 4559 to
367 4519 451 4573 prove
469 4504 532 4560 first
551 4504 698 4576 principles
718 4521 766 4561 are
784 4505 919 4562 lsudsble.
