3167 5192
330 402 392 467 102
665 412 853 465 nacrronss
876 409 1150 461 ursanusrrca.
1315 390 1412 477 [arcs.
1425 404 1462 452 rr.

329 594 459 653 eatenus
474 582 517 651 ad
536 582 642 671 ipsum
658 582 829 670 pertinent.
874 581 986 648 Reotss
999 602 1076 647 vero
1090 577 1156 645 line
1180 576 1358 667 proprietas
1367 586 1420 657 est,
1437 587 1464 640 rt

330 687 471 776 protrahi
493 687 612 775 possit3
643 708 717 773 ergo
743 686 913 773 protractio
938 685 1001 749 ista
1026 706 1091 750 non
1112 692 1161 749 est
1180 682 1309 747 omnino
1330 678 1465 765 umgdo

330 790 541 857 accidentaria
564 789 617 855 vel
641 788 828 856 extrinseca.
874 788 999 854 Pariter
1021 798 1054 854 et
1078 798 1172 855 rectae
1198 786 1293 853 lineae
1315 784 1466 873 proprietas

329 905 388 974 est,
404 902 498 958 antea
515 892 739 972 demonstrata,
753 892 784 957 ei
797 902 843 957 ¹ut
863 892 965 980 possit
986 914 1042 980 per
1054 891 1201 979 ¹quodvis
1222 900 1377 978 punctum
1396 898 1468 951 esna

330 996 436 1083 ipsum
459 996 533 1060 duci
554 995 654 1059 altera
674 994 828 1082 parallelo
849 1005 943 1061 recta.
988 994 1077 1081 Ergo
1096 1004 1129 1061 et
1147 994 1208 1060 hoc
1222 1014 1281 1081 per
1295 1013 1329 1057 se
1343 987 1469 1055 convent

329 1098 501 1185 triangulo,
517 1107 673 1183 quatenus
687 1097 789 1184 ipsius
810 1097 1068 1163 constitutionem
1090 1096 1315 1183 ingrediuntur
1336 1101 1421 1159 reeta
1438 1089 1469 1153 li-

329 1224 408 1281 neae,
424 1224 481 1267 seu
502 1201 601 1267 latera
622 1200 733 1288 ipsius.
778 1208 809 1267 3.
839 1200 947 1279 Porro,
968 1200 1054 1288 quod
1075 1223 1151 1266 vera
1171 1201 1213 1265 sit
1233 1200 1299 1265 ista
1320 1192 1469 1285 propositio

330 1327 394 1369 non
413 1304 594 1383 diffitentur,
611 1302 732 1390 opinor,
748 1302 938 1383 adversarii3
961 1326 1020 1368 nec
1034 1302 1106 1369 ideo
1122 1302 1207 1391 quod
1222 1294 1469 1367 demonstrabilia

329 1409 420 1496 Ergo
440 1408 535 1474 debet
556 1408 682 1473 adsumi
704 1407 846 1473 medium
871 1406 1002 1495 aliquod
1025 1407 1056 1473 ei
1080 1406 1338 1473 demonstrando.
1381 1398 1470 1466 Adsu-

330 1513 429 1579 mitur
450 1510 589 1598 angulus
611 1520 772 1589 externus,
788 1519 821 1575 et
843 1508 877 1575 in
897 1510 977 1576 duas
996 1520 1101 1598 partes
1122 1509 1298 1576 divisibilis
1318 1502 1472 1573 ostenditur

330 1614 469 1703 aequales
494 1613 627 1679 internis
653 1622 687 1677 et
711 1610 867 1699 oppositis
892 1611 1018 1679 duobus
1043 1612 1171 1699 angulis
1196 1608 1371 1697 trianguli3
1401 1601 1470 1669 unde

329 1718 517 1807 planissime
542 1716 685 1803 sequitur
709 1738 820 1782 omnes
844 1726 908 1782 tres
934 1716 1074 1782 internos
1097 1716 1221 1783 duobus
1242 1714 1339 1782 rectis
1360 1704 1470 1797 aequati.

329 1821 499 1900 Quodnam
524 1819 650 1886 adsumi
675 1828 783 1907 posset
810 1819 953 1885 medium
982 1820 1231 1899 convenientior,
1260 1828 1317 1885 aut
1345 1808 1469 1880 intimius

330 1923 477 2011 equidem
492 1946 558 1989 non
571 1922 675 2003 video,
690 1921 743 1989 vel
757 1922 864 2011 potius
878 1922 972 1989 rideo
987 1923 1114 1990 nullum
1128 1946 1231 2011 posse.

394 2035 425 2091 4.
462 2024 581 2090 Adhuc
594 2024 768 2112 respondeo
783 2024 867 2091 sicut
881 2025 922 2090 ad
935 2026 1071 2113 priorem
1087 2024 1283 2091 instantiam.
1333 2020 1369 2089 Si
1385 2016 1467 2105 sylla

329 2126 425 2215 gismi
447 2126 624 2212 singulares
646 2127 878 2208 examinentur,
901 2151 944 2194 ex
967 2128 1084 2217 quibus
1104 2136 1298 2215 aggregatur
1319 2124 1407 2191 istius
1424 2117 1469 2183 tri·

247 2230 250 2234 ’
329 2232 460 2318 gesimae
479 2232 625 2297 secunda
643 2231 868 2320 propositionis
887 2232 1123 2313 demonstratio,
1138 2230 1347 2321 perspicietur
1360 2225 1467 2293 illorum

330 2344 431 2401 totam
453 2335 521 2400 vim
543 2334 639 2400 inniti
665 2334 913 2416 definitionibus,
938 2335 992 2401 vel
1015 2335 1235 2401 communibus
1258 2324 1467 2423 pronunciatis,

331 2438 513 2506 immediate
532 2438 653 2505 scilicet
673 2449 730 2504 aut
750 2438 897 2505 mediate.
942 2438 1039 2505 Unde
1062 2438 1220 2507 constabit
1241 2439 1323 2505 istas
1344 2455 1408 2503 esse
1425 2427 1467 2493 dt·

331 2544 574 2611 monstrationes
599 2542 806 2624 scientificas;
837 2541 1016 2630 idcircoque
1044 2553 1144 2609 totam
1174 2566 1216 2609 ex
1245 2542 1286 2608 iis
1318 2536 1466 2630 amaon

335 2648 644 2730 demonstrationem,
670 2670 707 2713 ac
725 2646 875 2712 ultimum
895 2644 1128 2733 syllogismum,
1149 2669 1212 2733 quo
1234 2640 1405 2734 propositio
1424 2636 1470 2700 im·

335 2753 472 2819 mediate
493 2750 739 2822 demonstratur.
784 2748 908 2815 Eodem
933 2749 1095 2816 modoad
1120 2772 1238 2829 omnes,
1263 2772 1336 2835 quae
1361 2732 1471 2834 proferri

335 2869 478 2944 possunt,
498 2856 666 2921 instantias
680 2855 774 2921 facile
788 2857 904 2944 poterit
918 2855 1108 2945 responderi.

401 2959 450 3025 Ut
464 2959 696 3046 longiusculam
711 2961 803 3042 hanc,
818 2969 851 3038 et
866 2982 941 3027 sane
955 2984 1064 3027 vereor
1078 2970 1114 3027 ut
1129 2960 1225 3027 nimis
1240 2951 1469 3027 tammtnarian

336 3061 455 3150 quippe
476 3062 695 3150 properantius
717 3065 930 3152 excogitatam
952 3073 984 3131 et
1005 3066 1147 3146 effusam,
1164 3065 1413 3131 dissertationem
1425 3048 1471 3118 all·

336 3165 464 3256 quando
487 3165 615 3247 finiam3
645 3168 727 3234 mihi
751 3168 888 3249 videtur,
912 3170 997 3256 quod
1021 3170 1123 3235 omnis
1147 3170 1307 3235 discursus
1331 3172 1426 3233 certus
1443 3173 1471 3218 80

337 3269 477 3350 evidens,
489 3269 587 3357 juxta
601 3270 729 3358 Logioae
744 3272 871 3358 regulas
887 3271 1128 3359 irrefragabiles,
1144 3271 1246 3339 fluens
1263 3293 1306 3336 ex
1324 3254 1471 3359 principiis

335 3373 558 3441 universaliter
572 3384 605 3441 et
617 3385 769 3464 perpetuo
783 3376 878 3456 veris,
895 3376 1036 3464 adeoque
1055 3376 1089 3442 in
1106 3399 1169 3465 qno
1187 3377 1364 3442 necessaria
1381 3358 1471 3435 termi-

335 3500 449 3544 norum
469 3478 624 3545 connexio
642 3477 804 3566 reperitis,
826 3488 874 3543 est
895 3478 1119 3566 propriissime,
1142 3478 1317 3567 potissime,
1340 3460 1471 3544 scienlifi·

335 3580 579 3669 certissimeque
594 3580 830 3647 demonstratio.
876 3578 1031 3668 Quodque
1052 3582 1154 3647 omnis
1174 3582 1246 3663 alia,
1262 3591 1375 3670 prater
1393 3574 1470 3641 hum

336 3686 565 3753 connexionem
591 3685 734 3775 superins
758 3684 961 3772 explicatam,
986 3686 1164 3767 camelitas,
1187 3686 1264 3751 huic
1287 3668 1472 3775 appliesbilis

336 3788 474 3877 negotio,
496 3789 538 3856 sit
556 3812 636 3876 pura
653 3797 733 3877 puta
751 3787 848 3867 fictio,
863 3786 952 3854 nullo
972 3798 1156 3875 argumento
1171 3788 1261 3870 fulta,
1278 3789 1366 3855 nullo
1380 3796 1472 3849 exem·

336 3892 390 3981 plo
410 3892 612 3970 confirmata3
637 3890 786 3979 quodque
806 3888 1088 3973 demonstrationes
1112 3892 1305 3980 (quanquam
1325 3890 1395 3956 aliae
1412 3874 1472 3947 tlfit

335 3994 501 4075 brevitate,
528 3993 750 4073 concinnitate,
777 3990 983 4080 proximitate
1007 4015 1118 4059 versus
1140 3992 1244 4083 prima
1265 3988 1424 4082 principio,
1446 3984 1472 4043 ei

335 4095 495 4163 similibus
509 4096 691 4183 precellant
704 4096 890 4182 virtutibus)
906 4096 1067 4167 evideata
1081 4098 1204 4179 saltem,
1221 4097 1412 4171 certitudine,
1425 4104 1472 4152 πθ·
1540 4112 1541 4117 ’

335 4200 491 4281 cessitate,
502 4201 708 4268 terminorum
722 4200 883 4269 essentiali
898 4202 1093 4271 connexione
1108 4212 1140 4270 et
1154 4202 1365 4293 dependentis
1376 4189 1470 4266 matut

388 4423 448 4480 'Phe
466 4421 549 4495 proci
565 4429 641 4480 must
660 4426 769 4483 include
789 4444 890 4505 means.

388 4508 488 4565 Which
507 4526 555 4565 are
575 4526 700 4567 common
719 4512 874 4585 principles
