3167 5192
349 365 414 431 174
674 376 861 429 anemonas
884 376 1157 427 manuninum
1323 364 1418 440 [nan.
1432 376 1471 425 rr.

344 556 525 647 superficies
539 556 649 643 figurae
663 551 769 643 plana
786 576 851 621 non
880 552 1021 621 absimili
1040 562 1145 621 rotatu
1163 550 1336 642 procreata)
1356 550 1394 615 ad
1410 548 1474 615 trili-

345 684 441 727 neum
464 658 624 746 quoddam
649 658 783 745 planum
809 657 936 724 duabus
961 656 1055 723 rectis
1078 656 1172 724 lineis
1196 654 1351 742 angulum
1374 662 1473 718 mmm

344 763 619 843 constituentibus,
646 772 680 828 et
703 762 858 829 subtenst
882 760 968 826 linet
997 765 1095 827 curva
1120 758 1380 847 comprehensum
1401 756 1474 821 faede
1535 796 1536 811 2

343 866 513 955 redigatur.
544 866 598 953 (Id
612 876 719 932 autem
733 863 892 952 quomodo
906 864 957 945 sit,
972 886 1039 931 non
1052 872 1101 929 est
1115 862 1150 929 in
1164 883 1306 951 praesens
1319 859 1474 949 exponendi

342 970 455 1054 locus).

345 1107 348 1114 ·
408 1073 455 1138 At
469 1072 575 1160 quoad
592 1092 706 1137 curvas
724 1069 837 1151 lineas,
856 1079 969 1157 praeter
988 1068 1098 1135 circuli
1115 1067 1407 1148 circumferentiam,
1420 1088 1474 1155 qna

285 1169 288 1175 ’
342 1176 389 1241 nil
404 1186 453 1242 est
467 1175 555 1241 aliud
569 1196 665 1262 qnam
678 1183 765 1240 recta
778 1173 864 1239 linea
878 1195 935 1262 per
949 1193 1059 1238 omnes
1075 1171 1126 1238 eni
1144 1182 1251 1259 partas
1271 1170 1389 1258 ubique
1406 1167 1474 1235 simi·

341 1282 415 1347 liter
435 1290 491 1347 aut
511 1280 709 1345 uniformiter
731 1278 868 1360 inflexa3
891 1288 1005 1367 praeter
1023 1277 1115 1358 hanc,
1135 1277 1279 1365 inquam,
1301 1274 1419 1363 spiralis
1432 1296 1474 1359 ey·

341 1384 485 1464 lindrica,
510 1406 582 1471 qnae
606 1381 800 1471 reliquarum
823 1404 990 1449 curvamm
1014 1381 1157 1448 omnium
1178 1391 1227 1447 eet
1250 1376 1472 1468 simplicissima,

340 1488 481 1554 maxime
494 1486 662 1554 uniformis
676 1497 710 1553 et
726 1484 924 1573 ὁμοιομερής,
939 1484 1023 1551 nihil
1037 1494 1086 1551 cst
1100 1484 1188 1550 aliud
1202 1506 1301 1572 quam
1315 1490 1397 1549 recta
1407 1481 1475 1547 linea

340 1591 629 1679 parallelogrammi
643 1588 817 1677 supradicti
836 1590 889 1675 (ad
904 1588 991 1678 quod
1009 1588 1170 1655 reducitur
1190 1587 1369 1676 cylindrica
1385 1606 1473 1671 super·

327 1689 439 1782 'lieies)
465 1695 614 1783 diagonio
640 1694 782 1782 aqualis,
808 1702 840 1761 et
863 1694 946 1760 eirca
968 1692 1177 1781 cylindricam
1199 1689 1395 1781 superficiem
1415 1708 1474 1753 con·

337 1799 457 1865 voluta.

408 1900 473 1985 [De
495 1900 602 1967 curvis
622 1899 695 1967 aliis
722 1900 764 1967 ad
782 1910 885 1967 reatae
910 1898 1102 1987 redigendis,
1127 1910 1184 1966 ant
1208 1899 1252 1967 ad
1272 1898 1351 1965 alias
1374 1890 1471 1961 einai

338 2002 463 2089 generis
476 2024 599 2083 curvas,
610 2002 680 2088 jam
694 2003 846 2085 conticeo,
861 2026 902 2069 ne
916 2002 1070 2092 prolixior
1084 2011 1116 2069 et
1130 2002 1228 2069 simul
1242 1999 1401 2070 obscurior
1412 1996 1469 2074 aim,

336 2105 370 2169 in
384 2126 418 2169 re
432 2114 558 2169 tantum
571 2127 614 2169 ex
627 2114 810 2172 transcursu
825 2106 1014 2191 attrectata]

400 2206 456 2271 Ad
469 2206 555 2274 hunc
568 2230 644 2274 vero
657 2208 789 2275 modurn
804 2232 930 2296 quoque
944 2208 1091 2297 pertinet,
1107 2218 1162 2274 aut
1176 2208 1206 2276 ei
1220 2228 1372 2297 perquam
1385 2198 1467 2269 affinis

335 2318 385 2379 eet
410 2311 568 2399 ejusmodi
592 2312 809 2399 congruentia,
834 2312 938 2400 qualis
964 2334 1094 2400 capaces
1119 2322 1194 2379 sunt
1217 2312 1356 2401 equales
1378 2308 1467 2393 figura

337 2414 495 2505 parallelis
509 2414 623 2481 iisdem
636 2414 731 2481 lineis
745 2426 803 2482 aut
816 2415 921 2504 planis
935 2415 1076 2482 inclusae.
1118 2416 1262 2496 Quarum
1277 2432 1382 2482 omnes
1393 2409 1466 2475 linea

335 2518 389 2587 vel
402 2519 511 2586 omnia
523 2519 622 2608 plana
635 2518 671 2583 in
685 2518 799 2584 iisdem
814 2518 976 2607 parallelis
990 2520 1162 2607 intercepta
1176 2530 1251 2585 sunt
1268 2516 1403 2608 aequalia
1429 2508 1466 2576 Ut

335 2623 399 2691 dno
417 2623 579 2711 triangula
596 2622 650 2689 vel
670 2620 978 2710 parallelogramma,
993 2645 1058 2689 non
1073 2622 1136 2690 sibi
1150 2632 1263 2692 mutuo
1278 2614 1463 2711 aequiangda

335 2729 387 2794 vel
408 2728 480 2796 duae
498 2726 683 2816 pyramides
707 2726 882 2814 (primata,
901 2727 983 2808 coni,
1004 2726 1153 2816 cylindri)
1177 2713 1375 2817 inaequsliter
1393 2718 1464 2787 incli-

335 2840 429 2912 natae,
444 2832 529 2897 inter
542 2830 712 2919 parallelas
733 2829 861 2896 eaedem
883 2829 985 2897 lineas
1005 2840 1116 2913 rectas,
1132 2832 1185 2899 vel
1206 2832 1319 2901 eadem
1338 2821 1464 2921 parallelo

333 2932 439 3021 plana,
459 2942 493 3000 et
513 2955 609 3021 super
628 2932 804 3020 equalibus
824 2932 955 3000 basibus
977 2935 1168 3003 constitutae.
1212 2934 1299 3002 Nam
1319 2942 1355 3001 nt
1371 2932 1461 2997 borum

333 3057 433 3102 nuum
447 3035 540 3101 alteri
554 3045 717 3123 congruat,
732 3036 829 3104 debet
843 3036 924 3103 situs
938 3038 1077 3125 partium
1093 3039 1189 3104 unius
1207 3038 1248 3105 ad
1266 3036 1392 3105 alterins
1406 3050 1461 3121 par·

332 3138 413 3204 tium
427 3136 616 3226 positionem
630 3139 869 3220 accommodari,
885 3139 1026 3227 ipsarum
1040 3150 1148 3207 tamen
1161 3142 1271 3209 ordine
1284 3165 1350 3209 non
1363 3144 1461 3229 pertu-

331 3244 424 3324 bato;
450 3265 509 3310 nec
522 3243 693 3309 earundem
707 3266 779 3332 quae
792 3244 882 3332 prius
896 3245 988 3311 affuit
1002 3244 1211 3334 contiguitate
1225 3247 1392 3336 deperdita

341 3378 344 3387 ·
397 3356 426 3415 5.
460 3347 600 3429 Quintus
614 3347 727 3414 modus
741 3358 799 3429 est,
812 3366 888 3413 curn*
899 3348 946 3414 ita
959 3349 1068 3437 peragi
1082 3348 1184 3437 possit
1199 3344 1461 3441 &poppoptsicul

329 3452 468 3541 partium
492 3451 688 3540 quarundam
710 3452 828 3541 positio
848 3452 987 3519 varietur
1011 3462 1044 3520 et
1065 3453 1142 3521 ordo
1167 3466 1371 3541 pervertatur.
1409 3446 1460 3514 Hie

330 3555 545 3644 congruentia
573 3554 686 3621 modus
714 3554 858 3620 omnium
888 3554 1189 3643 imperfectissimus,
1220 3567 1252 3625 et
1283 3556 1459 3649 apprehensa

330 3659 545 3740 difficillimus,
575 3658 724 3725 convenit
752 3657 865 3745 figuris
890 3658 1096 3747 homogeneis
1124 3662 1254 3727 omnino
1280 3664 1343 3731 sibi
1368 3666 1459 3727 mutuo

329 3764 547 3831 dissimilibus.
596 3762 645 3829 Ut
672 3786 704 3827 v.
721 3784 753 3848 g.
784 3783 849 3828 non
879 3762 971 3829 aliter
1000 3764 1195 3851 triangulum
1225 3768 1353 3851 circulo,
1380 3780 1458 3832 conns

770 3942 807 3950 μ.-

380 4037 439 4093 rna
456 4036 611 4107 ennoean
627 4038 711 4108 spiro
723 4039 822 4104 ‹nun›
833 4040 857 4095 n
869 4040 917 4097 na
929 4042 1057 4112 ungoru
1069 4044 1099 4099 or
1112 4045 1161 4101 ns
1172 4046 1377 4117 peninum
1387 4032 1457 4097 „nn
1537 4050 1538 4085 ¹

326 4125 483 4191 represents
494 4121 836 4194 theoybndricelurrfaca
1537 4154 1538 4171 ¹

379 4206 416 4262 So
427 4207 463 4261 all
474 4208 577 4278 flgrnee
588 4209 717 4266 included
726 4211 854 4269 between
865 4212 916 4270 the
927 4230 1003 4271 saum
1013 4216 1127 4286 parallel
1139 4216 1207 4274 lines
1217 4234 1250 4273 or
1260 4218 1371 4289 parallel
1380 4214 1458 4288 Μ
1537 4200 1538 4205 ¹

324 4294 1084 4370 meanwarorpnmnpenwnnanoonnee.
1537 4296 1538 4367 ἶ

377 4386 401 4435 t.
437 4380 495 4434 'l'he
512 4380 687 4439 coincidence
704 4402 768 4455 may
778 4386 814 4442 be
832 4387 915 4443 made
932 4386 969 4457 by
980 4389 1155 4461 tranapcaing
1170 4389 1219 4446 the
1236 4396 1315 4461 parta
1329 4392 1359 4448 ol
1372 4380 1456 4455 mpii

322 4464 420 4521 tndee:
438 4480 484 4526 aee,
495 4464 668 4523 Carallerins.
