3167 5192
113 363 211 413 sacr.
226 346 292 431 xa]
451 362 637 413 neruosas
658 362 932 413 urrnsuamcm.
1210 344 1272 410 167

111 531 204 597 illam
218 554 240 598 a
254 530 433 599 cavallerio
446 553 511 598 uon
525 531 571 597 ita
584 531 707 618 pridem
724 531 759 595 in
776 530 880 597 lucem
897 552 1054 618 usumque
1071 552 1270 597 communem

110 644 306 722 protractam
319 634 498 702 Metlodum
512 635 771 715 Miohsbilimn,
785 633 1054 700 foecundissimam
1069 655 1222 700 novorum
1238 637 1271 701 in

111 738 301 805 Geometrit
316 749 509 827 repertorum
526 748 670 805 matrem.
715 738 818 827 Cujus
832 749 915 805 certe
930 739 1147 826 pulcherrima
1163 750 1195 805 et
1209 740 1272 805 uti-

110 841 245 909 lissimae
269 843 411 909 methodi
437 844 530 929 (sicut
552 845 622 931 ejus
644 844 760 910 author
783 844 853 931 ipse
876 864 940 909 non
964 844 1094 910 obscure
1116 843 1268 927 insinuat)

109 942 359 1009 fundamentum
373 944 408 1009 in
423 943 627 1031 congruentit
641 944 778 1032 ponitur,
795 966 837 1010 ex
854 943 1060 1030 congruentia
1077 940 1272 1009 demonstra·

110 1056 172 1126 tur,
189 1047 277 1113 sicut
290 1047 456 1135 apparebit
468 1048 588 1135 [trimas
602 1047 676 1113 libri
691 1047 731 1114 de
746 1045 929 1115 Geometria
946 1045 1195 1112 Indivisibilium
1215 1046 1272 1113 Se-

109 1152 221 1232 cundi,
239 1151 294 1219 vel
315 1152 425 1219 itidem
446 1152 566 1239 primas
586 1152 709 1239 aliquot
725 1150 973 1217 Exercitationis
992 1149 1109 1217 Primae
1131 1152 1272 1240 ejusdem

109 1254 264 1335 auctoris,
278 1254 508 1343 propositiones
522 1253 674 1322 attentius
688 1253 889 1342 inspectanti.

176 1357 307 1425 Octava
320 1382 446 1447 quoque
460 1358 562 1425 Primi
576 1358 736 1426 Elemeuti
754 1357 927 1447 propositio
949 1357 1043 1443 (circa
1059 1359 1271 1446 aequalitatem

110 1462 307 1549 angulorum
328 1464 550 1529 subteneorum
572 1462 749 1549 aequalibus
770 1461 934 1542 lateribus,
957 1462 992 1526 in
1013 1462 1183 1549 triangulis
1209 1465 1272 1531 sibi

110 1582 229 1637 mutuo
249 1570 453 1659 aequilateris)
477 1594 549 1659 quse
570 1571 832 1658 geometricorum
852 1571 1080 1639 theorematum
1104 1583 1152 1639 est
1174 1576 1272 1641 altera

110 1676 276 1767 uberrima
294 1676 463 1763 scaturigo,
483 1699 684 1763 peromnem
702 1699 772 1743 eam
794 1676 969 1764 prasertim
992 1699 1064 1763 quae
1086 1678 1272 1745 circulorum

111 1780 298 1847 affecfiones
322 1780 503 1868 speculatur
525 1780 741 1847 Geometriam
766 1780 891 1861 diffusa,
914 1780 1145 1847 demonstratur
1166 1784 1271 1867 isthic,

111 1908 172 1952 uec
186 1884 284 1951 aliter
297 1884 504 1951 demonstrari
523 1895 636 1973 potest,
652 1907 748 1971 qnam
773 1884 966 1970 (immediate
987 1885 1108 1953 scilicet
1129 1897 1185 1954 aut
1205 1912 1273 1954 me-

112 1988 214 2072 diate)
226 2010 285 2076 per
294 1987 378 2053 hauc
391 1987 582 2076 ἐφάρμοσιν.
613 1987 662 2055 Ut
676 1997 859 2076 prateream
873 1988 1077 2075 particulares
1092 1990 1172 2056 alias
1187 2015 1272 2059 com·

113 2090 233 2179 plures,
250 2114 323 2180 quse
337 2091 434 2179 hujus
451 2090 668 2179 suppositione
689 2112 727 2157 ao
748 2090 891 2157 subsidio
912 2092 1057 2158 nituntur
1079 2093 1274 2162 demonstra·

113 2195 230 2274 tiones,
255 2204 402 2261 extantes
426 2194 513 2283 apud
534 2193 770 2275 Archimedem,
794 2193 950 2283 Pappum,
973 2205 1006 2262 et
1027 2195 1105 2263 ahos
1130 2197 1272 2286 insignes

114 2296 315 2365 Geometras.

180 2400 281 2467 Unde
295 2400 407 2472 merito
421 2401 471 2467 vir
485 2400 695 2480 ueufissimus,
707 2398 945 2467 Willebrordus
962 2401 1116 2470 Suellius¹
1130 2403 1273 2470 luculen-

115 2505 276 2571 tissimum
303 2504 443 2593 appellat
467 2504 658 2572 Geometrise
683 2503 889 2592 supellectilis
917 2504 1161 2572 instrumentum
1190 2507 1274 2573 hauc

116 2608 219 2695 ipsam
234 2607 426 2696 ἔφάρμοσιν.

179 2711 267 2777 Eam
282 2710 382 2798 igitur
394 2712 430 2777 in
444 2706 766 2777 demonstrationibus
783 2707 1020 2777 Mathematicis
1034 2711 1090 2798 qui
1107 2710 1274 2780 fastidiunt

118 2826 148 2883 et
170 2825 336 2903 respuunt,
359 2825 397 2881 ut
419 2814 613 2881 Mechanicse
637 2812 854 2878 crassitudinis
876 2836 912 2879 ac
938 2812 1128 2903 adrovppr'uc
1152 2816 1273 2905 aliquid

118 2921 322 2999 redolentem,
338 2918 530 3006 ipsissimam
544 2916 733 2982 Geometriae
748 2916 840 2981 basin
856 2917 1044 2985 labefactare
1059 2920 1188 2987 student
1196 2947 1205 3003 ;
1224 2933 1274 2987 ast

119 3023 336 3112 imprudenter
359 3032 391 3089 ct
416 3022 542 3088 frustra.
577 3020 663 3085 Nam
690 3018 872 3106 ἐφάρμοσιν
893 3020 1072 3091 Geometras
1095 3048 1185 3090 suam
1209 3049 1274 3093 non
1376 3026 1377 3030 ’

119 3154 215 3197 manu
237 3130 296 3196 sed
317 3138 424 3194 ments
448 3135 613 3215 peragunt,
637 3144 703 3190 non
728 3124 811 3189 oculi
837 3146 932 3191 seusu
955 3127 1011 3194 sed
1036 3130 1133 3195 animi
1151 3130 1273 3217 judicio

121 3235 288 3300 estimant.
334 3230 527 3318 Supponunt
550 3226 597 3313 (id
623 3225 709 3314 quod
731 3226 822 3291 nulla
845 3250 958 3295 manus
983 3242 1139 3319 prestare,
1165 3234 1274 3300 nullus

122 3360 231 3403 seusus
254 3336 430 3415 discerncre
455 3330 553 3417 valet)
577 3339 755 3396 accuratam
779 3340 811 3395 et
833 3331 1002 3417 perfectam
1025 3338 1272 3421 congruentiam,

122 3462 162 3506 ex
175 3446 276 3528 etque
290 3436 455 3525 supposita
464 3435 569 3523 justas
583 3442 616 3499 et
630 3431 750 3519 logicae
763 3432 893 3499 eliciunt
908 3440 1157 3522 consequentias.
1192 3438 1274 3503 Nul.

122 3543 171 3610 lus
183 3544 238 3610 hic
251 3541 380 3629 regulas,
395 3538 513 3619 circini,
529 3536 583 3602 vel
596 3558 715 3602 normae
729 3559 815 3618 usus,
832 3538 940 3603 nullus
958 3539 1157 3606 brachiorum
1175 3542 1273 3623 labor,

125 3657 177 3712 aut
194 3648 330 3713 laterum
349 3641 517 3720 contentio,
537 3639 670 3705 rationis
688 3647 791 3705 totum
812 3661 901 3728 opus,
919 3639 1087 3707 artificium
1106 3653 1138 3709 et
1155 3644 1275 3709 machi-

125 3752 206 3816 natio
220 3757 288 3830 est3
311 3746 358 3814 nil
371 3743 591 3811 Mechsnicam
611 3741 737 3829 sapiens
757 3739 950 3829 αὐτουργίαν
969 3743 1125 3831 exigitur;
1149 3746 1205 3827 nil,
1225 3745 1275 3810 in·

126 3878 227 3942 quam,
250 3850 482 3925 Machameum,
504 3846 568 3914 nisi
588 3856 746 3935 quatenus
767 3846 871 3912 omnis
894 3848 1080 3934 magnitudo
1104 3850 1146 3915 sit
1169 3849 1275 3937 aliquo

494 4002 505 4035 1
522 4002 598 4053 snm
612 4001 692 4065 aas.
705 4001 741 4050 aa
754 4000 892 4064 cacam

176 4234 260 4293 l'hese
270 4252 319 4293 me
330 4236 389 4292 also
399 4238 503 4309 proved
515 4237 551 4309 by
558 4238 749 4295 Cavallerius’s
757 4236 875 4293 Method
886 4234 917 4290 ot
927 4230 1109 4303 Inditisiblss,
1118 4233 1205 4290 which
1217 4232 1276 4289 also

130 4317 245 4389 dopmds
256 4338 292 4377 on
303 4321 483 4379 coincidence.

175 4407 242 4463 Also
253 4408 359 4477 Euclid,
370 4404 390 4464 a
401 4415 427 4479 8,
438 4410 564 4480 depende
575 4426 611 4464 on
622 4408 802 4465 coincidence.

176 4491 245 4549 'l'hat
255 4494 313 4551 this
324 4494 348 4550 is
359 4494 525 4551 mechanical
537 4494 718 4563 coincidence,
729 4494 753 4549 is
764 4511 800 4549 no
812 4494 959 4563 argument
970 4490 1079 4561 against
1090 4490 1119 4547 it.
1220 4516 1222 4521 ·
