3167 5192
398 357 442 426 36
745 370 932 423 arenosus
953 369 1093 422 onnon.
1282 349 1390 436 [unci.
1403 363 1460 416 111.

398 538 570 608 cernendas
586 535 805 623 conducentia)
827 535 1058 624 subjungamus
1073 533 1256 616 corollaria3
1280 533 1321 602 de
1335 533 1462 602 ceteris

400 666 471 731 quae
485 641 627 709 faciliora
640 641 870 720 videntru,.aut
889 660 983 704 usum
1001 660 1066 725 prae
1085 659 1120 704 se
1134 635 1241 703 ierunt
1255 635 1462 725 potissimum

400 746 581 833 seligentes.
625 743 748 810 Radios
765 751 872 810 autem
890 741 959 828 jam
979 740 1224 820 consideramus,
1245 747 1283 806 ut
1300 739 1397 806 unica
1410 738 1463 806 di-

399 847 562 914 mensione
575 845 741 934 praeditos3
760 842 930 930 (siquidem
945 842 1086 930 reliquae,
1100 843 1216 929 quibus
1227 841 1367 930 Physica
1380 865 1465 930 gau·

401 952 487 1033 dent,
511 973 624 1040 parom
646 950 768 1016 faciunt
791 947 834 1014 ad
858 947 1108 1036 computationes
1131 947 1185 1014 hic
1208 948 1398 1034 institutam)
1424 957 1466 1016 ut

401 1055 513 1136 lineas,
537 1053 678 1140 iuquam
700 1076 758 1120 ceu
780 1051 879 1138 vulgo
902 1051 949 1133 fit,
972 1061 1073 1118 rectas
1095 1051 1291 1140 concipimus
1313 1075 1334 1118 a
1353 1052 1467 1120 lucido

402 1158 544 1245 quolibet
560 1172 615 1223 aut
632 1155 819 1244 aspectabili
836 1164 954 1243 puncto
974 1154 1183 1224 dimanantes.
1228 1154 1316 1236 Quin
1330 1167 1465 1238 etcum,

403 1261 464 1327 hoc
485 1259 633 1340 admisso,
656 1258 776 1344 singuli
797 1258 950 1346 cujusque
970 1257 1051 1324 radii
1075 1258 1214 1325 inflectio
1238 1259 1273 1324 in
1296 1258 1468 1348 superficie

403 1362 761 1453 peragaturadplanum
770 1362 934 1430 inflectens
943 1362 1097 1447 rectt(uti
1105 1363 1465 1452 constatepramissis),

403 1492 476 1535 cum
504 1477 537 1535 ct
563 1467 657 1535 nobis
680 1466 855 1557 praesertim
881 1489 958 1533 mox
989 1466 1172 1534 institutum
1195 1466 1238 1533 sit
1262 1467 1465 1555 singulorum

403 1581 593 1661 punctorum
619 1570 812 1637 indictiones
838 1568 1063 1657 consequentia
1088 1577 1302 1658 symptomata
1330 1570 1378 1637 sic
1405 1593 1467 1637 ex·

403 1675 550 1764 pendere,
573 1685 611 1740 ut
636 1674 722 1741 locos
742 1673 884 1762 ipsorum
901 1681 1088 1764 apparentes
1109 1673 1363 1754 determinemus,
1379 1672 1466 1742 oculi

403 1789 548 1867 respectu
567 1787 710 1845 centrum
731 1777 880 1844 habentis
901 1777 936 1843 in
957 1777 1113 1864 ejusmodi
1134 1777 1231 1865 plano
1247 1777 1373 1866 uspiam
1388 1799 1466 1844 con·

405 1883 574 1962 stitutum3
606 1902 663 1968 pro
680 1879 786 1967 planis
809 1879 929 1967 ubique
958 1888 1059 1944 rectas
1080 1878 1192 1960 lineas,
1217 1901 1275 1967 pro
1298 1880 1466 1966 sphaericis

405 1983 632 2072 superficiebus
654 1981 848 2070 peripherias
870 1981 1047 2063 circulares,
1067 2005 1125 2070 pro
1142 1981 1274 2070 reliquis
1293 1981 1395 2050 lineas
1414 2005 1467 2050 re-

406 2085 545 2175 spective
574 2107 738 2172 congruas,
768 2083 918 2152 brevitati
946 2085 1146 2152 consulentes
1175 2095 1208 2152 et
1234 2086 1465 2174 perspicuitati,

406 2190 644 2258 substituemus.
704 2188 803 2255 Porro
825 2211 897 2255 cum
919 2211 982 2276 quo
1011 2188 1142 2276 praecise
1171 2187 1266 2256 modo
1295 2201 1468 2277 peragatur

406 2293 498 2375 visio,
514 2292 692 2382 quibusque
706 2292 839 2382 praedita
860 2293 902 2358 sit
922 2292 1142 2361 affectionibus
1163 2292 1268 2360 adhuc
1282 2295 1465 2382 expositum

406 2422 471 2465 non
485 2398 546 2480 sit3
567 2396 654 2464 etde
668 2397 726 2463 illa
740 2406 848 2464 tamen
862 2396 998 2464 subinde
1012 2395 1149 2464 crassius
1168 2395 1291 2485 aliquid
1309 2419 1347 2464 ac
1368 2419 1469 2484 gene-

406 2502 505 2568 ralius
527 2499 669 2567 dicendis
692 2499 834 2567 intexere
857 2499 998 2566 fortassis
1021 2523 1064 2566 ex
1084 2521 1146 2567 usu
1159 2499 1263 2580 firerit,
1279 2500 1337 2566 illa
1350 2500 1466 2568 saltem

405 2603 602 2693 peruulgata,
614 2601 755 2691 posthac
765 2599 918 2668 curiosius
929 2599 1147 2688 expendenda,
1156 2601 1225 2688 jam
1236 2604 1468 2689 upcnmrsmaie

407 2705 609 2771 adsumamus
619 2728 628 2785 ;
651 2725 784 2791 nempe:
807 2701 945 2769 Visibile
961 2712 1115 2790 punctim
1130 2703 1165 2770 in
1185 2703 1243 2770 illo
1261 2703 1351 2770 radio
1367 2703 1467 2770 situm

407 2829 567 2896 apparere,
582 2803 638 2893 qui
661 2803 833 2892 procedens
855 2805 896 2872 ab
918 2804 987 2892 ipso
1013 2803 1143 2891 (directe
1163 2803 1217 2871 vel
1238 2803 1367 2890 inflexu)
1393 2827 1468 2872 cen-

407 2916 492 2973 trum
510 2905 593 2972 oculi
610 2913 769 2994 permeat3
792 2905 986 2994 proindeque
1009 2905 1108 2973 situm
1130 2906 1325 2994 objectorum
1345 2929 1363 2972 e
1381 2896 1468 2972 radi·

405 3033 499 3077 orum
518 3011 564 3076 ita
577 3008 808 3076 transeuntium
823 3009 980 3095 positione
990 3007 1137 3097 judicari.
1182 3009 1316 3098 Majora,
1331 3009 1467 3092 minora,

408 3111 462 3179 vel
484 3111 620 3200 aequalia
641 3109 742 3177 videri
765 3111 898 3198 objecta,
919 3118 1014 3198 prout
1034 3111 1176 3198 ipsorum
1190 3121 1333 3178 extrema
1347 3122 1469 3200 puncta

408 3213 506 3282 radiis
529 3221 698 3280 comuntur
721 3212 856 3300 angulos
878 3211 920 3278 sd
941 3213 1025 3280 oculi
1047 3223 1190 3282 centrum
1209 3216 1385 3304 respective
1399 3237 1469 3282 ma·

405 3317 501 3404 jones,
529 3314 677 3396 minores,
707 3324 763 3381 aut
794 3313 932 3403 aequales
961 3315 1247 3399 constituentibus3
1281 3317 1468 3384 distinctam

409 3419 505 3484 unius
525 3416 678 3506 cujusque
696 3416 809 3505 puncti
828 3415 983 3484 visionem
997 3417 1096 3486 radiis
1110 3418 1191 3486 effici
1208 3419 1303 3487 modo
1317 3420 1468 3501 manuali,

409 3523 472 3590 hoc
493 3532 551 3603 est,
573 3520 785 3608 divergenter‚
806 3519 897 3588 oculo
912 3520 1137 3602 illabentibus3
1161 3532 1194 3589 et
1210 3523 1303 3613 siqua
1319 3533 1397 3592 sunt
1414 3523 1469 3591 his

410 3632 527 3713 afflata
540 3623 657 3713 pariter
672 3621 777 3704 obvia,
792 3643 849 3688 seu
864 3621 1042 3688 manifesta.
1088 3623 1282 3707 Quinetiam,
1298 3626 1469 3694 verborum

409 3726 507 3818 parci,
529 3723 694 3792 vocabulis
715 3723 835 3812 passim
858 3724 991 3814 receptis
1006 3734 1038 3791 et
1052 3725 1179 3793 usitatis
1203 3726 1390 3799 definiendis
1412 3740 1470 3798 aut

410 3827 609 3917 explicandis
634 3825 839 3907 abstinentes,
864 3825 1004 3912 ipsorum
1027 3828 1236 3916 supponimus
1258 3829 1469 3900 intellectum.

410 3933 475 3998 His
510 3940 683 4019 utcunque,
712 3927 841 4016 majoris
871 3927 1039 3996 evidentiae
1069 3953 1174 4014 causa,
1204 3933 1389 4021 prelibatis,
1425 3935 1471 4002 ad

411 4035 576 4106 corollaria
607 4057 678 4125 quae
712 4032 854 4099 diximus
888 4033 1102 4120 expromenda
1133 4058 1192 4103 nos
1226 4039 1422 4108 conferemus
1450 4061 1470 4108 e

410 4139 557 4228 vestigio.
733 4151 737 4156 '

477 4351 525 4417 Π.
562 4350 725 4439 Imprimis
739 4358 845 4416 autem
860 4349 1004 4437 (posthac
1015 4349 1144 4439 quidem
1159 4350 1193 4418 in
1205 4351 1349 4435 decursu,
1363 4353 1469 4442 quoad

411 4454 518 4544 plures
532 4455 595 4522 sibi
609 4453 788 4543 parallelos,
804 4463 859 4520 aut
872 4455 914 4524 ab
929 4453 1040 4522 eodem
1055 4465 1172 4544 puncto
1186 4455 1389 4546 divergentes
1406 4456 1469 4545 (vel
