3167 5192
115 299 208 353 neor.
223 283 315 373 nu]
458 301 645 357 mones
666 302 942 358 remansuros
1208 290 1273 362 22⁷

113 491 165 536 ans
178 468 377 557 supponitur,
392 476 462 537 tum
480 478 558 558 quot
575 492 618 537 ex
635 468 706 539 istis
725 470 889 558 particulis
909 469 1047 559 singulo
1065 470 1201 555 chorda,
1216 472 1270 539 rel

114 572 237 659 singulo
262 573 380 661 cuique
407 572 499 643 lateri
527 572 637 645 odere
666 572 791 655 debent,
822 573 966 643 adhibito
996 573 1269 643 Geometricorum

112 675 340 745 theorematum
354 675 508 757 subsidio,
523 675 577 743 vel
590 681 780 764 quacunque
794 675 941 765 legitima
956 677 1077 747 ratione
1090 679 1268 767 exquiritur

111 789 141 846 et
154 790 366 867 computatur.
410 778 473 847 Vel
491 788 652 867 utcunque
670 803 727 868 per
745 790 853 868 aptam
871 781 1143 849 ratiocinationem
1161 782 1268 872 inqui-

111 882 184 948 ritur
197 883 338 970 aequatio
357 882 474 969 alique,
494 888 559 969 qut
578 882 733 949 dictarum
752 883 973 949 subtensarum
997 895 1053 953 ant
1075 885 1209 951 laterum
1224 887 1267 955 ad

112 986 213 1053 circuli
228 985 357 1055 radium
371 986 482 1053 relatio
497 986 654 1053 notificari
669 986 722 1055 vel
736 986 873 1074 exprimi
887 988 998 1075 possit
1040 987 1104 1053 Vel
1118 988 1265 1077 denique,

112 1088 215 1154 siheri
229 1098 347 1175 potest,
364 1088 434 1176 ipss
447 1087 575 1167 chorda,
591 1110 647 1155 sen
661 1088 744 1157 latus
759 1088 839 1155 illud
855 1090 1035 1177 quaesitum,
1052 1100 1126 1157 netu
1140 1090 1266 1161 ducitur

113 1202 141 1257 et
160 1190 347 1271 delineatur,
372 1201 409 1257 ut
432 1190 605 1257 aestimetur
628 1212 671 1257 ex
697 1191 930 1278 comparatione
955 1191 1109 1273 sensibili,
1133 1192 1187 1259 vel
1208 1216 1266 1281 per

112 1295 285 1380 organicum
306 1293 645 1361 commensurationem
667 1292 871 1379 dignoscatur
892 1294 961 1383 ejus
983 1294 1025 1361 od
1046 1295 1171 1362 redium
1192 1318 1266 1385 pro·

113 1397 214 1484 portio.
247 1396 312 1463 Vel
327 1395 442 1463 saltem
457 1395 528 1461 aliae
544 1395 615 1461 dnae
631 1395 723 1461 lineae
737 1396 938 1479 exhibentur,
955 1420 1089 1484 quarum
1102 1400 1264 1486 proportio

114 1501 150 1565 sit
165 1500 273 1567 eedem
295 1523 372 1567 oum
393 1499 594 1587 proportione
613 1498 707 1567 dicta
727 1499 821 1566 linea
839 1499 883 1567 ad
901 1500 1045 1582 radium3
1067 1524 1265 1591 quarumque

114 1603 233 1689 proinde
247 1604 366 1691 quovis
381 1602 474 1669 modo
488 1614 648 1689 oomperta
657 1602 738 1669 ratio
748 1603 915 1690 quaesitam
929 1604 1084 1671 rationem
1098 1604 1262 1673 indicabit.

115 1703 232 1773 Etenim
254 1706 357 1773 variis
380 1704 467 1772 hisce
488 1704 591 1773 modis
612 1704 828 1791 quantitatum
850 1703 1007 1773 dimensio
1027 1718 1207 1795 peragatur,
1230 1717 1263 1780 et

115 1809 270 1895 propositae
289 1806 480 1895 quantitatis
501 1806 543 1873 ad
563 1806 656 1874 nobis
676 1806 847 1893 cognitam,
862 1818 919 1875 ant
939 1818 1053 1876 natura
1073 1810 1264 1877 determine·

116 1920 172 1975 tem
185 1911 261 1977 ratio
276 1909 428 1998 exprimi,
443 1920 476 1975 ct
490 1909 640 1977 estimari
658 1909 769 1997 possit.
814 1908 876 1975 Per
892 1933 1040 1979 numeros
1060 1912 1191 1996 scilicet,
1206 1925 1263 1987 aut

116 2034 164 2098 per
181 2015 392 2102 aequationem
414 2012 566 2100 aliquem,
589 2022 644 2079 aut
665 2034 721 2100 per
742 2012 982 2081 aestimationem
1003 2016 1197 2101 sensibilem,
1220 2042 1263 2089 ex

117 2115 184 2203 ipsis
195 2118 307 2187 iisdem
324 2114 470 2183 terminis
483 2115 676 2196 immediate,
691 2115 744 2182 vel
759 2139 801 2184 ex
820 2116 892 2182 aliis
910 2118 1055 2205 analogio
1073 2119 1115 2186 ad
1133 2144 1264 2189 sensum

116 2220 272 2306 expositis3
302 2241 442 2307 quorum
467 2218 564 2286 etiam
590 2218 756 2300 dimensio,
782 2218 905 2287 idoneis
934 2221 1062 2307 organis
1086 2224 1261 2309 explorata,

118 2324 293 2391 numericam
318 2321 554 2410 proportionem
577 2321 754 2389 exhibebit.
801 2320 868 2389 Sed
890 2322 959 2391 haec
981 2323 1062 2391 alias
1083 2325 1208 2411 plenius
1229 2338 1263 2396 et

118 2423 280 2492 distinctius
295 2423 491 2512 explicanda
505 2434 589 2491 sunt.

172 2528 218 2599 Ut
231 2532 271 2597 sd
284 2528 440 2618 exempla
454 2528 597 2595 redeam:
621 2526 730 2597 Simili
750 2528 855 2609 modo,
873 2552 930 2617 pro
949 2528 1107 2599 dictemm
1125 2530 1263 2619 reliqua-

120 2654 180 2699 rum
197 2634 372 2721 figurarum
394 2632 485 2713 areis,
504 2640 632 2717 quantae
651 2630 726 2711 sint,
752 2630 964 2713 inveniendis,
990 2631 1161 2701 adhibetur
1183 2657 1263 2721 qua-

121 2734 230 2803 drrtnm
257 2738 341 2807 redii
371 2735 424 2805 vel
453 2734 609 2813 diametri,
637 2756 694 2800 ceu
718 2755 867 2803 mensura
892 2740 1029 2823 quicum
1050 2737 1262 2807 conferantur.

122 2834 219 2925 Neque
239 2863 303 2909 non
327 2836 477 2907 similiter
501 2836 535 2903 in
558 2856 723 2923 corporum
746 2835 941 2923 regularium
964 2838 1128 2923 lateribus,
1153 2863 1263 2930 super-

123 2940 245 3024 ficiebus,
260 2940 478 3013 soliditatibus
492 2939 687 3007 aestimandis
702 2950 734 3006 et
748 2942 968 3029 comparandis
979 2942 1063 3015 inter
1073 2967 1117 3027 se,
1129 2944 1262 3034 sphaera

123 3044 166 3111 eui
178 3046 290 3117 includi
307 3046 363 3115 rel
383 3044 513 3113 inscribi
533 3053 676 3131 possunt,
692 3043 801 3110 radius
816 3043 988 3133 accipiam
1010 3057 1130 3115 etcum
1145 3072 1193 3131 eo,
1208 3049 1262 3118 val

123 3169 183 3215 oum
202 3152 267 3239 ejus
287 3150 453 3241 quadrato,
475 3147 529 3215 vel
550 3170 623 3215 cum
645 3147 715 3235 ejus
739 3146 821 3215 cubo
844 3149 1079 3217 contenduntur
1100 3151 1173 3234 ista,
1197 3176 1262 3240 quo

125 3253 285 3337 reperiatur,
300 3264 335 3323 et
349 3254 384 3319 in
398 3275 528 3319 censum
542 3259 713 3339 reponatur
730 3273 840 3320 eorum
859 3262 971 3320 mutua
989 3255 1160 3341 proportio.
1205 3254 1262 3325 Sic

125 3360 151 3419 ct
162 3358 362 3423 communiter
375 3356 417 3421 ab
431 3353 635 3421 Astronomis
650 3362 806 3419 astrorum
820 3376 912 3421 versa
927 3354 1010 3425 inter
1027 3377 1061 3421 se
1080 3354 1260 3436 distantias,

126 3464 152 3517 et
172 3477 255 3525 roras
279 3456 518 3543 magnitudines
544 3452 773 3540 indagantibus
798 3454 969 3523 adhibetur
995 3464 1084 3522 terrae
1113 3456 1263 3525 semidia-

126 3565 217 3639 maer,
235 3571 270 3626 ut
287 3558 466 3627 communis
484 3578 635 3622 mensura
653 3554 809 3642 quedam,
825 3555 867 3622 ad
887 3578 985 3642 quam
1008 3554 1137 3624 illenim
1159 3580 1261 3643 quan-

127 3654 218 3727 titates
230 3664 408 3751 exigantur.
452 3659 502 3729 Ut
520 3682 594 3725 cum
615 3658 710 3723 Luna
728 3667 777 3724 tot
796 3657 1041 3727 semidiametris
1061 3660 1261 3727 terrestribus

128 3762 263 3832 atellnris
276 3776 382 3835 centro
396 3764 524 3843 distare,
541 3762 694 3829 diameter
712 3760 781 3848 ejus
801 3769 849 3825 tot
868 3760 1013 3847 ejusdcm
1033 3759 1260 3827 semidiametri

129 3874 217 3945 pube
230 3869 383 3957 aliquotas
394 3888 561 3955 exaequare
573 3863 766 3952 perhibetur.
805 3862 943 3950 Parique
957 3863 1052 3931 modo
1067 3862 1107 3933 de
1118 3864 1259 3952 reliquia.

172 4060 204 4115 So
219 4063 312 4121 chords
328 4067 359 4122 ot'
373 4084 390 4122 a
406 4067 488 4123 circle
506 4082 554 4123 ere
571 4018 698 4121 referred·
712 4067 743 4119 to
761 4062 864 4117 radius

173 4146 205 4202 Se
214 4167 286 4208 areas
301 4170 348 4209 are
366 4153 491 4209 referred
508 4157 539 4209 to
555 4168 656 4223 square
673 4152 704 4209 of
717 4150 821 4209 rudius.

133 4230 253 4381 mztis:
263 4238 443 4381 megrim
454 4237 553 4311 Solius,
565 4238 614 4297 the
628 4236 723 4295 radius
738 4236 769 4295 of
781 4234 833 4293 the
846 4230 985 4293 inmnbed
999 4248 1032 4288 or
1047 4232 1261 4295 choumscribad

174 4401 245 4461 Scin
263 4368 436 4483 hanonomy,
453 4412 503 4467 the
520 4409 616 4468 radius
633 4408 664 4466 oi
679 4409 728 4473 the
747 4408 842 4470 Earn
