3167 5192
316 355 379 421 148
652 372 839 422 uuomouus
863 373 1137 424 uruuuusmcu.
1297 358 1399 442 [uuor.
1414 376 1456 423 ur.

313 540 504 608 sententiam
522 540 654 607 missam
676 541 776 624 faoio;
802 544 931 629 (etenim
954 544 982 609 si
1003 566 1075 633 quae
1097 544 1178 611 mihi
1200 544 1356 631 cogitanti
1375 546 1459 611 obro-
1541 536 1542 539 ¹

313 645 405 711 nient
418 645 525 711 omnia
539 645 721 710 minutatim
736 657 927 729 excuterem,
945 648 979 713 in
994 648 1185 714 immensum
1200 647 1392 713 redundaret
1407 670 1459 713 ser·

314 750 484 817 mocinetio
504 761 622 816 nostra.
669 748 842 838 Complura
864 752 957 817 vobis
979 762 1017 819 ut
1040 752 1203 818 maturiori
1222 752 1349 840 judicio
1370 764 1459 819 vestro

315 853 508 941 corrigenda,
524 854 571 920 sie
585 864 617 919 et
631 854 831 941 diligentiore
846 861 922 921 curt
936 854 1114 944 supplenda
1128 855 1264 942 linquo).

380 958 541 1025 Caeterum
564 980 605 1023 ne
627 957 835 1024 tumultuaria
857 959 926 1024 hsec
949 959 1122 1048 disputatio
1146 960 1344 1047 provehatur
1366 959 1398 1025 in
1420 959 1460 1023 in-

315 1060 451 1142 linitum,
472 1060 560 1126 haud
582 1060 748 1127 dissimulo
769 1084 829 1129 nec
848 1061 983 1129 diffiteor
1006 1063 1047 1128 ab
1071 1062 1235 1129 intellectu
1258 1073 1369 1129 nostro
1394 1062 1463 1127 diffi-
1542 1080 1543 1121 t

315 1165 375 1230 oile
398 1164 478 1254 capi,
502 1164 660 1252 quomodo
683 1164 785 1230 dividi
811 1165 912 1252 possit
937 1187 1134 1253 unaquaeque
1159 1188 1242 1253 pars,
1268 1166 1318 1231 sic
1342 1174 1379 1232 ut
1402 1176 1463 1230 actu

316 1268 428 1334 divisae
454 1290 563 1334 omues
587 1289 652 1334 non
677 1266 720 1333 ad
742 1267 961 1350 indivisibilia,
988 1267 1041 1335 vel
1065 1268 1106 1334 sd
1131 1268 1269 1333 nihilum
1296 1279 1354 1334 aut
1375 1268 1464 1333 nihilo

316 1373 498 1461 proximum
522 1372 646 1459 aliquid
670 1372 873 1459 redigantur;
904 1395 962 1438 nec
987 1383 1094 1439 tamen
1116 1372 1186 1439 ideo
1208 1382 1341 1460 propter
1362 1373 1465 1460 imper-

316 1476 431 1544 fectam
454 1476 667 1543 conditionem
691 1475 841 1541 humanae
865 1475 991 1556 mentis,
1018 1487 1051 1541 et
1076 1485 1188 1564 eaptus
1213 1474 1316 1539 nostri
1342 1475 1466 1540 tenuita-

316 1592 391 1663 tem,
414 1580 617 1648 deserendam
639 1602 708 1645 esse
730 1577 833 1645 sentio
855 1589 903 1645 tot
924 1579 1100 1645 manifestis
1122 1578 1256 1647 indiciis¹
1272 1588 1464 1667 compertam,
1546 1596 1547 1631 l

315 1695 364 1750 tot
385 1684 581 1771 argumentis
600 1682 789 1747 firmissimis
813 1682 977 1748 suffultum
1001 1682 1176 1748 veritatem.
1221 1680 1367 1767 Egregie
1386 1680 1466 1745 Aris-

320 1788 465 1867 toteles¹3
488 1784 589 1851 Ἀλλ’
612 1783 735 1852 ἄτοπον
757 1785 835 1855 ἴσως
857 1784 894 1851 τὸ
913 1783 958 1869 μὴ
980 1784 1168 1868 δυναμένους
1189 1781 1281 1849 λύειν
1303 1784 1360 1852 τὸν
1380 1784 1466 1867 λόγον
1547 1818 1548 1857 τ

317 1891 476 1958 δουλεύειν
489 1892 529 1974 τῇ
544 1888 702 1977 ἀσθενείᾳ,
718 1887 773 1955 eat
787 1889 1044 1977 προσεξοποτᾷν
1058 1888 1188 1961 ἑαυτοὺς
1201 1886 1328 1973 μείζους
1338 1888 1465 1965 ἀπάτας,

317 1992 517 2075 βοηθοῦντος
538 1994 577 2075 τῇ
600 1989 768 2079 ἅδυνομιζι·
791 1991 862 2057 h.e.
877 1992 1033 2079 Equidem
1046 1992 1168 2058 hatthui
1179 1994 1407 2060 demuma
1419 2004 1464 2069 est,

318 2097 403 2185 quod
429 2096 599 2162 instantias
628 2118 729 2159 omues
757 2094 903 2183 repetiere
931 2118 1125 2181 ονουοοοτυο,
1155 2098 1344 2184 infirmitati
1367 2108 1466 2161 umbe

318 2200 434 2265 seruire
447 2197 498 2265 uel
509 2196 700 2263 succumbere
702 2222 720 2278 ,·
741 2197 933 2284 mtq‘oresque
954 2220 1009 2263 uos
1027 2198 1064 2263 iu
1082 2221 1200 2265 errores
1221 2201 1380 2289 cory'mere,
1394 2196 1467 2286 quod

317 2302 491 2369 minoratis
511 2301 665 2388 anqustiis
684 2323 739 2365 uos
755 2300 901 2387 expedire
918 2322 1114 2386 nequeamus.
1160 2299 1223 2369 Oui
1246 2325 1313 2369 nou
1337 2298 1465 2369 absimili

317 2403 487 2494 prudentia
505 2402 641 2470 succinit
663 2400 852 2469 Curtesius':
879 2400 1034 2481 Quamvis
1054 2403 1212 2489 quomodo
1233 2404 1292 2471 liat
1310 2402 1464 2473 indefinita

317 2507 380 2574 ista
407 2506 522 2572 divisio
557 2503 749 2593 cogitatione
784 2502 1046 2591 comprehendere
1078 2526 1282 2591 nequeamus,
1311 2530 1378 2573 non
1405 2504 1465 2570 ideo

317 2621 425 2679 tamen
445 2609 597 2677 debemus
617 2605 762 2673 dubitare
782 2604 862 2692 quin
881 2604 947 2685 fist,
971 2604 1048 2693 quia
1067 2605 1151 2673 clare
1172 2607 1367 2697 percipimus
1388 2605 1465 2671 illun

317 2716 492 2783 necessario
517 2713 617 2802 sequi,
644 2733 686 2776 ex
713 2715 828 2774 nauus
853 2708 993 2774 materiae
1018 2709 1112 2775 nobis
1138 2710 1376 2781 evidentissime
1402 2732 1465 2797 eog-

319 2820 404 2900 nitae,
428 2817 681 2905 percipimusque
705 2810 802 2878 etiam
826 2834 895 2877 eam
921 2832 990 2876 esse
1016 2810 1055 2877 de
1080 2834 1194 2897 genere
1219 2835 1340 2897 eorum,
1365 2835 1466 2903 quse

318 2932 423 2988 mente
437 2926 553 2999 nostre,
570 2927 680 3004 utpote
694 2914 796 2997 finita,
813 2914 883 3003 capi
897 2936 961 2981 non
977 2924 1120 3002 possunt

384 3024 514 3089 Maneat
532 3021 632 3109 igitur
651 3042 745 3086 omne
760 3028 915 3107 quantum
930 3020 1077 3108 componi
1092 3043 1109 3085 e
1124 3021 1268 3109 partibus
1283 3021 1465 3112 compositis,

319 3139 351 3194 et
372 3126 474 3193 dividi
495 3148 589 3214 posse
609 3124 644 3189 in
665 3132 771 3212 partes
792 3122 909 3189 iterum
932 3122 1118 3203 divisibiles,
1142 3134 1175 3189 et
1198 3124 1329 3213 proinde
1353 3123 1466 3191 Mathe·

319 3230 445 3297 melicis
460 3230 555 3297 licere
573 3228 732 3318 quaslibet
751 3228 798 3294 eis
815 3226 1028 3293 fundamentis
1046 3226 1238 3315 hypotheses
1256 3240 1465 3318 superstruere

319 3336 416 3405 Tales
430 3358 561 3424 nempe:
578 3336 610 3399 A
622 3331 735 3420 majori
750 3331 865 3419 quevis
880 3331 1101 3418 magnitudine
1116 3332 1251 3399 subduci
1266 3357 1360 3423 posse
1373 3356 1466 3422 squa-

319 3442 383 3509 lem
402 3440 531 3507 cuilibet
550 3437 675 3504 minori.
719 3434 809 3502 Inter
824 3435 903 3501 dues
918 3434 1131 3521 homogenees
1146 3437 1384 3525 magnitudines
1399 3437 1466 3503 iuu-

319 3546 428 3635 quales
443 3556 602 3631 utcunque
617 3539 740 3608 desumi
754 3561 846 3627 posse
861 3537 998 3603 mediam
1018 3539 1159 3627 aliquam
1179 3541 1321 3629 ejusdem
1342 3540 1465 3630 generis.

320 3649 440 3718 Ubivis
460 3650 495 3714 in
517 3648 603 3713 lineo
624 3644 708 3711 sumi
728 3666 822 3731 posse
843 3652 1006 3731 puuctum,
1029 3643 1063 3708 in
1085 3643 1249 3731 superficie
1271 3657 1421 3734 puuctum
1440 3652 1468 3707 et

320 3753 447 3832 lineam,
462 3753 497 3817 in
518 3772 645 3838 corpore
665 3756 830 3834 punctum,
854 3744 980 3825 lineam,
1002 3754 1034 3811 et
1056 3746 1263 3833 superficiem,
1284 3771 1341 3836 pro
1363 3747 1466 3814 lubitu

320 3856 505 3936 Quamlibet
533 3849 788 3940 magnitudinem
818 3848 934 3915 hebere
966 3860 1070 3937 partes
1103 3849 1315 3937 homogeneas
1346 3870 1467 3918 numero

319 3961 434 4049 quovis
449 3956 708 4036 denominabiles‚
724 3952 863 4020 decimas
877 3962 965 4039 puta,
978 3955 1176 4036 centesimas,
1192 3956 1389 4039 millesimae,
1403 3966 1465 4031 ete,

320 4086 378 4129 nee
392 4063 557 4129 abhorrere
571 4084 591 4126 a
604 4059 734 4138 ratione,
750 4057 778 4123 si
799 4055 984 4144 speculandi
1005 4058 1108 4144 gratie
1126 4060 1407 4149 quomodocunque
1425 4056 1467 4123 di·

581 4200 590 4230 ¹
608 4201 669 4261 Ilcpl
680 4201 719 4248 dr.
731 4216 772 4260 γρ.
975 4196 986 4229 ²
1003 4196 1118 4261 Princip.
1131 4210 1161 4247 11.
1175 4212 1215 4261 34.

371 4396 424 4450 We
434 4396 535 4450 eunot
545 4393 672 4449 conceive
683 4395 791 4450 infinite
804 4394 928 4463 division,
939 4392 992 4450 but
1004 4396 1078 4449 must
1089 4397 1186 4463 accept
1198 4395 1235 4451 its
1246 4395 1406 4467 possibility.

370 4482 453 4551 Upon
465 4478 522 4535 this
533 4494 581 4533 are
591 4478 715 4535 founded
726 4480 775 4536 the
786 4496 912 4536 common
923 4478 1128 4535 mathematioal
1139 4480 1252 4537 axioms
