3167 5192
399 342 442 408 20
745 356 931 410 usmrouns
953 357 1094 409 omres.
1307 337 1415 426 [bren
1433 353 1460 402 r.

399 529 556 617 potheses,
587 529 633 597 sic
659 537 814 617 acceptas,
844 528 1018 596 innumeris
1049 527 1221 594 admodum
1247 526 1460 595 familiaribus

400 633 626 721 experimentis
649 633 839 700 confirmari.
884 631 1007 713 Quouis
1031 633 1116 699 enim
1136 632 1172 698 in
1186 631 1256 698 loco
1276 631 1461 718 ubicunque

351 775 355 780 ·
401 738 546 804 collocati
564 738 681 826 objecti
703 737 840 803 lucentis
854 736 906 804 vel
926 737 1076 804 illustrati
1099 758 1296 827 quecunque
1310 735 1461 822 designa-

401 841 477 908 bilis
491 840 647 928 particula
666 840 858 928 conspicitur
878 840 978 920 oculo,
1000 849 1241 928 repraesentatur
1262 839 1297 904 in
1319 839 1460 927 speculo,

401 944 495 1010 modo
516 944 600 1010 nihil
621 945 789 1032 objiciatur
810 945 851 1010 ab
873 966 911 1010 eo
932 949 1018 1011 recta
1038 943 1219 1010 delabentes
1234 943 1340 1009 radios
1361 943 1461 1008 inter-

402 1048 550 1128 cludens3
582 1048 693 1114 eadem
715 1071 789 1115 vero
812 1048 920 1114 statim
944 1047 1036 1114 oculo
1059 1047 1255 1127 subducitur,
1278 1057 1311 1112 st
1331 1047 1461 1134 penitus

402 1151 618 1231 obumbratur,
640 1150 670 1216 si
694 1149 773 1238 quid
795 1150 885 1237 opaci
907 1150 1046 1239 eorporis
1072 1149 1227 1215 directum
1256 1147 1462 1236 intercipiens

402 1252 562 1320 radiorum
582 1253 643 1321 iter
665 1253 865 1320 obtendatur.
909 1252 1020 1320 Etiam
1044 1252 1185 1320 foramen
1203 1261 1366 1340 uteunque
1388 1261 1464 1317 tan·

299 1347 306 1357 ’
402 1355 509 1422 tillum
520 1355 840 1445 sufficittrajiciendis
850 1355 948 1422 radiis
959 1355 1076 1442 quibus
1085 1365 1154 1421 tota
1167 1354 1329 1441 quantivis
1344 1355 1463 1442 objecti

402 1459 498 1525 facies
527 1460 662 1526 obversa
689 1459 890 1547 depingatur.
935 1459 982 1526 Et
1006 1481 1098 1549 porro
1127 1481 1224 1547 quam
1247 1457 1337 1526 nulla
1358 1457 1465 1546 possit

403 1562 597 1651 apprehendi
606 1573 673 1631 tarn
683 1563 802 1650 exigna
817 1562 914 1630 lucidi
926 1587 1009 1652 pars,
1021 1585 1041 1630 a
1052 1569 1116 1651 qut
1125 1585 1190 1629 non
1204 1563 1263 1630 lux
1277 1561 1319 1628 sd
1333 1562 1466 1628 oculum

403 1665 522 1748 defluit,
556 1666 809 1756 perspiciliorum
845 1689 923 1734 usus
959 1667 1156 1757 apertissime
1189 1675 1354 1734 monstrat
1412 1665 1467 1732 At

403 1791 511 1859 pergo.

469 1977 515 2045 X.
552 1980 585 2045 3.
622 1977 720 2044 Lucis
747 1978 856 2045 radius
881 1978 1018 2067 quilibet
1046 1979 1137 2046 alteri
1163 1978 1269 2044 medio
1293 1977 1468 2067 perpendi-

406 2081 553 2148 culariter
572 2083 746 2163 incurrens,
762 2093 819 2149 aut
837 2089 924 2149 rectu
938 2083 1144 2171 progreditur,
1160 2081 1317 2170 siquidem
1333 2081 1470 2149 cedente

404 2185 510 2252 medio
524 2184 690 2274 procedere
703 2187 801 2269 valet,
818 2187 922 2253 autin
941 2198 1046 2275 partes
1065 2187 1184 2254 directe
1203 2185 1374 2252 contraries
1391 2187 1468 2270 (hoc

405 2289 508 2356 estin
529 2313 573 2370 se,
589 2289 642 2355 vel
657 2290 691 2355 in
712 2313 802 2357 suam
822 2303 903 2358 retro
924 2291 1082 2375 semitam)
1107 2290 1281 2379 repellitur.
1325 2289 1468 2378 Experi-

405 2394 492 2460 entis
516 2393 661 2459 firmatur
682 2394 751 2460 haec
772 2394 979 2483 hypothesim
1002 2405 1034 2462 ct
1055 2396 1169 2462 rationi
1187 2417 1313 2482 qnoque
1332 2415 1468 2459 consen-

405 2507 499 2563 tanea
521 2508 588 2578 est;
610 2519 670 2564 nec
694 2497 780 2563 enim
803 2497 871 2563 ulla
896 2508 1001 2586 potest
1027 2497 1200 2585 excogitari
1222 2520 1326 2577 causa,
1350 2519 1406 2562 cur
1427 2495 1467 2560 in

406 2623 486 2665 unas
514 2601 621 2688 potius
650 2623 746 2688 quarn
774 2601 810 2665 in
840 2600 918 2667 alias
947 2613 1052 2690 partes
1078 2601 1278 2681 deflectatur3
1305 2601 1404 2687 igitur
1428 2599 1467 2666 in

406 2703 521 2770 nullas.
565 2702 717 2784 Quinimo
728 2703 757 2770 si
766 2727 879 2770 rerum
895 2704 937 2770 sit
951 2727 1045 2771 omne
1059 2705 1193 2793 patiens,
1209 2714 1265 2770 sut
1279 2723 1466 2792 percussum

405 2806 473 2872 vim
499 2807 645 2874 inferenti
665 2807 806 2896 positive
834 2809 971 2895 quddam
993 2809 1027 2874 vi
1052 2830 1236 2897 repugnare,
1262 2807 1465 2896 perspicuum
1582 2873 1583 2905 ,

405 2909 534 2975 ridetur
547 2933 584 2977 so
597 2911 811 2978 resistentiam
831 2912 936 2999 dirigi,
955 2911 1039 2978 unde
1054 2913 1105 2978 vis
1122 2911 1309 2999 ingruebat3
1332 2911 1466 2999 ejusque
1581 2969 1582 2991 ,

406 3025 633 3100 consequenter
651 3015 799 3081 effectum
820 3015 962 3081 absolute
984 3014 1152 3103 loquendo,
1178 3024 1304 3080 tantum
1325 3012 1392 3078 illic
1410 3012 1477 3080 de·-
1580 3049 1581 3075 r

406 3116 570 3205 prehendi.
614 3117 708 3198 Quod
733 3138 810 3186 sane
836 3119 917 3184 mihi
940 3129 1007 3185 tam
1029 3141 1140 3185 verum
1169 3128 1309 3207 apparet,
1333 3127 1371 3184 ut
1399 3139 1464 3182 non
1579 3133 1580 3159 ¹

407 3219 548 3287 dubitem
572 3218 656 3286 hanc
680 3220 782 3309 ipsam
807 3221 1000 3310 hypothesin
1026 3221 1067 3288 ad
1090 3219 1289 3288 omnimodos
1318 3220 1464 3286 incursus
1578 3219 1579 3245 ¹

406 3322 597 3405 extendere3
634 3343 691 3390 seu
720 3324 894 3412 generatim
909 3326 1022 3406 effari,
1053 3323 1139 3412 quod
1162 3325 1273 3414 pulsus
1298 3324 1403 3390 omnis
1432 3333 1465 3389 et

406 3436 522 3507 motus,
542 3435 703 3515 utcunque
725 3427 830 3494 medio
852 3428 983 3494 cuilibet
1004 3428 1185 3516 inpingens,
1203 3425 1319 3494 directe
1342 3429 1411 3514 (per
1430 3447 1465 3492 se
1575 3459 1576 3499 r

406 3527 568 3611 nimirum,
584 3531 718 3620 proprie,
735 3531 945 3620 distincteque
959 3555 1026 3600 rem
1045 3531 1234 3616 estimando)
1251 3531 1463 3610 continuatur,
1574 3569 1575 3587 r

407 3645 463 3700 aut
473 3655 616 3722 prorsum
632 3645 688 3700 aut
700 3646 881 3702 retrorsum.
928 3634 1065 3715 Scilicet,
1081 3637 1220 3723 exempli
1234 3641 1340 3715 ceusu,
1357 3635 1385 3700 si
1401 3633 1466 3700 duo
1572 3647 1574 3718 j

269 3767 302 3816 ·‚
332 3803 340 3818 ‚
406 3736 514 3802 baculi
527 3735 664 3817 ΑΒΥΖ,
686 3733 746 3803 OD
753 3737 814 3802 YZ
830 3737 864 3802 in
878 3737 963 3803 idem
982 3735 1122 3802 medium
1138 3737 1204 3803 EF
1219 3735 1312 3823 (illud
1331 3757 1467 3824 perpen-

407 3839 597 3920 diculariter,
628 3841 689 3906 hoc
712 3841 852 3929 oblique)
880 3841 1030 3907 uniformi
1059 3841 1196 3930 quedam
1223 3841 1382 3930 pressione
1412 3840 1466 3906 rel

408 3943 530 4031 impetu
552 3943 730 4031 adigantur,
757 3943 905 4010 existimo
927 3945 1024 4010 medii
1048 3946 1188 4011 cessione
1210 3944 1262 4010 vel
1284 3943 1467 4009 resistentia

408 4055 508 4113 tetam
531 4049 607 4134 (qua
625 4047 759 4113 baculus
775 4047 926 4134 obliquus
943 4048 1050 4128 fertur,
1071 4058 1126 4113 aut
1148 4048 1288 4113 medium
1312 4047 1462 4134 impellit)

408 4149 476 4213 vim
487 4171 576 4236 mque
590 4153 675 4215 rectu
689 4149 803 4215 semite
813 4159 988 4216 antrorsum
1003 4170 1113 4217 versus
1125 4153 1187 4230 IK,
1199 4151 1252 4218 vel
1262 4159 1344 4216 retro
1355 4171 1467 4215 versus

414 4249 475 4316 01)
489 4252 634 4334 derivari,
651 4275 689 4318 ac
706 4252 972 4342 perpendicularis
989 4253 1090 4341 ipsius
1104 4253 1243 4342 impetus
1257 4253 1292 4318 in
1313 4253 1385 4319 GH
1392 4275 1466 4341 pro·

409 4352 560 4438 greditur,
576 4363 631 4421 aut
645 4356 821 4442 regreditur
835 4357 869 4422 in
883 4357 957 4424 AB.
995 4357 1089 4438 Quod
1098 4359 1184 4424 enirn
1194 4357 1341 4424 nonnulli
1348 4365 1465 4446 putant

408 4455 507 4523 medii
530 4458 728 4547 superficiem
751 4457 859 4529 baculi
883 4461 1153 4551 perpendicularis
1173 4461 1345 4532 tendentia
1359 4459 1463 4548 magis

1561 4437 1564 4526 l
