3167 5192
99 379 191 427 secr.
209 362 260 447 u]
448 380 636 431 uscuoum
658 380 931 432 usruuuurmn.
1218 370 1260 437 83

99 549 179 615 Olea
203 550 237 617 εἶ
264 550 326 634 τὴν
354 551 449 619 ὕελον
476 551 716 641 τετρυπημένην
743 550 901 641 ἑωρῶμεν,
926 554 982 620 eal
1004 553 1042 619 τὸ
1073 558 1142 643 pair
1171 555 1261 623 διῑόν·

99 651 196 734 δῆλον
226 653 271 720 ἂν
300 654 341 737 ἦν
369 656 424 721 καὶ
445 654 499 722 διά
528 682 561 722 τι
586 658 724 743 φωτίζει,
748 656 803 722 διὰ
825 655 863 722 τὸ
889 661 971 723 νοεῖν
992 655 1052 741 μὲν
1076 658 1178 747 χωρὶς
1201 659 1260 747 ἀφ’

98 754 247 837 ἑκάστης,
265 760 385 840 νοῆσαι
398 757 426 824 δ’
441 756 510 842 ἅμα
524 757 574 825 ὅτι
588 759 644 825 ἐπὶ
657 763 775 825 πασῶν
790 756 916 831 chael.

160 860 261 927 Unde
276 862 332 927 vel
346 862 408 928 hoc
421 863 550 929 nomine
575 864 623 948 (ut
644 862 713 929 haec
734 862 931 952 applicemus
953 872 1062 930 nostro
1083 864 1258 953 proposito)

99 964 152 1049 qui
170 964 395 1051 pronunciatis
415 964 653 1033 Mathematicis
673 988 838 1033 assensum
858 965 1089 1047 detrectaverit,
1109 978 1259 1035 extremae

100 1067 210 1134 saltem
230 1067 467 1156 imprudentiae,
483 1069 544 1134 hoc
566 1079 615 1135 est
635 1068 793 1135 fatuitatis
815 1080 847 1134 et
869 1069 1026 1150 amentiae,
1042 1080 1150 1136 notem
1172 1070 1260 1138 haud

99 1170 254 1259 effugerit.
278 1170 351 1238 Nec
365 1194 445 1259 opus
459 1183 509 1238 est
522 1172 564 1237 ad
575 1172 852 1239 demonstrandam
868 1172 1088 1238 Mathematici
1100 1173 1261 1241 disclusus

100 1274 280 1355 efficaciam,
309 1284 346 1339 ut
371 1274 510 1363 amplius
538 1275 709 1362 quicquam
739 1284 937 1363 expetamus,
964 1298 1059 1362 quam
1084 1286 1122 1342 ut
1146 1286 1261 1365 praeter

100 1374 260 1442 dementes
275 1386 312 1443 et
325 1375 493 1461 insiguiter
507 1376 649 1457 stolidos,
665 1398 775 1443 omues
788 1400 826 1443 eo
842 1376 1107 1464 constringentur.

161 1478 396 1558 Venmtamen,
416 1477 445 1543 si
462 1500 531 1543 rem
549 1478 653 1565 ipsam
670 1500 713 1544 ex
731 1500 817 1558 vero,
834 1478 1020 1545 auctoritate
1037 1480 1170 1562 seclust,
1189 1504 1262 1569 per·

101 1580 286 1667 pendamus,
302 1580 395 1646 nulla
408 1580 489 1647 ratio
504 1602 562 1646 nos
577 1581 686 1667 adiget
697 1591 736 1647 ut
752 1580 908 1647 fateamur
927 1580 1157 1647 Mathematica
1173 1584 1261 1670 priu-

103 1683 181 1770 cipia
209 1683 281 1749 solt
311 1682 505 1763 inductione,
531 1704 588 1749 seu
616 1692 768 1769 perpetuo
797 1704 948 1748 sensuum
977 1682 1160 1750 testimonio
1188 1684 1260 1751 uiti.

105 1784 268 1873 Siquidem
291 1787 397 1852 notari
418 1795 523 1875 potest
546 1786 712 1875 imprimis,
733 1786 817 1874 quod
842 1788 870 1853 si
894 1786 1075 1875 quempiam
1099 1787 1260 1855 hominem

104 1890 297 1957 sciscitemur
319 1913 377 1955 cur
398 1889 528 1977 aliquod
550 1890 679 1955 axioma
700 1889 965 1957 Mathematicum
987 1890 1095 1957 credat
1115 1912 1185 1958 esse
1206 1914 1262 1958 ve·

105 2016 181 2072 rum,
206 2015 272 2059 non
297 1992 513 2080 respondebit,
537 1992 659 2079 opinor,
683 1992 830 2079 eoquod
854 1993 900 2058 ite
921 1993 1085 2060 multoties
1110 1993 1263 2061 accidisse

105 2097 263 2163 rideritet
278 2096 467 2175 observdrit,
483 2106 606 2163 atvero
621 2094 727 2161 forsan
741 2097 862 2163 nescire
882 2120 916 2162 se
934 2120 1061 2164 causam
1076 2120 1132 2163 cur
1144 2096 1260 2180 credat,

107 2209 240 2266 attamen
255 2200 418 2265 obstinate
432 2200 557 2266 eredere
570 2197 789 2287 profitebitur3
806 2200 891 2288 quod
906 2201 1060 2267 indicium
1076 2210 1124 2267 est
1135 2200 1264 2269 aliunde

108 2324 198 2388 quam
212 2326 255 2368 ex
275 2324 375 2368 sensu
392 2302 539 2382 derivari,
560 2302 617 2388 qui
637 2301 876 2368 Mathematieis
896 2296 1066 2369 axiomatis
1084 2312 1262 2391 praestatur,

109 2428 279 2472 assensum.

168 2508 253 2576 Tum
281 2509 388 2576 notari
416 2519 522 2598 potest
546 2510 694 2589 seeundo,
724 2531 775 2575 res
809 2508 976 2596 pleresque
1006 2506 1261 2589 Mathematicus,

112 2614 250 2698 quanvis
265 2636 309 2681 ex
325 2634 422 2679 sensu
440 2612 481 2677 de
499 2610 566 2678 illis
585 2611 748 2699 cogitandi
766 2632 931 2677 sumamus
953 2611 1159 2692 occasionem,
1175 2612 1263 2699 ipsas

111 2728 210 2786 tamen
238 2717 425 2785 immediate
453 2716 633 2803 directeque
657 2738 787 2783 sensum
812 2736 876 2781 nou
902 2715 1068 2796 incurrere,
1095 2716 1152 2782 sed
1177 2715 1264 2803 quod

113 2822 252 2900 exuunt,
268 2832 302 2887 et
317 2820 429 2908 quales
448 2818 547 2884 sinte
566 2817 635 2883 solt
650 2817 772 2884 ratione
792 2816 903 2904 colligi
920 2816 1136 2906 dignoscique.
1182 2816 1263 2898 Quis

112 2922 190 2987 euim
212 2946 358 3012 unquam
383 2921 475 3001 vidit,
499 2932 557 2987 aut
584 2920 652 2986 ullo
677 2942 774 2987 sensu
800 2920 948 3007 dignovit
972 2930 1117 2987 exactam
1143 2920 1261 2988 Ιὶηθννι

114 3038 233 3108 rectam,
248 3038 306 3094 aut
321 3024 475 3091 circulum
489 3023 688 3112 perfectum?
731 3021 812 3105 Quis
827 3023 905 3089 duas
920 3046 1124 3112 quascunque
1138 3047 1189 3091 res
1205 3046 1264 3090 ex·

115 3130 222 3218 quisita
236 3132 299 3198 sibi
315 3151 481 3217 congruas,
497 3138 553 3195 aut
567 3127 704 3194 invicem
724 3126 861 3214 aequales
881 3127 1104 3197 animadvertit
1122 3149 1264 3217 uuquam

533 3238 543 3272 ¹
560 3252 580 3290 1.
590 3240 658 3295 Post.
671 3238 748 3289 Asel.
760 3256 783 3291 e.
798 3252 837 3301 31.

163 3452 256 3511 Hence
268 3452 429 3511 sometimes
440 3448 605 3507 anniversa]
616 3450 787 3522 proposition
798 3466 861 3520 may
872 3449 908 3505 be
920 3448 1054 3505 collected
1064 3448 1136 3503 from
1148 3464 1166 3503 a
1178 3447 1265 3518 single

118 3540 284 3610 exemplem
296 3538 435 3594 Aristotle
446 3553 508 3607 says
519 3537 636 3598 (aPoat.
647 3536 734 3593 Anat
746 3552 768 3591 c
780 3540 836 3605 31),
848 3534 953 3589 “Some
963 3534 1096 3603 tbingqil
1103 3550 1225 3589 wawere
1236 3537 1267 3589 te

119 3638 160 3678 see
168 3640 279 3682 oueewe
289 3624 392 3682 should
397 3627 448 3679 not
456 3623 521 3679 sech
532 3626 562 3679 to
574 3639 622 3678 see
629 3622 724 3692 agaim
736 3638 767 3676 ae
777 3624 828 3677 not
835 3619 961 3689 dariviug
969 3634 1021 3673 our
1028 3618 1190 3688 knowledge
1197 3620 1268 3675 hum

121 3710 212 3782 weida,
219 3710 272 3767 but
277 3728 311 3767 as
317 3709 460 3780 obtaining
467 3725 485 3764 a
492 3708 630 3763 universal
638 3706 808 3778 proposition
817 3705 889 3760 hom
897 3703 960 3761 that
968 3703 1057 3758 which
1065 3721 1106 3759 we
1113 3720 1175 3761 sear.
1193 3704 1268 3759 Thus

122 3792 143 3845 ii
149 3810 186 3849 se
195 3797 274 3852 eould
285 3813 334 3852 see
345 3796 395 3851 the
408 3811 492 3865 poree
509 3793 540 3848 ol
553 3792 628 3862 glnss
644 3792 701 3847 aud
718 3791 768 3847 the
784 3791 857 3861 light
873 3789 981 3859 coming
998 3788 1118 3859 through
1134 3787 1211 3844 them
1229 3789 1269 3861 [iu

122 3892 167 3932 ene
176 3880 307 3953 hames]
316 3883 341 3937 it
351 3879 443 3936 would
453 3879 490 3934 be
500 3876 613 3934 evident
624 3880 655 3933 to
665 3892 699 3931 us
709 3876 771 3947 why
781 3876 856 3947 glass
867 3876 891 3932 is
904 3877 1087 3946 trmspareut.
1106 3874 1158 3931 We
1170 3874 1269 3930 should

124 3964 715 4037 seethetscueparatelyiueacheese,hut
732 3980 774 4019 ue
791 3962 891 4018 should
908 3962 1079 4019 understand
1094 3962 1269 4019 thatitiseo

125 4049 295 4123 miveally?

170 4135 223 4194 But
232 4138 260 4193 in
270 4138 349 4194 tenth
360 4136 568 4195 Matbeuuticd
578 4134 726 4207 principles
737 4134 775 4191 do
785 4137 836 4190 not
848 4134 958 4205 depeud
969 4150 1005 4189 on
1018 4134 1177 4191 Induction:
1197 4134 1253 4191 For

173 4226 193 4275 l.
225 4223 290 4280 lien
306 4224 344 4281 do
358 4228 410 4281 not
425 4223 534 4280 adduce
551 4223 715 4293 experienoe
732 4237 764 4276 ae
779 4220 854 4277 their
869 4237 967 4277 reason
985 4220 1028 4275 sor
1047 4220 1184 4290 helievmg
1202 4219 1270 4275 such

173 4402 196 4453 2
227 4383 345 4465 Sense'is
356 4402 404 4460 the
421 4400 553 4468 occasion,
564 4396 617 4453 but
634 4395 743 4452 lteason
760 4394 809 4451 the
828 4410 923 4450 source
940 4393 970 4449 ot
985 4391 1188 4449 Mathematical
1208 4408 1271 4446 eon-

133 4483 245 4549 mous
