3167 5192
104 350 202 400 secr.
220 332 318 421 xire]
451 350 637 405 memorem
660 352 933 437 representamus.
1205 338 1268 404 211

102 540 238 586 munem
253 517 345 607 quasi
365 518 496 605 genium
519 518 715 587 familiariter
737 518 854 585 babere
875 527 1084 607 perspectum,
1099 528 1133 587 et
1146 542 1203 609 per
1215 539 1270 590 ees

101 646 218 691 omnes
232 624 383 690 diffusam
396 622 536 689 indolem
551 644 731 710 agnoscere.
768 621 815 687 Et
829 644 906 688 sane
919 622 1001 688 mihi
1014 644 1099 712 saepe
1112 626 1270 713 eontingit

101 730 361 797 animadvertere
389 728 511 815 (videor
540 726 654 793 saltem
684 726 958 810 animadvertisse)
988 728 1186 795 doctissimos
1211 732 1271 797 ali·

101 832 237 921 qnando
260 832 357 913 viros,
381 854 423 899 ex
445 831 553 899 minus
575 836 698 898 attenta
719 830 915 917 generalium
936 830 1069 897 istorum
1091 832 1269 899 considera·

102 938 204 1017 tione,
223 944 257 1003 et
278 936 354 1024 quia
372 956 438 1001 non
458 933 521 1001 nisi
540 955 655 1022 pravos
674 944 732 999 aut
749 932 896 999 confusos
919 931 1082 1022 (χοδοίους
1100 934 1142 1000 sd
1161 936 1269 1002 minus

101 1051 138 1106 et
160 1039 388 1124 ἐπιπολαίους)
412 1060 521 1107 eorum
538 1048 710 1125 conceptus
731 1038 840 1103 animo
860 1037 923 1103 sibi
944 1038 1188 1125 proefignrdrint,
1202 1060 1269 1105 non

101 1164 177 1207 raro
195 1139 303 1221 crude,
322 1142 429 1207 erebro
446 1140 526 1206 salse
546 1138 634 1227 loqni
649 1162 686 1205 ac
700 1137 862 1219 disserere,
878 1138 1014 1207 subinde
1029 1139 1219 1221 σολοικίζειν
1232 1140 1268 1207 in

101 1267 140 1311 re
154 1243 395 1324 Mathematiet,
412 1264 643 1330 nonnunquam
658 1252 690 1308 et
704 1242 990 1329 παραλογίζεσθαι.

172 1346 342 1426 Praeterea,
363 1367 428 1411 uon
448 1344 609 1413 illibenter
624 1344 754 1412 illorum
772 1345 866 1411 vobis
887 1346 1051 1433 obsequor,
1072 1355 1105 1412 et
1126 1346 1268 1413 honestes

102 1449 239 1517 consulo
255 1448 422 1537 voluptati,
438 1447 582 1535 quicum
597 1447 847 1515 alammion
860 1442 1045 1516 Matheseos
1064 1472 1179 1515 areana
1196 1472 1268 1537 per-

103 1551 257 1641 cipienda
270 1551 378 1617 minus
397 1550 504 1617 idonei
524 1550 665 1630 venient,
680 1559 713 1616 et
728 1550 834 1617 adhuc
852 1552 1000 1618 nonnihil
1018 1553 1176 1641 imperati,
1191 1576 1268 1641 gue-

102 1667 176 1723 tnm
201 1666 310 1723 tamen
333 1654 474 1741 aliquem
498 1652 642 1740 cupiunt,
661 1663 694 1720 et
716 1676 827 1741 capere
849 1666 983 1741 possunt
1008 1655 1121 1721 barum
1145 1658 1268 1723 suevis·

104 1760 261 1825 minarum
291 1756 513 1836 scientiarum
550 1755 692 1843 ipsarum
725 1778 790 1823 uon
822 1755 1033 1845 injucundum
1065 1780 1123 1825 nee
1154 1758 1267 1826 inutile

103 1860 261 1949 quiddam
275 1882 332 1947 per
346 1868 549 1925 transennam
563 1858 717 1945 inspicere
731 1858 845 1925 volunt
859 1871 892 1926 et
905 1860 1051 1942 valeant3
1074 1884 1154 1950 qnos
1167 1862 1268 1928 nolim

105 1965 239 2031 omnino
261 1986 318 2051 spe
339 1967 398 2027 sud
419 1983 534 2042 masos,
551 1984 715 2050 operaeque
733 1985 861 2050 prorsus
881 1964 996 2046 irritos,
1018 1966 1090 2051 (boe
1104 1976 1163 2047 est,
1180 1964 1265 2030 diffi-

104 2066 225 2133 cultate
247 2065 348 2131 nimie
370 2064 422 2130 vel
443 2072 615 2151 apparente
634 2086 738 2130 rernm
756 2066 947 2133 obscuritate
969 2068 1134 2152 turbatos)
1158 2068 1267 2133 dimit·

105 2180 190 2250 tere3
214 2192 319 2257 neque
333 2168 467 2235 diffiteor
481 2166 523 2233 ed
537 2166 664 2233 illorum
682 2176 810 2255 eaptum
830 2178 898 2235 tam
916 2169 1072 2236 dictorum
1092 2170 1268 2260 plerunque

106 2274 285 2354 materiam,
301 2296 404 2361 qnam
431 2271 558 2338 dicendi
581 2270 702 2359 stylum
728 2275 947 2361 attemperati3
977 2276 1081 2341 multa
1104 2287 1268 2365 propterea

105 2378 169 2443 diei
184 2398 259 2464 quse
278 2376 440 2442 reticerem
457 2374 546 2455 elias,
561 2382 595 2455 et
611 2396 684 2461 qnae
703 2372 850 2455 dicerem,
865 2374 937 2441 ideo
956 2375 1120 2464 complura
1138 2387 1267 2464 prseter-

107 2480 202 2547 mitti.
248 2478 336 2559 Quin
350 2500 426 2545 sane
441 2486 558 2557 metuo,
574 2498 615 2541 ne
631 2475 798 2563 plerosque
815 2476 1054 2564 particularium
1073 2476 1268 2544 demonstro·

106 2581 243 2661 tionum,
259 2580 369 2669 quales
385 2578 499 2646 intima
512 2587 626 2645 tractat
640 2577 807 2659 Mathesis,
823 2578 913 2646 arida
925 2578 1096 2659 subtilitas,
1107 2588 1268 2645 extremus

107 2686 204 2772 rigor,
236 2694 269 2751 et
296 2682 529 2773 penitissimam
558 2682 766 2749 attentionem
797 2682 992 2764 desiderans,
1021 2682 1266 2770 argumentandi

106 2788 223 2853 modus
237 2786 436 2874 aliquantum
452 2785 591 2853 offendat
604 2808 642 2851 ee
656 2787 848 2867 absterreat3
871 2809 935 2875 quo
954 2788 1093 2869 nomine,
1113 2810 1154 2854 ne
1173 2787 1268 2853 dissi·

109 2890 239 2971 malem,
265 2890 347 2955 mihi
370 2889 472 2957 videri
495 2888 599 2955 solent
621 2888 686 2955 illae
711 2888 850 2977 publicis
871 2890 932 2956 hoe
953 2912 1056 2977 genus
1077 2890 1267 2958 lectionibus

109 2993 195 3060 bend
210 2992 291 3059 adeo
307 2992 542 3073 convenientes,
558 2993 642 3059 unde
657 2992 810 3058 libentius
827 2992 862 3059 in
881 2993 931 3060 his
951 3018 1016 3061 non
1034 2996 1081 3061 ita
1095 2995 1215 3083 jejunis
1235 3005 1268 3063 et

109 3098 242 3165 austeris
263 3095 405 3161 meteriis
424 3095 565 3182 aliquam
586 3116 707 3159 morsm
729 3096 840 3175 trah03
862 3105 898 3162 ut
919 3096 1073 3163 nonnulla
1092 3108 1197 3163 tamen
1218 3098 1268 3163 in·

107 3211 304 3287 tempergere
326 3196 468 3263 studeam
494 3198 537 3282 (et
559 3195 717 3283 deinceps,
740 3196 835 3263 modo
856 3220 987 3285 pergam
1008 3199 1043 3264 in
1068 3198 1128 3265 boe
1150 3200 1265 3281 studio,

108 3302 274 3371 liberalius
290 3301 535 3389 interspersurus
551 3298 624 3385 sim)
641 3299 683 3364 ad
697 3298 860 3366 Mathesin
874 3301 1053 3369 interiorem
1068 3303 1244 3369 attinentis.

171 3404 311 3471 Aoeedit
331 3402 416 3492 qnod
435 3402 606 3491 aliquibus,
623 3403 678 3489 qui
696 3404 844 3471 scientias
865 3405 943 3471 istas
962 3406 1153 3493 primoribus
1173 3404 1268 3472 labiis

111 3506 278 3593 degustare
293 3528 358 3570 non
372 3505 513 3571 contenti
528 3526 596 3571 sese
610 3504 711 3571 velint
725 3504 791 3572 illis
806 3506 902 3573 altius
917 3508 1112 3593 immergere,
1124 3516 1269 3593 totosque

112 3631 144 3675 se
158 3608 389 3675 Mathematico
405 3608 532 3695 gurgite
549 3606 704 3696 proluere,
725 3608 843 3696 quique
862 3610 1068 3677 Lectionibus
1088 3608 1175 3675 bisce
1193 3631 1268 3674 nos·

112 3711 166 3777 tris
186 3710 406 3799 dignabuntur
422 3709 583 3783 interesse,
599 3708 749 3797 temporis
764 3708 887 3797 aliquid
906 3711 1140 3779 eoncedendum
1155 3713 1268 3780 existi·

113 3836 203 3895 mem,
220 3814 299 3881 dnm
316 3813 386 3879 haec
405 3812 623 3902 persequimur
642 3811 824 3901 ἐξωτερικά,
840 3812 1031 3883 Geometrise
1050 3838 1085 3882 se
1104 3815 1268 3884 elementis

162 4068 289 4126 bearned
300 4084 364 4125 mm
376 4084 423 4124 err
433 4068 505 4125 trem
516 4073 590 4126 want
601 4071 633 4126 ot
639 4070 713 4127 olem
724 4070 886 4139 knowledge
897 4068 928 4125 ot
938 4070 1004 4124 sneb
1015 4074 1139 4127 mean.

163 4152 233 4209 Surb
251 4154 442 4224 disquisitione
460 4170 522 4227 may
533 4156 651 4211 interest
669 4154 751 4211 these
769 4153 861 4224 ofyou
873 4153 934 4208 who
945 4154 1036 4209 would
1053 4158 1103 4210 not
1121 4155 1210 4211 follow
1221 4158 1269 4212 ab

117 4240 201 4294 struae
212 4240 414 4297 mathematica

118 4409 140 4464 G
163 4326 230 4381 also
242 4327 257 4383 1
269 4326 362 4383 would
372 4326 436 4397 give
447 4341 499 4398 yon
514 4327 582 4384 time
593 4331 624 4383 te
635 4326 748 4385 besem
763 4325 929 4399 aoqnainted
939 4326 1007 4383 with
1024 4326 1074 4383 tbe
1090 4328 1225 4385 clemente
1241 4330 1273 4383 ot

141 4416 265 4484 enen.
