3167 5192
109 404 199 453 usur.
215 386 265 471 u]
442 403 629 454 numiosrs
651 402 925 453 usmeusrmn.
996 452 1000 459 ,
1223 388 1265 454 79

107 590 169 632 non
188 567 323 655 perinde
345 567 419 649 scio,
441 592 501 635 nec
521 569 692 635 admodum
711 570 807 637 refert
825 579 862 637 ut
880 570 977 635 sciam
987 595 996 650 ;
1020 568 1133 635 saltem
1148 570 1264 638 indicio

108 671 148 736 sit
167 694 233 737 rem
257 682 342 738 certo
363 674 520 757 cognosci,
547 674 635 761 quod
657 674 698 739 de
723 673 921 741 certitudinis
946 672 1145 761 acquirendae
1170 674 1265 741 modo

107 777 287 862 querimus,
303 787 336 842 et
350 776 582 842 contendimus.

169 877 235 945 Sed
254 878 422 944 videamus
442 888 604 967 utcunque
624 879 664 945 de
683 879 779 946 modo
801 880 999 947 certitudinis
1023 880 1120 968 hujus
1146 879 1263 967 adipis-

107 980 209 1047 cendae
223 981 371 1066 (istorum
382 982 613 1070 importunitati
626 983 775 1048 nonnihil
788 982 1026 1071 gratificantes).
1064 982 1157 1050 Circa
1168 1006 1264 1071 quem

107 1085 204 1171 primo
218 1085 260 1151 de
275 1085 421 1151 connatis
433 1086 617 1152 notionibus
627 1086 714 1152 haud
725 1087 897 1174 quicquam
906 1088 1082 1167 affirmabo;
1102 1086 1264 1173 (fusiorem

107 1188 160 1254 illa
180 1190 317 1277 queastio
335 1189 588 1256 dissertationem
611 1200 805 1277 exposceret,
830 1201 863 1256 et
887 1199 978 1256 extra
1000 1189 1086 1257 oleas
1109 1190 1264 1278 propositi

106 1292 201 1357 nostri
213 1316 267 1359 me
282 1292 440 1379 abriperet
453 1292 610 1378 longius3)
626 1292 662 1357 id
676 1293 788 1358 saltem
803 1292 942 1374 adverto,
958 1292 1107 1376 sifverum
1122 1294 1164 1361 sit
1178 1292 1265 1380 quod

107 1418 178 1461 sane
198 1396 379 1484 complures
401 1419 466 1461 non
491 1396 611 1463 infimae
634 1405 719 1462 notae
740 1396 932 1484 philosophi,
964 1396 1137 1463 Platonicae
1162 1398 1205 1462 sic.
1232 1408 1264 1461 et
1391 1390 1395 1400 ’

107 1496 218 1566 Stoica
241 1500 372 1568 Scholae
393 1523 542 1588 sequaces
564 1501 758 1569 arbitrantur
779 1511 811 1567 et
828 1501 1023 1567 contendunt
1041 1501 1161 1583 acriter,
1180 1504 1264 1589 ejus·

107 1602 188 1667 modi
206 1602 276 1668 dari
300 1602 443 1689 φυσικὰς
462 1603 592 1685 ἐννοίας,
613 1612 647 1671 et
665 1604 861 1693 προλήψεις,
885 1620 943 1670 eeu
957 1602 1102 1670 veritatis
1117 1604 1262 1686 semina²,

107 1706 217 1771 nostris
231 1706 352 1773 animis
368 1708 481 1773 insitas
502 1731 522 1772 a
540 1713 664 1789 natum,
685 1730 819 1796 quarum
834 1707 948 1772 lumini
969 1728 1034 1771 non
1048 1706 1143 1771 liceat
1156 1708 1262 1773 oculos

107 1806 273 1884 occludere,
285 1808 527 1896 quarumquevi
538 1809 683 1875 resistere
690 1830 885 1896 nequeamus
890 1834 899 1888 ;
915 1807 985 1887 hoc,
996 1808 1136 1895 inquam,
1148 1809 1261 1896 posito,

107 1911 242 1977 confecta
263 1934 315 1978 res
339 1912 408 1993 erit,
431 1922 464 1978 et
484 1911 643 2001 quomodo
661 1913 739 1979 certi
762 1934 872 1978 sumus
890 1909 983 1975 facile
1006 1912 1172 1992 constabit,
1196 1910 1263 1979 ἀδί-

108 2011 212 2081 δαιτοι
227 2038 347 2104 nempe
366 2016 420 2081 vel
436 2014 667 2097 αὖτοδίδωποι,
686 2014 818 2081 Naturae
840 2012 948 2094 solius,
970 2014 1129 2100 magistra
1149 2015 1261 2098 fidelis,

106 2115 262 2184 infallibili
292 2118 394 2184 ductu
421 2118 784 2205 instinctuque—Semel
811 2118 897 2183 dicit
921 2118 1121 2183 amantibus
1152 2121 1263 2185 author

113 2220 267 2308 Quicquid
279 2224 362 2289 scire
378 2221 572 2289 licat-Nec
586 2221 650 2288 alit
663 2221 784 2289 ratione
798 2220 909 2309 primis
923 2220 994 2286 istis
1009 2219 1141 2287 decretis
1156 2244 1262 2289 assen-

107 2346 172 2390 sum
186 2326 422 2413 praestabimus,
438 2350 534 2416 quam
548 2332 613 2413 qut
628 2324 711 2413 lapis
724 2336 840 2391 terram
858 2325 947 2413 petit,
969 2324 1016 2391 sol
1035 2325 1138 2393 lucem
1158 2327 1263 2415 ejacu-

107 2426 195 2511 latur,
209 2430 297 2517 ignis
310 2429 455 2495 fomitem
469 2452 562 2495 suum
577 2429 727 2517 depascit.

168 2532 232 2600 Sed
251 2535 316 2600 hoc
333 2532 429 2599 modo
446 2532 667 2620 praetermisso,
682 2541 882 2598 transeamus
900 2530 942 2597 ad
959 2530 1047 2611 alios,
1064 2532 1162 2619 siqui
1177 2542 1261 2600 sunt.

108 2628 149 2697 Et
161 2634 290 2719 quidem
309 2633 351 2699 de
369 2656 472 2714 sensu,
488 2634 574 2721 quod
592 2633 622 2699 is
640 2634 723 2699 bene
745 2632 919 2699 secundum
938 2641 1082 2698 naturam
1102 2656 1263 2721 compara·

108 2746 165 2817 tus,
186 2748 219 2804 et
239 2740 383 2818 affectis,
406 2746 443 2802 ut
463 2738 502 2802 fit
522 2736 558 2802 in
576 2736 737 2824 plerisque
757 2737 854 2817 sanis,
878 2735 1001 2823 objecta
1014 2737 1159 2823 quaedam
1177 2746 1261 2805 certo

109 2840 276 2923 disoemat3
301 2841 402 2907 solem
425 2863 452 2907 c.
468 2862 501 2927 g.
520 2840 591 2927 jam
611 2841 725 2921 lucere,
747 2840 801 2906 vel
823 2842 920 2905 istum
942 2840 1103 2908 hominem
1125 2841 1259 2925 adstare,

109 2943 185 3009 velle
205 2944 354 3011 dubitare
374 2965 439 3009 non
459 2942 578 3008 cordati
592 2942 787 3031 philosophi,
811 2943 868 3009 sed
888 2943 990 3031 inepti
1007 2946 1169 3031 nugatorie
1191 2969 1260 3013 esse

109 3046 241 3129 videtur3
265 3048 408 3135 seipsum
423 3047 520 3134 juxta
533 3070 605 3113 cum
621 3046 692 3112 aliis
708 3046 915 3129 ludificantis3
939 3072 1014 3130 suae,
1029 3050 1169 3138 inquam,
1185 3074 1260 3118 con-

42 3192 47 3201 ·
110 3151 240 3218 amentiae
268 3150 390 3240 pariter
418 3172 455 3217 ac
489 3150 623 3217 aliorum
652 3151 795 3216 omnium
824 3150 1008 3218 authoriteti
1042 3155 1258 3241 repugnantis,

113 3254 208 3336 (nemo
227 3256 317 3323 enim
333 3277 398 3321 uon
418 3254 679 3342 perfectissimam
702 3252 943 3336 συγκατάθεσιν
961 3266 1100 3343 praestat,
1123 3279 1188 3323 nou
1209 3258 1259 3323 in·

110 3364 254 3424 concussa
263 3358 366 3423 animi
375 3357 584 3446 πληροφορίᾳ
595 3357 795 3443 acquiescite
807 3379 902 3423 sensu
913 3358 1089 3446 perceptis)
1104 3381 1144 3423 ne
1156 3359 1259 3425 dicam

111 3455 241 3525 hominis
254 3482 333 3547 erga
346 3468 492 3524 naturam
505 3458 627 3545 injusti,
639 3458 836 3546 ingratique3
854 3460 923 3547 ejus
937 3458 1088 3524 nimirum
1103 3460 1156 3525 vel
1169 3462 1260 3526 boni-

112 3560 164 3624 tati
176 3561 227 3628 vel
240 3562 394 3651 potentiae
408 3560 598 3647 derogantis,
613 3559 706 3647 quasi
720 3582 779 3626 nos
792 3561 861 3626 veri
876 3572 960 3625 certo
975 3560 1260 3648 comprehendendi

114 3682 233 3749 capaces
247 3676 305 3731 aut
319 3665 466 3745 noluerit,
487 3672 543 3729 aut
556 3663 735 3751 nequiverit
754 3664 884 3743 efficere,
906 3662 961 3729 sed
979 3660 1125 3729 maluerit
1142 3662 1176 3728 in
1190 3686 1260 3750 per-

114 3773 201 3849 petua
212 3792 319 3836 rerum
338 3768 475 3855 caligine
492 3789 591 3834 caecos
605 3765 744 3855 palpare,
764 3767 930 3833 instabiles
944 3766 1069 3855 jactari,
1087 3788 1187 3855 vagos
1203 3768 1259 3835 ob·

115 3888 215 3938 effare.

158 4011 167 4045 ¹
184 4017 217 4065 Bt
224 4034 249 4065 τι
259 4016 349 4077 sitatis
361 4018 378 4077 ἡ
390 4018 458 4081 ψυχὴ
469 4016 581 4077 ξυνίησιν,
594 4016 690 4079 ἀνάγκη
701 4016 783 4079 ἀληθῆ
795 4018 854 4066 εἶναι
865 4020 943 4068 rastra
959 4019 992 4068 τὰ
1008 4016 1137 4082 σπέρματα
1154 4020 1259 4084 ἐμπεφυ-

118 4096 209 4154 troph«
219 4099 252 4161 τῇ
263 4100 447 4163 ψυχῇ-Μαι.
458 4100 559 4165 Tyrium
571 4098 673 4151 Dium.
685 4099 726 4148 28.

122 4404 220 4559 ligh'ltbe
230 4408 378 4468 Platonicis
389 4411 445 4468 and
456 4412 547 4470 Stoica
559 4412 625 4470 held
636 4413 700 4471 that
711 4431 752 4471 we
766 4431 814 4473 sco
830 4414 896 4471 such
913 4412 1060 4486 principles
1075 4412 1112 4483 by
1124 4426 1141 4467 a
1151 4405 1260 4466 natural
