3167 5192
100 370 196 423 uuor.
214 356 300 443 nvn]
434 372 621 425 saoneres
644 374 917 424 narnnunrrcn.
1197 356 1261 423 257

96 538 177 621 duae,
193 562 257 607 una
271 538 363 607 finita
376 538 477 606 altera
490 541 626 623 infinita,
642 542 789 630 quamvis
809 542 845 607 in
862 564 977 630 genere
995 541 1089 609 lineae
1104 540 1257 630 quodam·

95 643 190 711 modo
205 643 408 725 conveniunt,
422 666 485 709 non
501 654 577 709 sunt
591 667 632 712 ex
642 644 856 711 Elementoris
870 646 1028 712 sententit
1041 644 1256 731 homogenaea,

93 746 170 834 quia
184 745 279 813 finita
298 746 546 834 quotiescunque
567 757 695 835 sumpta
714 769 879 834 nunquam
899 746 1061 835 superabit
1078 747 1235 813 infinitam
1245 772 1255 828 ;

93 849 279 938 pariterque
292 871 327 915 se
342 870 392 915 res
406 847 504 914 habet
518 848 552 914 in
567 850 680 936 quovis
699 849 790 915 finito
809 861 953 939 respectu
966 850 1108 939 cujusvis
1127 850 1257 917 alterius

93 951 275 1039 quantitate
288 950 421 1031 infiniti;
440 950 630 1038 (quantitate
645 951 726 1032 dico,
736 974 802 1017 non
812 953 997 1019 extensione
1010 952 1113 1033 locali,
1129 963 1258 1042 propter

92 1067 166 1123 ante
172 1056 247 1144 jam
257 1056 444 1139 insinuata3)
458 1054 634 1142 itidemque
640 1055 738 1143 juxta
748 1056 831 1122 hanc
841 1056 1057 1123 definitionem
1066 1056 1144 1123 satis
1155 1056 1258 1143 liquet

92 1168 224 1245 puncta,
247 1158 358 1239 lineas,
381 1158 572 1245 superficies,
595 1180 726 1247 corpore
751 1182 820 1227 esse
841 1160 1068 1247 heterogenea3
1099 1169 1256 1247 quatenus

90 1284 153 1328 non
186 1260 437 1327 innumerabiles
470 1271 659 1349 punctorum
687 1262 849 1349 myriades
876 1262 1004 1329 unicam
1028 1262 1256 1329 arctissimam¹

91 1364 257 1445 lineolam,
273 1386 337 1431 non
352 1363 467 1431 millies
481 1365 622 1431 millenae
637 1364 818 1453 superficies
833 1365 962 1432 unicum
976 1365 1133 1432 excedant
1147 1366 1252 1433 minu·

91 1466 257 1533 tissimum
272 1466 505 1554 corpusculum.

157 1568 220 1637 Sic
241 1577 274 1635 et
295 1569 406 1655 anguli
431 1567 519 1657 plani
545 1568 761 1657 κερατοειδεῖς,
785 1569 814 1634 si
839 1569 934 1635 modo
959 1570 1071 1657 anguli
1093 1581 1177 1647 sunt,
1200 1581 1256 1638 aut

91 1671 379 1761 quomodocunque
400 1672 530 1759 quanti:
561 1694 696 1759 quorum
717 1682 887 1758 utrumque
915 1671 1080 1738 dubitatur
1103 1683 1137 1741 et
1161 1674 1256 1741 dene-

91 1786 190 1863 getur
205 1799 225 1843 a
238 1774 397 1862 preclaris
412 1773 659 1856 Mathematicis‚
681 1775 721 1841 de
735 1799 800 1863 qua
812 1799 846 1842 re
861 1774 945 1841 nihil
959 1798 1019 1863 ego
1034 1776 1204 1865 quicquam
1221 1777 1256 1843 in

92 1901 236 1969 praesens
266 1877 468 1964 disceptabo:
499 1886 532 1941 at
562 1876 684 1958 saltem,
716 1877 857 1964 inquam,
889 1876 917 1943 si
946 1878 1155 1946 comiculares
1185 1880 1255 1947 istae

92 1980 315 2068 divergentiae‚
335 2002 414 2067 quas
432 1978 571 2045 efficiunt
588 1989 681 2046 rectae
701 1977 794 2045 lineae
812 2002 885 2045 cum
902 1981 1008 2047 curvis
1032 2003 1111 2070 quas
1131 1984 1256 2050 contin·

90 2098 184 2173 gunt,
198 2084 266 2151 sint
278 2106 351 2153 vere
367 2084 487 2171 anguli,
501 2084 679 2171 quantitate
689 2083 826 2171 praediti,
842 2084 1012 2151 rectilineia
1027 2086 1140 2152 saltem
1154 2108 1256 2174 angu-

91 2190 131 2255 lis
146 2187 342 2275 homogenei
356 2209 420 2253 non
435 2197 545 2268 erunt;
569 2186 645 2275 quia
664 2187 817 2252 minimus
832 2186 968 2275 quilibet
986 2189 1039 2255 vel
1053 2190 1256 2257 acutissimus

94 2290 237 2379 angulus
258 2289 438 2357 rectilineus
461 2288 597 2355 infinitis
616 2288 741 2355 vicibus
764 2289 891 2356 excedit
911 2289 1159 2357 innumerabiles
1176 2291 1256 2359 istos

95 2392 319 2484 κερατοειδεῖςε
343 2392 425 2459 sicut
447 2391 598 2459 Euclides
620 2392 660 2458 de
682 2391 869 2458 corniculari
891 2415 986 2479 quem
1008 2394 1103 2460 efficit
1120 2403 1258 2481 tangens

95 2521 169 2564 cum
190 2494 370 2585 peripheria
396 2493 515 2575 circuli,
541 2492 734 2582 Apollonius
760 2492 801 2559 de
825 2492 891 2559 illis
916 2516 997 2582 quos
1021 2494 1161 2561 efficiunt
1186 2506 1257 2561 tan·

97 2611 209 2688 gentes
225 2622 299 2665 cum
314 2598 505 2664 sectionibus
520 2596 664 2677 coniois¹,
684 2594 895 2663 Archimedes
913 2594 952 2662 de
972 2595 1022 2678 iis,
1043 2618 1123 2684 quos
1142 2596 1258 2663 eonsti-

96 2704 159 2769 tnit
176 2712 313 2789 tangens
332 2723 405 2766 eum
425 2699 534 2789 spirali
555 2700 822 2785 demonstrarunt,
842 2720 964 2786 nosque
983 2698 1142 2787 possimus
1161 2700 1257 2767 uniet

100 2804 365 2872 demonstratione
389 2800 572 2882 universali,
603 2823 621 2867 e
645 2810 790 2867 motuum
820 2801 1047 2889 compositione
1075 2801 1185 2890 petita,
1216 2803 1257 2871 de

102 2910 246 2977 omnibus
269 2908 311 2974 ad
332 2906 457 2975 easdem
479 2914 584 2994 partes
610 2904 763 2971 convexis
788 2905 894 2972 curvis
920 2906 1136 2972 demonstratt
1160 2908 1254 2975 dare:

102 3012 144 3079 sic
164 3024 201 3081 ut
222 3035 289 3079 non
316 3010 408 3078 'aliter
435 3011 490 3076 isti
512 3018 675 3077 contactum
697 3009 809 3097 anguli
831 3032 865 3076 se
890 3010 1031 3078 habeant
1055 3009 1098 3077 ad
1123 3010 1258 3099 angulos

102 3117 288 3207 rectilineus,
305 3138 401 3204 quam
415 3122 569 3204 punctum
584 3113 626 3180 ad
639 3113 766 3195 lineam,
781 3112 836 3180 vel
848 3113 935 3181 linea
948 3114 990 3181 ad
1004 3114 1212 3203 superficiem.

162 3220 273 3287 Liueae
307 3240 381 3285 vero
411 3240 521 3284 onmes
549 3216 650 3282 finitae
684 3216 891 3303 quantumvis
925 3215 1098 3285 dissimiles
1127 3217 1259 3285 sibimet

103 3322 302 3412 homogeneae
321 3334 405 3404 sunt,
427 3320 546 3389 nedum
565 3330 660 3389 rectae
679 3320 783 3400 rectis,
805 3329 839 3385 at
859 3344 964 3387 curvae
978 3320 1082 3401 rectis,
1103 3331 1136 3387 et
1152 3344 1258 3388 curvae

104 3429 219 3515 quaevis
244 3430 328 3496 inter
349 3452 400 3510 se;
431 3437 586 3516 quatenus
608 3424 737 3491 tametn
767 3424 807 3491 de
835 3446 1003 3491 curvarum
1030 3424 1255 3513 plerarumque

103 3530 315 3599 determinatis
337 3532 379 3598 ad
399 3540 500 3597 rectas
521 3528 779 3618 proportionibus
805 3531 854 3615 (ut
879 3526 1067 3615 peripheria
1092 3527 1255 3595 circularis

103 3644 154 3700 aut
167 3636 317 3724 elliptieae
332 3636 374 3701 ad
388 3635 529 3723 aliquam
541 3656 558 3700 e
571 3633 756 3717 diametrisl
770 3632 913 3699 nondum
928 3639 1059 3711 constet,
1071 3630 1106 3696 in
1121 3629 1256 3698 dubium

103 3748 204 3806 tamen
226 3739 317 3826 [uon]
339 3738 382 3805 sit
401 3737 543 3827 aliquam
562 3738 646 3805 iuter
668 3760 723 3805 eas
745 3736 981 3825 proportionem
1002 3734 1158 3815 existere3
1181 3733 1259 3822 quia

361 3866 384 3933 [¹
400 3867 454 3918 'l'he
464 3866 571 3917 editions
582 3866 646 3917 have
657 3862 835 3930 contremens]

379 3947 391 3981 ¹
407 3943 996 3998 mammaemammal.

151 4144 247 4202 Hence
262 4162 280 4201 a
295 4146 373 4202 finite
389 4146 444 4203 line
460 4148 510 4203 has
525 4164 561 4203 no
577 4148 649 4204 ratio
665 4152 695 4204 to
711 4147 874 4203 an'inhuite.

153 4230 285 4289 canora
302 4232 404 4303 angles,
420 4234 503 4290 made
520 4234 586 4306 hya
604 4250 688 4290 curve
706 4233 773 4290 with
792 4234 831 4290 its
849 4236 973 4304 tangent,
992 4233 1063 4289 have
1080 4249 1117 4289 no
1136 4235 1208 4292 ratio
1225 4239 1257 4293 to

106 4318 254 4375 rectilinear
270 4320 372 4391 angles

154 4403 241 4461 (lurra
261 4406 332 4461 lines
351 4406 421 4463 have
440 4423 458 4463 a
477 4407 549 4464 ratio
568 4412 598 4464 to
619 4406 740 4477 serught
759 4404 830 4461 lines
848 4404 955 4475 though
973 4403 999 4461 lt
1015 4421 1078 4479 may
1093 4411 1143 4464 not
1156 4407 1194 4464 bc
1208 4412 1256 4479 yet

109 4482 280 4559 determinat,
292 4506 324 4546 aa
339 4490 389 4547 the
404 4508 451 4548 arc
466 4492 497 4547 ot
510 4510 527 4549 a
541 4491 624 4548 circle
641 4507 673 4548 or
689 4490 786 4561 ellipse
797 4494 828 4546 to
839 4506 857 4546 a
868 4488 1011 4547 dimeter.

52 4578 53 4583 ’
149 4592 175 4639 a.
192 4594 227 4643 u.
1127 4578 1169 4639 33
