3167 5192
351 371 419 441 ato
677 366 880 437 'menonem
901 383 1174 438 warmuse.
1292 368 1389 457 [man.
1402 388 1476 440 xm.

417 556 538 640 Primo,
560 556 656 626 valde
677 556 834 627 lubricam
856 556 936 627 dicit
956 566 988 625 et
1009 558 1142 627 bisam:
1172 579 1246 646 qua
1265 556 1395 647 profecto
1413 580 1479 625 nera
1527 576 1528 579 ’

355 660 517 729 calumnia
530 669 590 742 est,
609 682 669 727 nee
682 658 813 727 aliunde
828 682 924 748 quam
938 661 981 727 ab
995 683 1099 728 errore
1112 659 1306 749 spississimo
1319 671 1405 742 nata;
1423 661 1480 747 quia
1527 710 1528 743 q

353 786 469 853 nempe
493 762 574 851 quid
597 761 642 829 sit
661 784 719 851 per
739 785 954 851 quamcunque
975 760 1274 851 multiplicationem
1298 760 1390 829 simul
1410 784 1481 829 exce·
1527 754 1528 837 l

355 868 439 949 dere,
454 866 598 949 deficere,
613 866 732 955 equari
745 866 854 935 miuus
868 876 950 935 recte
964 867 1115 955 percepit.
1152 866 1367 935 Disertissime
1378 866 1481 955 requirit
1527 872 1528 941 i

356 970 511 1039 Euclides
536 969 578 1038 ad
598 970 902 1061 proportionalitatis
926 969 1092 1053 indicium,
1116 980 1155 1038 ut
1179 976 1337 1052 excessus,
1361 969 1480 1051 Moatra
1527 948 1528 999 l

355 1074 550 1163 equalitatis
578 1074 619 1141 de
642 1072 885 1160 homologorum
909 1074 1116 1141 terminorum
1137 1072 1383 1163 sequemultiplis
1404 1073 1482 1139 onni-

356 1176 453 1245 moda
473 1174 706 1245 simultaneitas
726 1186 760 1243 et
779 1184 934 1265 perpetua
955 1178 1196 1265 comprobetur:
1220 1176 1283 1259 hic,
1301 1175 1374 1265 quia
1390 1182 1483 1263 quanta

356 1277 693 1367 non-proportionalia,
722 1277 859 1345 subinde
884 1277 1039 1367 quasdam
1064 1278 1224 1367 ejusmodi
1252 1276 1483 1345 simultaneitrtes

357 1382 502 1451 obtinere
515 1380 682 1467 contingit,
693 1378 883 1447 Euclideam
897 1380 1152 1449 enunciationem
1165 1381 1283 1449 lubrici
1296 1380 1419 1468 falsique
1430 1400 1483 1467 pos·

356 1484 457 1553 tulate
480 1484 560 1573 quid
573 1484 716 1573 iniquius
729 1493 786 1551 ant
800 1482 982 1551 infirmius?
1011 1483 1049 1553 si
1063 1484 1145 1573 quis,
1159 1492 1199 1551 ut
1212 1508 1232 1551 e
1245 1484 1367 1571 vulgari
1379 1481 1483 1549 mount

357 1587 464 1655 simile
482 1587 562 1676 quid
580 1586 774 1675 depmmm,
795 1585 901 1653 virum
919 1586 1056 1675 probum
1075 1586 1223 1655 definiret
1241 1596 1298 1655 aut
1315 1586 1482 1664 describeret

359 1690 540 1759 istiusmodi
563 1690 680 1772 virum,
711 1688 768 1777 qui
792 1688 836 1755 ad
859 1698 953 1755 rectu
977 1688 1109 1756 rationis
1133 1712 1281 1757 normam
1305 1711 1375 1756 snos
1400 1706 1484 1754 onnes

359 1804 450 1862 aetus
471 1792 633 1881 componit
652 1802 685 1859 ot
701 1792 886 1873 conformat,
909 1815 951 1859 an
972 1791 1218 1881 descriptionem
1237 1794 1319 1860 hanc
1336 1792 1483 1869 labefactat

359 1896 445 1984 quod
459 1895 595 1962 subinde
608 1893 660 1959 vir
678 1894 843 1983 improbus
862 1893 986 1982 aliquas
1006 1894 1145 1963 actiones
1164 1896 1234 1963 edit
1250 1896 1361 1962 rationi
1379 1915 1484 1962 consan-

358 2009 479 2077 taneas,
495 1997 583 2086 juste
596 2018 828 2085 nonuunquam
845 2007 993 2086 operatur
1011 2008 1068 2065 aut
1082 1998 1213 2067 sobrie?
1256 1998 1326 2067 Inro
1338 2020 1406 2065 vero
1418 1993 1483 2085 quod

359 2102 426 2182 ille,
438 2100 535 2188 juxta
547 2121 677 2167 sensum
690 2099 851 2187 loquendo
865 2100 1027 2184 moralem,
1042 2112 1224 2171 constanter
1237 2125 1275 2170 ac
1287 2110 1430 2191 perpetuo,
1442 2095 1484 2164 sel

358 2205 478 2271 incerto
492 2202 546 2269 hic
559 2212 593 2269 et
605 2202 827 2290 contingenter
841 2227 883 2271 ex
897 2204 1027 2272 virtutis
1042 2206 1111 2293 agit
1121 2206 1314 2296 praescripto,
1324 2206 1440 2294 probum
1451 2201 1483 2265 ab

360 2307 506 2396 improbo
534 2305 613 2373 satis
641 2305 763 2372 dirimit
791 2328 830 2373 ac
858 2307 1003 2375 secernit.
1048 2307 1172 2376 Pariter
1201 2318 1235 2377 et
1263 2310 1334 2391 hic;
1358 2317 1482 2397 mart
1527 2282 1528 2349 l

360 2408 592 2479 simultaneitaa
619 2408 867 2498 proportionalia
900 2409 1071 2499 distinguit
1103 2412 1145 2481 ab
1173 2409 1481 2501 improportionalibue

359 2536 433 2603 qun
453 2536 519 2581 nou
539 2534 611 2580 eam
631 2512 807 2580 necessario
832 2512 886 2580 vel
907 2524 1059 2603 perpetuo
1080 2515 1274 2597 sortiuntu13
1303 2535 1397 2601 neque
1417 2503 1481 2597 quod

359 2617 448 2684 hisce
461 2637 692 2703 nonnunquam
706 2614 855 2703 obtingit,
872 2616 1043 2705 quiequam
1057 2617 1154 2686 officit
1168 2615 1344 2685 definitioni
1356 2622 1458 2681 nostra

426 2718 513 2799 Quid
527 2717 622 2806 quod,
642 2726 853 2807 preterquam
871 2718 959 2807 quod
972 2718 1182 2787 Archimedes
1202 2719 1306 2788 etalii
1319 2706 1479 2805 mgsdsdmi

360 2829 482 2889 veteres
517 2820 707 2903 Geometrae,
742 2821 1026 2889 demonstrationes
1056 2821 1306 2912 haudquaquam
1333 2840 1399 2887 suso
1421 2812 1480 2881 folet
1527 2814 1528 2907 l

359 2921 568 2989 fundamento
596 2922 919 3011 superextruxissent,
949 2924 1092 3013 plerique
1120 2925 1318 2995 definitionis
1343 2920 1433 3010 hujus,
1454 2924 1481 2981 ul
1527 2924 1528 3011 l

359 3021 445 3102 talis,
467 3022 705 3110 impugnatores
724 3023 878 3107 moderni,
899 3025 960 3091 hoc
979 3047 1050 3093 eam
1069 3028 1245 3115 presertim
1264 3024 1384 3093 nomine
1401 3038 1481 3107 repre

360 3124 449 3204 bant,
465 3123 552 3211 quod
566 3124 833 3207 demonstrabilis,
848 3127 909 3194 hoc
924 3134 982 3211 est,
997 3128 1172 3195 necessario
1187 3154 1274 3213 vera,
1294 3129 1352 3208 sit3
1371 3122 1480 3207 adeoque

359 3224 460 3293 auiae
474 3224 640 3315 principiis
653 3224 845 3313 Tacquetus‚
865 3227 1024 3310 Borellus,
1048 3228 1208 3313 Hobbius,
1233 3234 1278 3319 (et
1291 3226 1388 3318 quoad
1398 3240 1483 3291 nunt

359 3346 412 3394 ros
438 3350 457 3394 o
479 3326 644 3416 principiis
669 3325 835 3395 Euclideis
859 3329 929 3418 ipse
950 3328 1107 3416 Clarius)
1135 3331 1227 3399 illam
1254 3328 1479 3400 demonstrant

359 3440 428 3497 tam
442 3430 539 3518 longe
552 3430 644 3499 abest
656 3437 693 3497 ut
706 3430 776 3497 hec
789 3430 969 3499 enunciatio
983 3432 1065 3499 falsa
1078 3434 1131 3517 sit,
1147 3444 1203 3502 aut
1212 3436 1302 3525 justa
1314 3428 1401 3502 Remi
1412 3444 1481 3493 Μ·

360 3534 454 3604 satio.

427 3634 493 3707 Sed
513 3636 613 3704 instat
628 3634 752 3704 Remus
769 3636 858 3705 hisce
875 3638 982 3706 verbis
1001 3639 1190 3729 ipsissimis3
1212 3642 1318 3731 Neque
1337 3634 1409 3705 enias
1419 3648 1481 3719 pto·

353 3740 464 3832 portio
481 3762 523 3807 ee
542 3739 607 3809 ille
629 3739 753 3827 triplae
768 3740 947 3827 different
964 3744 1043 3809 aaut
1062 3754 1206 3811 macae
1224 3740 1411 3816 medem,
1429 3748 1481 3797 aa

350 3840 584 3929 sauream
597 3841 635 3909 a'a
648 3842 707 3909 aito
721 3856 902 3930 arprmscnto
915 3846 957 3910 ait
971 3844 1132 3912 elenchus:
1150 3847 1293 3932 (ubinam
1305 3864 1372 3911 vero
1381 3825 1481 3904 Bffltl

359 3964 413 4011 me
440 3943 554 4012 saon
582 3943 612 4013 si
640 3945 848 4032 uenderet)
879 3947 1032 4033 mama,
1062 3949 1180 4039 inqua,
1210 3947 1338 4041 quio
1358 3928 1480 4011 mett

411 4322 539 4379 Ramnes
554 4323 800 4395 objoeuon-'tuat
815 4330 879 4389 itis
895 4334 970 4391 loose
987 4334 1045 4393 and
1060 4335 1138 4393 false.

414 4408 474 4467 But
489 4408 514 4468 lt
530 4407 556 4466 is
572 4416 654 4470 amet
668 4415 725 4471 and
739 4420 813 4479 true.

411 4482 1455 4580 memnonosncnonowouooopmporaenenocrt
