3167 5192
402 279 466 348 182
709 297 896 350 memoras
917 297 1182 350 enounnnrcm.
1346 278 1457 366 [uren.
1472 293 1506 344 11.

400 464 514 548 dicam,
526 487 598 553 qnae
608 465 649 533 de
666 465 761 534 Oom’a
775 465 951 554 generatim
961 466 1131 549 Mimo,
1146 463 1383 556 Apollonion,
1396 463 1507 551 aliique

400 565 608 648 tradiderunt,
621 589 659 634 ea
675 567 794 636 oonicis
813 567 874 636 hoo
894 569 989 636 modo
1002 569 1111 651 factis,
1132 575 1289 636 servate
1305 566 1425 634 debita
1438 587 1508 632 ena·

399 668 496 755 legit,
521 670 719 753 convenient,
746 681 780 738 et
802 671 902 740 simili
925 671 1022 761 ferme
1044 671 1154 740 modo
1180 669 1507 740 demonstrabuntur

399 794 579 841 eonvenue.

465 875 586 944 Verum
600 877 828 944 usitatissimus
846 876 933 966 apud
947 875 1216 944 Mathematioos
1238 897 1389 964 corpora
1403 871 1506 962 progi-

398 980 519 1066 gnendi
529 980 642 1046 modus
652 990 701 1047 eet
715 981 744 1046 is
758 981 816 1069 qui
832 980 983 1070 peculiari
998 980 1131 1048 nomine
1153 982 1309 1048 Botateb
1326 977 1460 1056 dicitur,
1476 983 1505 1042 et

398 1080 437 1148 fit
462 1082 626 1169 supposito
651 1080 769 1149 lineam
790 1084 948 1170 quemvis,
972 1094 1028 1150 aut
1051 1083 1260 1171 quemlibet
1286 1079 1504 1170 Superfioiem

398 1183 529 1272 planam
547 1185 632 1251 eirca
650 1196 770 1252 rectem
783 1185 901 1254 lineam
916 1187 1026 1268 fixam,
1041 1196 1212 1274 tanquam
1229 1208 1354 1266 exem,
1370 1179 1502 1250 revolvi.

398 1287 565 1367 Quomodo
574 1311 617 1354 ex
626 1298 717 1354 motu
727 1290 993 1378 semiperipheriae
1005 1289 1175 1356 circularis
1189 1289 1292 1356 eirea
1303 1287 1502 1355 diametrum

398 1389 582 1478 producitur
596 1392 759 1479 Spltoerico
775 1393 971 1481 Superfloics‘,
986 1416 1028 1460 ex
1042 1403 1132 1462 motu
1148 1392 1386 1462 semicirculi
1402 1387 1500 1477 ipsios

399 1493 483 1560 circa
496 1493 632 1561 eundem
649 1494 781 1582 Spboera
797 1495 996 1578 detornetur3
1012 1520 1054 1564 ex
1067 1507 1162 1564 motu
1175 1496 1286 1564 lineae
1302 1505 1407 1563 reete
1418 1491 1499 1558 cirea

399 1596 518 1664 lineam
546 1598 611 1688 ipsi
637 1599 823 1687 parallelum
852 1601 1037 1688 superficies
1069 1601 1303 1690 Optimam,-
1335 1622 1384 1666 ex
1409 1603 1496 1664 motu

398 1699 686 1787 parallelogrammi
700 1699 876 1788 rectauguli
888 1701 973 1768 eirca
986 1702 1070 1768 latus
1084 1724 1191 1770 unum
1209 1703 1292 1791 ipse
1316 1697 1495 1788 Cylindrvs

398 1816 520 1885 recem
535 1826 577 1869 ex
591 1813 682 1869 motu
694 1805 795 1870 cruris
809 1804 905 1870 unius
923 1805 1035 1892 anguli
1051 1805 1218 1873 rectilinei
1241 1807 1340 1873 eirca
1354 1802 1491 1870 alterum

404 1903 521 1972 (lonico
538 1904 722 1992 &perficies
729 1932 746 1988 ,·
761 1928 803 1972 ex
817 1908 997 1995 reetauguli
1011 1907 1164 1996 trianguli
1181 1909 1279 1976 circe
1294 1928 1375 1974 erus
1391 1923 1491 1972 unum

398 2005 510 2092 anguli
524 2007 601 2074 recti
616 2031 709 2074 coner
723 2008 791 2096 ipae
806 2008 1017 2092 deformetur;
1032 2033 1132 2099 eoque
1146 2022 1253 2099 pacto
1269 2035 1351 2079 erem
1361 2011 1488 2094 iasoyro

398 2133 469 2176 oum
481 2110 549 2176 surb
569 2109 684 2178 Otroia
700 2111 928 2199 Seperfioabbrm
944 2114 1061 2182 80le
1074 2116 1326 2201 magnitudines
1341 2113 1487 2178 inmme-

398 2235 454 2292 roe,
465 2224 530 2278 tum
541 2212 984 2303 promumportabneaffiwta,
996 2217 1072 2298 reti,
1081 2217 1439 2307 nometiproermacr.

443 2314 633 2405 Onjnnmodi
647 2325 754 2383 motus
773 2316 843 2384 haeo
853 2320 1013 2408 praecipue
1027 2320 1207 2408 proprietas
1223 2330 1291 2402 eat,
1308 2316 1402 2407 quod
1417 2313 1482 2380 eiu·

398 2418 476 2508 gulo
489 2443 624 2509 quaeque
641 2421 872 2509 magnitudinis
890 2422 1111 2492 circumduotae
1130 2435 1259 2513 puncta
1274 2415 1477 2513 peripteris

398 2521 516 2589 obeant
535 2522 701 2590 circulares
725 2522 877 2610 (integras
897 2523 1027 2611 quidem
1046 2524 1129 2605 illes,
1144 2526 1244 2594 modo
1268 2522 1417 2614 perfecte
1437 2514 1478 2582 til

398 2623 566 2704 revolutio,
581 2645 639 2690 seu
649 2624 767 2692 mobile
782 2623 886 2692 &uuo
903 2623 1042 2712 primum
1056 2625 1091 2692 in
1105 2625 1205 2692 situm
1220 2625 1427 2699 restituetur,
1442 2624 1475 2682 al

399 2728 520 2794 similes
534 2737 695 2815 utcunque
708 2728 773 2795 sibi
786 2737 908 2810 mutuo,
927 2751 999 2816 que
1018 2727 1116 2796 simul
1130 2726 1379 2811 deseibunon)
1396 2742 1475 2810 qun·

398 2852 470 2896 rum
485 2830 592 2896 omnia
606 2829 724 2896 Contra
743 2841 819 2897 suut
836 2831 971 2898 indicto
988 2853 1059 2913 axe,
1080 2831 1163 2898 radii
1177 2855 1258 2900 vero
1279 2839 1361 2899 sunt
1379 2833 1471 2894 reete

398 2930 440 2996 ab
453 2929 532 3016 ipsis
543 2929 669 3016 punctis
680 2929 722 2994 ed
732 2953 827 2996 axem
841 2931 1124 3018 perpendiculares.
1161 2931 1239 3013 Vel;
1256 2930 1350 3022 quod
1360 2943 1471 2998 omnes

399 3031 435 3096 iu
448 3029 560 3097 mobili
575 3029 645 3098 sitae
661 3041 754 3098 recte
769 3031 863 3098 liuere
876 3033 933 3098 axi
951 3034 1226 3122 perpendiculares
1248 3034 1396 3102 efficiunt
1408 3028 1467 3096 oir-

399 3132 488 3200 culos
512 3133 553 3218 (ei
573 3131 729 3200 revolutio
750 3143 888 3222 ponetur
909 3135 1032 3224 integre
1053 3139 1189 3226 peraeta)
1213 3149 1273 3208 aut
1295 3135 1466 3206 emnam

397 3235 521 3304 similes
543 3244 689 3319 sectores,
713 3236 787 3304 illos
812 3237 958 3326 intelligo
978 3241 1036 3328 qui
1061 3241 1158 3308 simul
1183 3241 1297 3311 eodem
1321 3252 1462 3327 tenpore

285 3384 292 3399 ·
321 3383 330 3400 ·
399 3339 607 3408 delineautrrr.
652 3339 702 3408 Ut
715 3340 745 3407 ei
759 3364 792 3410 v.
804 3363 837 3428 g.
856 3341 941 3410 linea
955 3343 1077 3431 quaevie
1091 3343 1174 3410 circe
1187 3367 1283 3412 exem
1307 3343 1462 3412 VKrote·

399 3454 462 3525 tur,
477 3467 515 3510 eo
529 3443 745 3532 procreabitur
758 3455 849 3512 motu
862 3467 960 3513 curva
973 3445 1119 3534 quaedam
1135 3446 1337 3536 superficies,
1357 3441 1459 3510 ebon-

399 3546 521 3616 laribua
549 3548 643 3635 qussi
672 3547 859 3636 peripheriis
895 3557 1062 3631 constaue3
1100 3550 1345 3634 (remearem
1371 3542 1454 3613 euim

398 3648 532 3736 phrasin
550 3649 721 3731 facilitatis,
739 3649 983 3739 perspicuitatis,
1001 3651 1176 3735 brevitatis,
1195 3653 1311 3721 addere
1329 3650 1403 3717 lieet
1421 3651 1453 3710 el

398 3752 686 3820 verisimilitudinis
706 3759 804 3820 cause
821 3775 886 3821 non
900 3754 1061 3822 illibenter
1074 3778 1193 3844 usurpo
1199 3758 1221 3842 ς)
1239 3750 1448 3825 eneuleribm

397 3854 540 3942 iuquam,
562 3854 842 3942 peripheriisAY,
864 3858 940 3938 BY,
960 3857 1031 3938 ΟΥ,
1046 3859 1122 3926 DY
1136 3881 1193 3947 per
1213 3869 1331 3948 puncta
1349 3855 1391 3934 Α,
1409 3849 1447 3922 Β.
1555 3903 1558 3948 ,

401 3957 439 4038 0,
469 3958 503 4024 D
530 3955 715 4045 reliquaque
742 3979 816 4045 qum
844 3959 982 4026 suntin
1011 3961 1069 4027 VD
1096 3973 1211 4029 cuneta
1237 3953 1446 4030 deoiroinntist
1554 3951 1555 4022 Ϊ

395 4081 532 4148 quarum
547 4060 629 4128 redii
646 4069 722 4128 eunt
734 4071 829 4128 recte
843 4063 915 4142 AZ,
929 4063 996 4145 BZ,
1018 4064 1080 4146 ΟΖ,
1095 4067 1162 4132 DZ
1174 4064 1229 4132 exi
1248 4057 1444 4154 perpenditur

396 4162 490 4242 lares,
504 4173 538 4229 et
552 4173 660 4230 contre
672 4164 706 4230 Z
719 4163 754 4229 in
773 4187 846 4232 axe.
891 4163 1033 4244 Quodsi
1054 4167 1209 4235 revolutio
1223 4175 1346 4235 teutrmr
1360 4177 1442 4230 eoue-

395 4286 459 4352 que
487 4265 698 4347 continuatur,
728 4266 828 4335 donee
857 4267 949 4334 VAD
978 4269 1021 4336 eit
1045 4269 1080 4336 in
1102 4271 1167 4338 situ
1200 4269 1270 4352 Vol,
1297 4256 1439 4338 comtobil

393 4367 501 4456 offecto
523 4367 709 4456 Soporflot‘oa
729 4391 773 4440 ex
793 4370 930 4442 arcubus
948 4369 1012 4454 Aa,
1034 4371 1101 4456 Ββ,
1130 4372 1187 4457 (iv,
1209 4371 1272 4456 Do,
1294 4365 1438 4440 similibut
