3167 5192
104 390 194 439 asor.
207 371 274 455 nn]
433 386 620 438 nacrlouas
642 386 916 436 mansuarios.
1194 374 1256 439 133

101 572 203 627 serent
216 560 330 626 omnia
347 560 414 647 (sed
427 583 486 626 nec
499 560 696 648 quiescerent
709 582 782 625 cnm
798 558 914 646 quietis
928 558 1024 625 etiam
1040 560 1257 630 definitionem

101 663 192 749 spatii
212 663 408 751 phantasma
427 663 725 750 subingrediatur)?
767 662 858 743 Ideo,
877 662 1017 749 inquam,
1036 664 1163 729 nullum
1185 688 1258 752 spa-

100 768 187 847 tium,
202 768 316 833 nullus
331 768 429 846 locus,
440 766 550 832 nullus
562 778 670 832 motus
684 766 821 832 existere
834 764 983 851 possint?
1018 766 1123 846 Quam
1138 768 1258 835 absona

100 883 171 936 sunt
185 871 266 953 haec,
283 894 383 959 quam
397 870 583 958 παράλογα,
598 869 717 934 nedum
731 866 926 955 παράδοξαῗ

161 974 275 1041 Obiter
295 975 368 1041 haec
393 978 509 1062 (pauca
527 974 568 1038 de
585 971 709 1055 multis)
730 981 769 1037 ut
794 971 958 1037 ostendam
977 994 1074 1058 quam
1095 972 1257 1043 δυσκατά-

101 1086 217 1156 λιμιτα,
229 1098 395 1163 quamque
409 1073 648 1161 δυσερμήνειπα
665 1084 741 1139 sunt
755 1074 817 1138 ista
832 1075 1013 1139 communia
1026 1077 1258 1162 magnitudinis

101 1174 325 1267 symptomata,
346 1200 447 1265 quum
466 1199 505 1241 ca
523 1199 621 1264 quam
640 1174 877 1240 accuratissime
897 1175 1060 1241 studentes
1082 1180 1256 1263 enucleare,

101 1282 158 1345 riri
170 1305 237 1369 pras
251 1281 369 1347 multis
383 1279 541 1366 ingeniosi
551 1289 600 1344 tot
609 1302 644 1345 se
657 1278 862 1365 labyrinthis,
875 1277 1125 1361 difficultatibus,
1138 1280 1257 1347 incom·
1359 1329 1363 1339 .

101 1383 198 1449 modis
211 1385 393 1449 innectant.
437 1382 509 1462 Quo
526 1382 631 1469 magis
649 1381 893 1448 condonandum
913 1382 955 1447 sit
969 1382 1059 1463 mihi,
1081 1385 1109 1449 si
1124 1386 1258 1455 dilutius

101 1486 238 1553 fortassis
252 1498 287 1552 et
301 1487 448 1566 crassius,
463 1485 505 1550 ad
519 1508 721 1552 communem
735 1508 873 1565 sensum,
890 1508 986 1572 qnam
1001 1486 1043 1551 ad
1057 1486 1258 1577 Metsphysi·

103 1610 151 1654 aos
170 1600 285 1677 captus
307 1588 587 1662 accommodatius,
612 1610 778 1675 quousque
803 1596 928 1654 tantum
950 1588 1123 1656 conducere
1148 1603 1256 1679 putem

102 1692 257 1778 proposito
286 1690 428 1777 negotio,
455 1690 517 1755 hoc
545 1699 604 1768 est,
634 1700 792 1776 quatenus
821 1688 1060 1755 Mathematicis
1085 1692 1259 1763 inserviant

104 1792 345 1879 hypothesibus,
366 1796 406 1877 η]
420 1791 575 1859 ὑποθέσει
590 1791 758 1872 δουλεύων,
779 1792 819 1858 de
838 1792 880 1858 iis
900 1792 1077 1881 dispiciam,
1096 1818 1133 1861 ea
1151 1818 1259 1865 recen-

104 1916 184 1961 seam
197 1908 231 1961 et
243 1918 417 1983 exponam.

162 1998 217 2063 Ad
229 2022 317 2065 rem:
341 1998 373 2063 Ε
387 1998 620 2085 magnitudinis
639 1999 808 2088 praecipuis
828 2008 859 2065 et
878 2000 1145 2068 communioribus
1165 2006 1259 2072 affee-

104 2100 238 2167 tionibus
266 2102 374 2190 prima
402 2123 437 2166 se
464 2100 558 2166 nobis
587 2100 680 2166 offert
711 2105 797 2186 (nam
823 2101 864 2166 sd
888 2103 1012 2169 nullum
1038 2106 1090 2169 me
1115 2107 1257 2174 ordinem

105 2205 246 2291 astringo,
269 2228 347 2271 cum
368 2204 494 2269 nullum
515 2203 568 2284 sit,
588 2204 679 2268 utin
699 2204 816 2271 ultima
835 2207 1021 2291 praemonui,
1042 2220 1191 2297 exparte
1212 2212 1258 2277 rei

102 2306 343 2374 laudamentum
367 2308 487 2373 ordinis
508 2307 592 2372 inter
613 2306 756 2393 ejusdem
779 2308 826 2373 rei
851 2310 1059 2396 proprietates
1085 2314 1258 2400 reciprocas

105 2434 139 2477 ac
151 2412 347 2495 essentiales)
363 2411 476 2499 prima,
498 2409 579 2483 dico,
599 2410 851 2495 magnitudinem
872 2410 914 2481 dr
929 2410 1025 2500 ἔτυχε
1044 2417 1259 2503 contemplan-

107 2514 196 2596 tibus,
210 2539 245 2582 se
259 2515 371 2582 sensui
385 2525 503 2594 nostro,
514 2522 547 2579 et
560 2512 745 2599 cogitationi
760 2513 890 2597 subjicit
901 2512 1107 2581 Terminatio.
1130 2517 1158 2584 Ι.
1175 2518 1257 2586 Nul-

108 2615 166 2682 lam
185 2630 268 2683 certe
288 2638 360 2683 rem
382 2636 480 2681 sensu
501 2614 698 2701 attingimus,
721 2614 787 2679 nisi
809 2638 867 2681 osu
891 2616 1111 2699 terminatam3
1138 2622 1256 2691 nullius

108 2722 237 2808 eorporis
250 2721 405 2786 interiora
415 2720 538 2785 viscera
547 2730 760 2805 penetramus,
772 2719 830 2785 sed
840 2730 1003 2785 externam
1015 2730 1139 2787 tantum
1155 2738 1258 2792 cutem

109 2823 192 2889 oculo
204 2823 446 2911 perlustramus,
457 2844 557 2886 manu
566 2830 806 2887 contrectamus.
843 2820 877 2885 N
877 2844 913 2887 co
927 2823 1119 2909 cogitatione
1133 2828 1258 2913 (saltem

108 2920 260 3009 distincta)
285 2924 436 3013 quamvis
457 2922 711 3009 magnitudinem
732 2922 980 3010 complectimur,
1004 2926 1066 2991 nisi
1088 2939 1125 2992 ut
1146 2930 1258 2997 limiti·

109 3024 164 3090 bus
181 3028 374 3113 quibusdam
392 3025 576 3091 conclusam
595 3034 628 3089 et
649 3025 920 3111 comprehensam.
967 3024 1105 3095 Oonluse
1126 3032 1256 3119 quidem

110 3125 268 3215 imaginari
283 3151 455 3219 possumus
468 3126 723 3214 magnitudinem
738 3126 888 3214 aliquam,
904 3138 983 3216 puta
996 3129 1112 3197 lineam
1128 3146 1256 3218 rectam,

110 3233 249 3314 potentia,
272 3232 370 3299 sicuti
391 3230 475 3297 dixit
495 3229 696 3310 Aristoteles,
718 3229 896 3311 infinitam3
927 3231 987 3296 hoc
1009 3244 1065 3313 est,
1092 3258 1162 3300 eam
1184 3260 1257 3325 pro-

110 3330 177 3398 duci
189 3336 240 3401 vel
254 3334 366 3422 augeri
380 3354 544 3422 quousque
558 3332 647 3410 libet,
667 3331 721 3398 vel
740 3331 819 3397 citra
837 3333 1041 3399 intervallum
1060 3337 1162 3423 majus
1178 3362 1256 3425 quo·

112 3435 155 3501 vis
171 3438 340 3506 intervallo
359 3438 536 3524 designato,
557 3459 652 3523 quam
672 3436 805 3524 proinde
825 3436 1065 3502 denominamus
1087 3438 1255 3523 infinitam,

113 3558 163 3603 nec
176 3540 345 3627 improprie
359 3539 517 3627 siquidem
535 3536 721 3602 admittatur
740 3536 941 3623 Philosophi,
961 3538 1171 3605 subtilissima
1184 3564 1256 3629 pro-

113 3639 194 3723 lecto,
213 3642 360 3709 delinitio
379 3642 508 3722 infiniti,
519 3641 677 3729 Ἄπειρον
698 3639 783 3706 τοῦτ’
807 3642 906 3720 ἐστιν,
930 3640 966 3707 οὗ
988 3641 1072 3707 κατὰ
1093 3641 1131 3708 τὸ
1152 3648 1257 3715 ποσὸν

114 3746 330 3826 λαμβάνουσιν
343 3744 396 3812 ciel
407 3770 440 3811 τι
452 3746 572 3824 λαβεῖν
582 3743 644 3827 ἔξω
660 3744 777 3811 ἐστίν’·
800 3744 965 3832 Infinitum
978 3758 1032 3826 est,
1048 3748 1137 3835 casias
1155 3752 1256 3838 aequas

114 3846 241 3933 alequam
260 3851 465 3937 qrmntitotem
483 3850 629 3937 comptor,
650 3846 777 3934 alapam
797 3862 886 3913 satra
910 3848 971 3934 (vel
985 3852 1149 3938 praetereo)
1173 3859 1260 3925 sami

111 3962 207 4031 potest.
252 3950 375 4017 Verum
389 3950 451 4015 hoc
463 3949 546 4014 nihil
559 3958 609 4015 est
620 3948 710 4014 aliud
721 3972 817 4036 qnam
831 3949 938 4038 plures
953 3953 1129 4020 successive
1144 3954 1254 4041 lineas,

114 4048 200 4138 idque
213 4053 310 4141 juxta
327 4052 504 4141 potentiam
517 4052 678 4139 quandam
698 4052 973 4120 indeterminatam
994 4064 1026 4122 et
1046 4056 1253 4145 arbitrariam,

579 4184 682 4248 ηιμ.
695 4196 738 4233 ιιι.
752 4200 775 4247 5.

163 4398 245 4455 lrill
264 4400 346 4471 apol!
365 4418 491 4458 common
509 4419 590 4462 sense
606 4406 638 4459 to
655 4404 705 4459 the
723 4402 838 4473 subject

165 4483 186 4539 l.
215 4486 272 4543 'lbs
290 4488 353 4543 first
372 4493 505 4559 property
524 4490 556 4545 of
573 4489 737 4560 Magnitudo
756 4491 782 4546 is
802 4488 955 4561 Boandary.
1077 4495 1082 4527 ³
