3167 5192
120 351 298 439 usor.1v.]
429 371 618 427 uucrronus
638 377 858 428 cuounnrcn.
1119 362 1183 431 193

120 535 233 604 formis
254 535 484 620 descendentis,
500 562 564 628 qno
584 563 690 608 cmvae
703 542 809 612 MNO
823 542 974 610 subtensa
993 543 1115 632 queris
1133 545 1183 630 (nt
1195 547 1251 614 mg.
1267 563 1306 614 ra

121 639 211 724 ΜΝ)
243 639 440 723 describitur,
470 643 627 710 existente
655 643 776 712 scilieet
810 645 970 712 communi
1001 656 1182 716 transverso

120 751 214 808 motu
239 743 390 810 uniformi
412 767 477 834 qno
505 746 585 834 ipss,
611 749 743 836 ejusque
772 770 863 815 arcus
889 748 982 832 fiunt,
1006 749 1111 817 minor
1133 762 1182 818 est

120 844 300 928 velocitate,
326 870 423 934 quam
451 859 557 918 motus
583 851 788 918 descensivus
813 853 991 922 increscens
1015 853 1115 922 habet
1139 855 1181 922 sd

121 970 322 1018 communem
337 952 502 1040 utriusque
515 955 688 1020 terminum
701 955 746 1022 N.

187 1154 254 1224 ΠΙ.
298 1156 445 1245 Hnjnsce
465 1179 570 1225 eurvae
590 1159 735 1225 adema
755 1160 906 1248 quaelibet
925 1161 972 1247 (ut
991 1162 1036 1228 Μ
1036 1162 1074 1248 0)
1095 1161 1181 1230 intra
1217 1149 1225 1156 ’

120 1283 214 1327 suam
227 1285 337 1328 areum
354 1263 475 1348 (versus
490 1271 595 1349 partes
608 1262 690 1348 AZ)
705 1271 775 1329 tota
787 1263 883 1345 eadit,
898 1273 930 1332 et
944 1263 1100 1353 products
1113 1275 1182 1332 tota

121 1364 208 1432 eadit
222 1374 314 1432 extra
327 1364 444 1431 lineam
458 1366 535 1431 MN
535 1366 571 1434 0.

187 1467 273 1534 Nam
297 1468 325 1534 si
347 1478 491 1534 sumatur
511 1467 547 1532 in
567 1489 642 1533 arou
663 1467 735 1535 Mo
757 1478 912 1557 punctum
934 1467 1069 1559 quodvis
1083 1471 1127 1554 N,
1149 1481 1180 1538 et
1192 1483 1342 1544 Bramme.

121 1581 349 1638 connectantur
367 1579 460 1637 rectae
474 1571 554 1652 MN,
569 1573 609 1637 N
609 1571 646 1653 0,
662 1571 764 1659 liquet
778 1581 879 1638 totam
894 1573 936 1638 M
938 1573 965 1641 0
979 1573 1064 1641 intra
1076 1585 1179 1642 rectas
1192 1551 1343 1668 ἓξὲξ,

121 1675 204 1756 ΜΝ,
226 1675 268 1740 N
268 1675 295 1742 0
315 1674 429 1762 jacere,
456 1684 488 1741 et
513 1674 646 1762 proinde
670 1674 755 1740 intra
780 1697 910 1742 curvam
937 1677 1014 1742 MN
1015 1676 1053 1745 0.
1097 1677 1181 1744 Tote

120 1799 208 1858 vero,
220 1778 248 1844 si
262 1777 461 1868 producatur,
473 1789 564 1846 extra
577 1779 695 1846 lineam
706 1779 812 1848 MNO
825 1781 919 1863 cadit,
933 1779 1008 1870 quia
1022 1805 1177 1872 nusquam

121 1881 200 1948 alibi
215 1881 245 1950 ei
260 1883 404 1964 occurrit,
419 1883 467 1949 uti
481 1906 559 1949 mox
572 1894 745 1951 ostensum.

187 1985 260 2052 Hoc
278 1986 422 2053 accidens
442 1986 482 2053 de
501 1986 617 2054 circuio
632 1987 796 2076 speciatim
812 1987 1005 2057 demonstrat
1019 1990 1177 2073 melida,

121 2089 160 2158 de
176 2090 369 2159 &amatim
389 2091 511 2160 Corsicae
525 2091 731 2182 Apollonium
754 2092 792 2159 da
813 2091 1006 2178 Cylindrc‘eis
1023 2093 1166 2164 Smenos.

185 2295 247 2364 IV.
291 2295 385 2364 Patet
399 2321 527 2364 curvam
542 2296 736 2386 propositam
750 2318 820 2364 esse
835 2317 1021 2379 convexam,
1035 2307 1091 2364 aut
1105 2320 1180 2365 con·

121 2422 233 2468 sevam
247 2401 289 2466 sd
303 2400 429 2468 easdem
440 2409 546 2488 partes
560 2403 747 2486 (convexam
758 2421 868 2465 versus
883 2408 988 2487 partes
1003 2401 1179 2487 superiores

120 2503 173 2571 vel
188 2505 358 2572 exteriores
368 2503 401 2569 A
412 2505 447 2583 Y,
463 2526 634 2570 concavam
650 2501 830 2582 introrsum,
842 2510 899 2568 aut
912 2502 1057 2568 deorsum
1068 2526 1179 2570 versus

120 2607 227 2693 AZZ)
250 2630 325 2673 nam
347 2607 409 2673 hoc
431 2607 548 2695 ipsum,
570 2607 637 2673 fore
659 2628 839 2672 convexum
862 2615 919 2672 aut
941 2628 1115 2674 concavum
1137 2607 1179 2675 ad

121 2710 248 2778 easdem
270 2721 394 2800 partes,
408 2711 457 2777 nil
482 2708 611 2776 omnino
634 2707 782 2796 designat
805 2707 903 2790 aliud,
927 2731 1023 2798 qnam
1045 2732 1066 2775 a
1088 2709 1179 2777 nulls

120 2819 207 2882 reett
230 2815 316 2882 fines
339 2825 549 2903 praeterquam
575 2812 700 2881 dnobus
726 2813 855 2901 punctis
883 2812 1001 2896 secari;
1031 2835 1091 2880 nec
1115 2813 1178 2882 alio

120 2917 243 2999 recidit,
259 2941 355 3007 quam
369 2917 462 2985 initio
477 2917 553 2985 libri
572 2918 611 2984 de
632 2918 764 3006 spesve
782 2929 812 2983 et
833 2915 984 3004 Qtindro
998 2917 1096 2984 tradit
1110 2920 1178 2984 Ar-

119 3024 279 3098 chimedes,
293 3023 386 3090 lineas
408 3021 450 3088 sd
470 3021 597 3088 easdem
618 3030 723 3110 partes
745 3043 831 3088 csvae
851 3020 1005 3089 definitio.
1049 3021 1186 3113 Perspi-'

120 3150 215 3194 ouum
229 3137 279 3194 est
292 3151 324 3194 v.
334 3149 366 3214 g.
382 3135 419 3192 ut
431 3125 517 3190 linea
527 3123 604 3190 MN
612 3124 736 3192 duobus
750 3125 786 3190 in
799 3125 927 3215 punctis
940 3123 987 3208 M,
1000 3128 1040 3193 Ν
1047 3149 1177 3193 curvam

119 3231 223 3300 MNO
236 3253 347 3298 secans
368 3229 398 3296 ei
418 3251 528 3295 rursus
549 3238 700 3310 occurrat,
716 3237 753 3294 ut
771 3240 851 3317 puta
868 3229 904 3295 in
918 3229 962 3311 K,
978 3229 1093 3298 debere
1106 3254 1178 3298 cur·

119 3358 194 3402 vam
208 3334 312 3403 MNO
325 3333 453 3414 reflecti,
468 3353 642 3420 versusque
654 3341 761 3419 partes
772 3333 805 3397 A
815 3334 848 3398 Y
852 3331 1010 3398 recurvari
1021 3358 1029 3412 3
1045 3332 1081 3399 id
1091 3334 1177 3421 quod

118 3439 213 3506 modo
226 3438 476 3507 demonstratum
491 3443 618 3502 estnon
631 3457 724 3523 posse
738 3433 931 3521 contingere.
976 3433 1177 3522 Quapropter

118 3540 189 3630 ipsa
202 3541 287 3608 linea
300 3561 411 3607 versus
424 3538 551 3606 easdem
565 3547 671 3625 partes
685 3559 830 3604 convexa
843 3545 902 3618 est,
917 3559 974 3604 seu
989 3559 1139 3606 concava.
1158 3619 1159 3622 Ἴ

182 3747 226 3814 V.
269 3742 480 3833 Apertissime
502 3748 625 3807 constat
646 3737 747 3806 lineas
768 3736 900 3825 quasvis
921 3745 1022 3804 rectas
1040 3739 1089 3822 (ut
1106 3741 1173 3822 ΒΖ,

124 3851 194 3936 ΟΖ)
224 3845 377 3937 genetrici
401 3845 468 3910 ΑΖ
490 3841 659 3933 parallelas
686 3840 880 3929 propositam
911 3862 1041 3907 curvam
1070 3863 1175 3908 secare

121 3954 228 4044 (modo
252 3951 472 4018 contineantur
496 3949 580 4014 intra
598 3945 754 4013 terminos
778 3955 966 4032 motus'per
987 3943 1075 4025 ΑΥ,
1098 3945 1175 4034 quia

118 4081 216 4127 curva
240 4080 296 4146 per
321 4055 435 4120 harum
458 4049 605 4141 quamvis
628 4047 791 4115 indefinite
815 4057 991 4137 promotam
1017 4047 1174 4136 descripta

117 4169 263 4230 censetur
269 4159 290 4244 3)
303 4155 385 4224 eddo
398 4153 484 4243 quod
494 4153 607 4219 harum
619 4151 770 4239 qnaelibet
780 4172 910 4216 curram
924 4150 959 4214 in
974 4171 1037 4216 uno
1048 4159 1173 4216 tantum

117 4275 236 4355 puncto
250 4270 346 4331 secat.
382 4259 425 4326 Id
438 4267 534 4349 patet,
551 4257 628 4348 quia
641 4265 726 4324 reeta
738 4253 884 4343 genetrix
899 4253 967 4319 ΑΖ
974 4277 1030 4340 per
1043 4255 1173 4322 unicum

117 4371 273 4437 duntaxat
298 4366 422 4432 instans
443 4361 595 4452 temporis
618 4361 712 4426 durat
736 4357 770 4424 in
794 4357 859 4424 situ
882 4356 995 4445 quovis
1016 4379 1090 4439 nno,
1115 4379 1173 4426 eeu

118 4474 192 4553 BZ3
215 4468 375 4557 simulque
395 4465 549 4556 pertingit
570 4465 673 4552 ipsam
694 4461 762 4543 BZ,
782 4483 819 4528 ac
842 4458 976 4543 deserit3
998 4471 1172 4550 praeterque

207 4589 286 4638 nn.
332 4587 372 4635 11.
421 4597 423 4600 ·
1041 4563 1083 4628 25
