3167 5192
312 372 375 437 140
645 384 831 435 uncrronns
853 383 1126 435 uarnuururcn.
1293 367 1403 453 [uuor.
1419 384 1469 431 rx.
1568 402 1569 405 =

375 550 445 617 Nec
459 554 501 617 ab
515 551 567 617 his
581 549 707 618 abludit
721 558 891 637 conceptus
905 557 1012 616 noster
1032 558 1065 615 et
1080 571 1192 616 sensns
1210 546 1401 628 communis,
1420 546 1470 633 (sd
1567 581 1568 588 ι

311 654 398 720 hunc
412 654 498 720 enim
513 654 629 741 saepius
643 651 868 741 appellandum
880 662 937 733 est,
950 651 1140 739 quoniamis
1155 652 1247 718 testis
1262 660 1311 717 est
1325 662 1359 717 et
1373 648 1470 715 index

311 757 524 845 experientiae,
539 758 575 822 in
593 756 790 845 experientis
809 778 885 822 vero
904 755 1078 821 fundantur
1098 754 1302 843 hypotheses,
1317 764 1357 820 ut
1377 752 1469 821 toties

312 861 529 944 inculcatum)
547 883 622 925 nam
637 859 761 926 nullam
772 860 901 925 omnino
915 857 1170 945 magnitudinem
1185 858 1395 945 concipimus,
1409 857 1471 923 nisi
1567 875 1568 878 ’

312 986 371 1030 cen
385 964 591 1051 compositam
605 986 648 1029 ex
662 963 816 1049 partibus,
833 985 891 1028 nec
905 962 964 1027 has
979 972 1084 1051 partes
1098 962 1163 1028 nisi
1177 961 1402 1049 quadantenus
1416 983 1470 1027 ex·

311 1075 429 1146 tensas,
453 1065 595 1153 adeoque
621 1065 772 1131 conflatas
796 1087 838 1130 ex
862 1065 1015 1152 partibus.
1061 1064 1194 1131 Penitus
1215 1064 1470 1152 incompositum,

312 1170 449 1257 positive
468 1169 503 1233 in
523 1169 708 1250 materiatis,
724 1168 807 1234 sicut
829 1190 955 1235 omnem
977 1169 1178 1249 consumite
1197 1190 1328 1256 prorsus
1346 1190 1471 1235 omnem

312 1272 397 1359 fugit
421 1271 692 1357 imaginationem.
737 1272 842 1359 Igitur
867 1272 1127 1359 compositionem
1149 1271 1242 1352 hanc,
1264 1281 1297 1337 et
1319 1270 1472 1359 quioquid

312 1398 384 1441 eam
398 1374 582 1441 immediate
595 1374 800 1462 consequitur
814 1396 991 1462 supponere
1005 1374 1079 1441 licet
1097 1370 1346 1455 Mathematicis,
1361 1373 1472 1461 quales

313 1486 389 1543 sunt
412 1500 493 1566 quas
522 1479 753 1567 subsequentis,
778 1478 855 1544 huic
881 1477 1057 1543 arctissima
1082 1500 1243 1557 comessa,
1269 1476 1472 1565 proprietatis

313 1581 519 1649 declarationi
532 1584 736 1671 subjungam,
752 1580 995 1669 suppositiones,
1011 1604 1051 1647 ne
1062 1603 1157 1667 cogar
1171 1581 1282 1646 cadem
1295 1591 1447 1667 repetere.

379 1684 465 1751 Nam
481 1684 752 1774 Compositionem
766 1685 888 1773 excipit
902 1684 971 1771 ejus
985 1684 1161 1751 individuae
1176 1706 1282 1750 comes
1301 1693 1335 1749 et
1353 1682 1473 1771 conjux

314 1788 540 1855 Divisibilitas.
586 1788 646 1855 IV.
680 1788 841 1867 Quoniam
861 1788 957 1869 enim,
980 1797 1018 1853 ut
1039 1788 1135 1855 modo
1154 1797 1326 1869 ostensum,
1346 1786 1474 1873 magui·

313 1890 391 1957 tudo
406 1891 605 1978 componitur
625 1914 666 1955 ex
685 1892 830 1979 partibus
849 1896 960 1959 revera
979 1891 1146 1973 distinctis,
1161 1891 1212 1957 hae
1231 1898 1365 1979 possunt
1383 1912 1476 1977 sepa-

312 1993 408 2059 ratim
421 1992 567 2074 existere,
583 2003 717 2081 possunt
736 1994 850 2059 saltem
870 1993 1001 2059 seorsim
1016 1993 1218 2074 considerari,
1234 1993 1294 2059 hoo
1309 2002 1406 2059 estre
1420 1992 1474 2058 vel

312 2106 420 2163 mente
441 2095 553 2177 dividi,
575 2117 632 2163 seu
653 2096 687 2160 in
709 2106 815 2183 partes
835 2096 963 2162 resolvi.
1008 2095 1114 2177 Quare
1128 2096 1240 2183 quanti
1253 2094 1474 2162 definitionem

313 2199 390 2264 binc
415 2199 535 2265 extruit
561 2198 818 2287 Philosophus¹?
869 2197 915 2263 Τὸ
939 2198 1097 2286 διαιρετὸν
1125 2198 1170 2270 εἰς
1204 2197 1404 2287 ὑπάρχοντα,
1430 2197 1476 2265 ὦν

315 2299 466 2391 ἑκάτερον
479 2300 500 2385 ἢ
515 2301 654 2368 ἕκαστον
670 2302 703 2368 ἔν
716 2328 758 2383 τι,
775 2300 831 2369 καὶ
845 2300 917 2368 τόδε
931 2327 965 2367 τι
978 2302 1122 2390 πέφυκεν
1139 2300 1232 2369 εἶναι·
1262 2304 1352 2383 Quod
1370 2303 1478 2370 diocia·

306 2418 409 2495 poten
422 2408 459 2473 aia
477 2430 515 2472 aa
532 2430 602 2494 quc
620 2407 737 2487 incant,
753 2430 885 2493 pacorum
904 2418 1069 2493 auumque
1092 2407 1256 2495 (πονηραί
1268 2419 1390 2473 mamm
1403 2407 1475 2473 duc

313 2524 388 2577 aunt
393 2510 515 2599 portes)
528 2510 577 2577 oet
585 2510 824 2595 unumquodque
838 2533 935 2576 amam
949 2510 1037 2596 quid,
1050 2510 1143 2597 dique
1157 2510 1356 2576 determinata
1366 2524 1474 2599 optma

314 2630 425 2683 actam
443 2629 488 2681 eat
507 2638 579 2681 eoae.
624 2612 716 2678 Adeo
736 2612 859 2679 scilicet
876 2612 990 2679 intima
1007 2623 1055 2679 est
1073 2614 1245 2700 quantitati
1258 2614 1472 2693 divisibilitas,

315 2729 353 2786 nt
369 2742 412 2786 cx
430 2720 502 2808 ipss
518 2718 665 2784 videatur
683 2716 848 2781 commode
867 2715 1003 2782 definiri.
1048 2715 1142 2796 Quod
1159 2740 1235 2785 sane
1254 2718 1474 2783 communibus

315 2822 482 2887 hominum
497 2820 702 2907 conceptibus
716 2819 860 2908 apprime
875 2819 1030 2905 congruit.
1062 2818 1147 2885 Nem
1162 2820 1360 2888 indivisibile
1374 2844 1473 2909 quan·

316 2934 386 2989 tum
401 2924 498 2989 verbo
513 2933 606 2989 tenus
620 2932 740 2989 asserat
754 2945 819 2988 non
833 2944 937 3002 nemo,
953 2922 1009 2987 sed
1029 2923 1148 3003 nullus,
1164 2922 1285 3011 opinor,
1305 2923 1376 3009 ejus
1395 2924 1472 2989 ima·

317 3027 426 3113 gincm
451 3026 558 3091 animo
584 3025 755 3114 depingat:
785 3048 860 3092 cum
881 3024 1103 3092 divisibilitate
1123 3036 1262 3092 mentem
1284 3026 1399 3114 effugit
1418 3050 1474 3093 ex·

316 3127 430 3207 tensiO,
445 3150 517 3192 cum
535 3128 679 3215 partibus
701 3137 805 3195 totum
828 3128 998 3195 evanescit.
1043 3129 1087 3195 Τί
1108 3127 1174 3217 γάρ
1199 3130 1289 3196 ἐστιν
1312 3127 1393 3220 ὅπερ
1418 3130 1474 3213 τὴν

318 3230 474 3319 διαίρεσιν
495 3228 695 3318 diedecima&
720 3232 833 3297 merito
854 3230 1031 3297 sciscitatur
1046 3231 1261 3321 Philosophus
1278 3234 1384 3318 (Quat
1395 3234 1476 3301 ailad

317 3347 363 3401 eat
376 3335 460 3421 quod
471 3332 655 3401 diacaiocem
671 3335 816 3420 respuit?
842 3331 943 3399 Plane
956 3333 1064 3417 nihil).
1109 3333 1159 3399 De
1173 3338 1241 3401 tota
1254 3336 1473 3423 magnitudine

317 3436 406 3503 valet
424 3437 503 3516 h0c;
526 3435 566 3501 de
586 3434 731 3523 partibus
752 3434 849 3499 etiam
872 3435 1114 3523 quibuscunque
1135 3437 1204 3524 pari
1225 3439 1348 3505 ratione
1370 3440 1472 3519 valct;

318 3540 402 3606 sicut
415 3562 525 3607 omnes
539 3537 714 3605 conflantur
728 3560 770 3604 ex
789 3537 943 3625 partibus,
965 3538 1010 3604 ita
1028 3550 1162 3627 possunt
1184 3563 1293 3607 omnes
1315 3542 1351 3607 iu
1372 3552 1473 3631 partes

318 3644 399 3710 alias
413 3667 450 3710 cc
465 3642 545 3709 alias
559 3642 694 3709 resolvi:
716 3640 842 3707 nullum
858 3640 952 3707 datur
972 3642 1005 3707 in
1023 3648 1211 3731 quicunque
1231 3646 1335 3732 specie
1351 3645 1473 3733 magni·

318 3747 441 3813 tudinis
462 3746 607 3813 absolute
627 3742 807 3810 minimum.
852 3743 1013 3831 Quicquid
1034 3744 1188 3811 dividitur
1210 3748 1244 3813 in
1265 3758 1371 3836 partes
1393 3749 1473 3815 divi·

320 3849 406 3914 ditur
420 3848 535 3914 iterum
551 3845 739 3914 divisibiles.
758 3844 865 3930 (Abra)
888 3844 923 3911 δὲ
945 3846 1086 3935 συνεχὲς,
1110 3846 1148 3913 τὸ
1169 3848 1328 3937 διαιρετὸν
1348 3850 1393 3921 εἰς
1413 3850 1473 3918 αἰεὶ

320 3952 472 4039 διαιρετὰ,
488 3952 614 4036 Arist.³)

386 4052 419 4118 N
420 4076 461 4118 on
475 4054 599 4140 ignoro,
615 4050 772 4140 siquidem
791 4072 885 4117 nemo
905 4052 1039 4139 ignorat,
1055 4050 1235 4121 doctrinam
1255 4055 1338 4123 hauc
1358 4081 1379 4125 a
1396 4080 1473 4124 non·

387 4188 397 4220 ¹
414 4189 474 4237 Met.
486 4199 523 4238 ru.
539 4201 577 4250 ¹³·
689 4187 701 4220 ¹
718 4187 756 4237 Da
768 4188 826 4239 Gerr.
838 4195 859 4239 d
873 4188 984 4252 comm
997 4188 1055 4238 Lib.
1068 4201 1098 4240 11.
1225 4198 1236 4227 ¹
1252 4190 1328 4259 Piae.
1340 4206 1378 4247 vt.
1390 4208 1408 4246 1.

376 4388 427 4443 IV.
462 4386 636 4457 Divisibility.

376 4474 489 4530 Infinita
500 4473 660 4545 divisibility
672 4477 703 4530 of
711 4482 819 4533 matter,
857 4480 914 4535 Thc
926 4480 1054 4536 sument-s
