3167 5192
305 371 368 438 110
645 386 830 439 nncnouss
852 387 1126 437 xerxesannos.
1276 374 1383 462 [neor.
1398 394 1457 443 vn

291 580 404 639 nuum
418 567 450 624 et
463 558 597 624 alterum
612 558 741 625 axioma
754 558 875 624 cunctis
891 558 1064 625 ratiociniis
1083 562 1372 648 praestemendum3
1395 564 1459 632 heo

303 683 436 749 nempe:
459 662 554 741 Quod
574 686 685 729 sensus
705 663 747 729 sit
765 662 982 728 indubitatum
1002 663 1165 752 κριτήριον
1183 666 1250 732 veri
1270 689 1329 733 suo
1347 669 1457 751 modo;

303 761 366 841 vel,
383 763 580 851 Apparentia
593 764 638 829 rei
652 775 772 830 certum
790 772 839 830 est
856 763 1010 830 indicium
1024 788 1091 831 rem
1105 766 1250 833 existam.
1289 768 1384 851 Item,
1400 770 1458 837 Bai

303 865 477 931 consimilis
490 866 661 933 existentia
677 866 723 933 rei
736 866 980 955 possibilitatem
995 870 1118 955 arguit;
1141 869 1204 951 vel,
1220 870 1262 935 ab
1277 872 1458 939 omnimoda

303 968 433 1034 rationis
462 971 605 1058 paritate,
635 971 741 1058 quoad
768 971 929 1038 existendi
958 972 1214 1060 possibilitatem,
1240 974 1327 1040 valet
1353 998 1460 1043 eonse-
1567 1021 1568 1036 2

303 1073 442 1158 quentia.
490 1073 554 1139 His
568 1074 654 1140 euim
668 1074 763 1140 tacite
778 1074 949 1162 suppositis
963 1074 1057 1139 inniti
1071 1074 1197 1141 videtur
1211 1076 1315 1143 omnis
1331 1078 1461 1147 scientia
1567 1161 1568 1164 Ἴ

303 1198 416 1255 rerum,
440 1175 543 1241 omnis
564 1176 795 1262 argumentatio
817 1175 857 1241 de
878 1176 983 1241 rebus.
1029 1174 1195 1264 Siquidem
1216 1178 1352 1244 aliorum
1373 1182 1460 1269 prin·

302 1277 457 1365 oipiorum
479 1280 809 1346 indemonstrabilinm
833 1303 896 1345 non
920 1280 984 1345 alia
1005 1279 1124 1347 veritas
1144 1282 1299 1370 postulari
1323 1284 1459 1367 videtur,

303 1391 416 1466 praeter
439 1382 518 1447 satis
541 1382 741 1447 manifestam
764 1382 1009 1469 possibilitatem
1032 1394 1210 1472 conceptus,
1234 1408 1328 1472 quem
1353 1390 1461 1457 animo

301 1486 473 1551 formamus
485 1486 524 1552 de
535 1485 669 1573 alicujus
683 1486 906 1573 symptomatis
921 1487 1107 1568 existentid3
1123 1488 1184 1554 hoc
1195 1501 1243 1554 est
1252 1500 1289 1556 ut
1299 1493 1461 1579 concipia-

302 1612 384 1670 mus,
400 1598 432 1655 et
446 1612 659 1678 supponamus
674 1589 796 1676 aliquid
809 1590 878 1655 fieri
897 1591 982 1677 quod
1003 1596 1112 1657 revera
1129 1591 1199 1657 fieri
1215 1594 1328 1682 possit.
1374 1594 1415 1661 Ε.
1427 1619 1460 1682 g.

303 1691 465 1759 Ponamus
483 1693 561 1759 duas
581 1715 632 1758 res
651 1692 736 1758 idem
756 1692 895 1780 spatium
915 1716 1074 1781 occupare,
1091 1694 1153 1759 sibi
1168 1717 1349 1781 congruere,
1365 1721 1461 1764 eoex·

301 1794 401 1861 tendi.
432 1795 594 1860 Ponamus
608 1794 690 1859 inter
704 1795 768 1860 dno
782 1804 901 1882 puncta
916 1795 1032 1861 lineam
1047 1806 1164 1861 rectam
1180 1797 1261 1863 duci.
1294 1798 1460 1867 Ponamns

300 1908 419 1963 recum
438 1897 556 1963 lineam
570 1918 633 1963 uno
648 1897 829 1984 quiescente
846 1906 988 1964 extremo
1002 1898 1203 1979 circumduci,
1220 1900 1320 1967 donec
1338 1901 1373 1967 in
1394 1904 1461 1991 pri·

302 2022 391 2065 mum
406 2000 503 2065 situm
517 2008 703 2067 revertatur.
748 2000 909 2067 Ponamus
931 2001 998 2069 Soli
1017 2011 1049 2067 et
1069 2002 1170 2068 Luna
1190 2004 1224 2068 in
1243 2004 1352 2070 eadem
1371 2014 1461 2073 recta

300 2102 447 2169 tellurem
461 2103 630 2190 interponi.
673 2102 831 2182 Quoniam
852 2102 934 2169 nihil
951 2104 985 2169 in
1003 2104 1055 2169 his
1072 2105 1292 2193 positionibus,
1308 2120 1364 2173 aut
1382 2132 1461 2175 eon·

302 2206 445 2294 neptibus
460 2205 637 2271 continetur
651 2204 807 2273 ἅδὺνιιτον
821 2218 876 2272 aut
896 2206 1092 2289 ἀσύστατον,
1108 2230 1182 2295 ergo
1197 2209 1248 2275 har
1262 2210 1462 2299 hypotheses

301 2308 446 2375 dioentru
459 2318 491 2374 et
505 2308 633 2374 oonoedi
647 2307 762 2375 debent
776 2332 845 2375 esse
859 2331 954 2376 vera.
985 2309 1108 2398 Estque
1122 2334 1229 2377 earum
1244 2313 1360 2379 ventas
1374 2315 1460 2381 nihil

299 2411 388 2478 aliud
411 2436 507 2499 qnam
532 2412 686 2479 connexio
710 2413 872 2500 possibilis
898 2413 1033 2501 subjecti
1058 2435 1130 2479 cum
1156 2414 1332 2502 praedicato,
1358 2440 1461 2504 quam

300 2528 407 2583 mente
421 2516 503 2582 clare
516 2516 707 2604 percipimus
716 2540 725 2595 ;
748 2525 891 2603 atquem
913 2516 1090 2583 sonaliter
1110 2516 1215 2583 forsan
1230 2541 1325 2605 quam
1346 2514 1462 2587 exem·

300 2620 353 2708 plo
374 2619 471 2686 simili
490 2618 542 2685 vel
563 2616 779 2705 experimento
802 2640 970 2705 possumus
991 2621 1210 2708 comprobare3
1233 2620 1293 2687 hoc
1314 2633 1371 2703 est,
1394 2646 1461 2713 ope

300 2723 534 2811 principiorum,
547 2744 618 2807 qnae
632 2718 726 2786 modo
741 2719 882 2786 diximus
894 2720 1034 2786 omnium
1045 2720 1147 2809 primo
1158 2720 1196 2789 de
1208 2722 1461 2795 contradictoriis

299 2826 453 2913 principio
476 2822 698 2910 subjungenda
718 2822 830 2904 videri,
857 2823 903 2907 (id
927 2823 1022 2905 enim,
1045 2824 1081 2891 id
1101 2824 1181 2891 forte
1204 2825 1316 2906 solnm,
1338 2850 1461 2916 appre-

300 2926 468 2992 hendimus
483 2934 520 2990 ut
535 2926 694 3013 possibile,
710 2926 762 2992 oui
781 2926 866 2993 idem
886 2928 1000 3016 speeie,
1016 2927 1068 2994 vel
1087 2928 1139 2993 cui
1158 2929 1327 2996 admodum
1347 2931 1461 3001 simile

300 3030 581 3117 quomodocunque
602 3032 725 3118 experti
747 3054 858 3098 snmus
879 3032 1046 3115 extitisse).
1093 3031 1247 3099 Similiter
1267 3033 1461 3123 hypothesis

299 3132 476 3220 cujuspiam
490 3132 612 3199 falsitas
626 3134 673 3199 nil
687 3134 812 3202 videtur
826 3136 922 3216 alind,
939 3160 1033 3223 quam
1049 3148 1218 3225 conceptus
1231 3148 1264 3203 et
1277 3138 1391 3226 positio
1404 3142 1462 3209 rei

298 3260 358 3303 ceu
375 3238 492 3304 effecte
509 3236 562 3303 vel
580 3238 756 3321 existentis,
772 3264 844 3327 quae
863 3241 975 3328 nequit
992 3240 1080 3321 effici,
1101 3240 1154 3307 val
1170 3240 1315 3309 existere.
1359 3241 1408 3310 Ut
1426 3248 1459 3313 si

299 3341 371 3429 quis
392 3352 489 3429 ponat
509 3341 645 3429 figuram
667 3344 862 3410 rectilineam
884 3344 1076 3431 triangulam
1098 3344 1365 3433 quadrangulam
1395 3362 1460 3417 ant

298 3468 410 3535 corpus
424 3445 637 3527 indivisibile3
658 3456 713 3512 aut
726 3446 888 3511 hominem
905 3470 1015 3513 sensus
1029 3470 1066 3513 ac
1080 3447 1210 3513 rationis
1225 3458 1405 3536 expertem
1425 3452 1458 3519 si

296 3550 368 3638 quis
382 3550 570 3638 quadratum
586 3549 653 3614 lieri
663 3558 760 3637 petat,
772 3560 828 3615 aut
842 3560 998 3638 supponat
1013 3551 1156 3625 existere,
1169 3550 1356 3619 diametrum
1367 3554 1459 3621 obti-

295 3676 375 3719 nens
396 3652 488 3717 lateri
510 3652 842 3732 commensurabilem
867 3651 919 3718 v'el
940 3652 1133 3741 triangulum
1156 3654 1247 3742 cujus
1268 3655 1331 3723 duo
1351 3654 1458 3727 latera

295 3765 501 3843 exsequentru
525 3754 635 3834 terti03
666 3753 718 3821 vel
741 3753 902 3829 circulum,
926 3756 1015 3843 cujus
1039 3756 1217 3845 peripheria
1239 3757 1281 3824 sit
1304 3757 1456 3829 diametri

294 3857 489 3947 quadrupla3
505 3880 578 3924 cum
592 3869 746 3945 repugnet
759 3856 914 3945 ejusmodi
925 3880 975 3925 res
987 3858 1139 3938 existere;
1156 3859 1269 3925 saltem
1281 3883 1352 3929 cum
1367 3861 1455 3931 nihil

294 3964 345 4029 his
360 3961 463 4028 simile
477 3961 571 4027 fuerit
585 3960 692 4026 animo
706 3974 847 4046 unquam
864 3968 971 4027 nostro
987 3961 1196 4042 obversatum,
1212 3962 1265 4028 vel
1279 3986 1455 4051 repnesen-

293 4074 395 4130 tatum
417 4064 458 4127 ab
480 4062 683 4150 experientis,
710 4060 912 4149 repudiandae
934 4073 1008 4127 sunt
1031 4062 1186 4150 ejusmodi
1209 4064 1451 4155 propositiones,

293 4166 400 4234 necin
415 4164 641 4253 principiorum
656 4188 785 4233 censum
801 4164 1013 4231 admittendae.

345 4377 431 4435 Sense
451 4380 476 4435 is
493 4398 511 4437 a
528 4381 657 4439 criterion
676 4383 708 4439 os
725 4386 804 4443 truth
826 4387 854 4441 in
872 4386 910 4443 its
930 4403 990 4443 own
1009 4401 1074 4455 way.

344 4461 616 4537 Seli-contradictory
633 4466 797 4539 hypotheses
815 4474 914 4527 munet
933 4470 976 4527 be.
