3167 5192
97 436 192 487 sacr.
210 426 276 510 m]
431 449 620 499 uso-noane
641 451 915 500 utrumnam
1193 438 1256 505 137

93 606 310 680 &varmo
330 618 502 699 κινήσεως·
527 618 637 686 ὅθενὸ
656 621 804 687 Πλάτων
826 620 1045 704 ἀδαμαντίνην
1068 620 1176 689 αὐτῶν
1197 624 1257 707 τὴν

94 709 283 782 ὑπόστασιν
300 716 383 785 εἶναι
402 721 495 806 φησι,
516 720 555 786 τὸ
574 721 745 808 ἄτρεπτον,
764 724 820 789 καὶ
834 724 1020 805 διαιοινίζον,
1041 725 1097 790 καὶ
1109 724 1254 810 μόνιμον,

93 816 147 880 aad
164 816 325 893 ὁσαύτως
338 822 417 911 ἕχον
430 828 488 906 τῆς
501 823 615 896 οὐσίας
633 826 774 893 αὕτῶνέν
787 827 995 913 δειιιιοιμενος,
1012 828 1069 895 τόν
1081 856 1118 895 τε
1135 829 1255 917 ἄτρακ-

92 945 147 984 τον
165 918 248 988 ὅλον
266 924 343 1012 περὶ
362 924 446 990 αὐτὰ
465 928 626 993 κινεῖσθαι
644 930 738 1016 φησὶ,
759 930 815 995 καὶ
834 930 1054 1019 περιχορεύειν
1073 931 1179 999 αὐτῶν
1195 932 1255 1015 τὴν

93 1021 218 1091 ἕνωσιν.
266 1025 348 1092 Haec
370 1028 541 1114 magnifice
566 1028 709 1110 Proclus,
731 1032 792 1096 etsi
816 1033 989 1119 speciosius
1010 1044 1043 1099 et
1067 1034 1253 1122 popularius

95 1126 230 1212 (opinor)
248 1152 347 1214 quam
361 1130 468 1195 verius
483 1144 516 1196 et
530 1132 716 1197 accuratius

152 1228 379 1298 Nihilominus
397 1234 484 1299 enim
503 1258 576 1301 cum
593 1236 650 1301 illo
665 1235 705 1301 de
721 1236 976 1303 indiuisibilibus
993 1238 1064 1303 istis
1083 1240 1164 1304 serio
1178 1262 1252 1327 pro-

92 1333 263 1400 nuntiante
284 1333 368 1420 (md'
386 1335 547 1423 ἐνέργειαν
565 1337 700 1423 idmst,
721 1337 778 1403 καὶ
797 1337 937 1426 ὖπάρξιν
954 1338 1033 1428 ἔχει,
1049 1340 1105 1406 καὶ
1119 1339 1252 1425 δύναμιν

90 1434 262 1520 αὐτοτελῆ,
287 1438 343 1503 καὶ
368 1437 542 1521 διήκουσαν
555 1438 611 1505 διὰ
633 1439 765 1506 πάντων
784 1444 849 1507 τῶν
869 1444 1042 1529 μεριστῶν)
1066 1444 1163 1529 juxta
1186 1468 1251 1510 non

90 1540 205 1607 sentio.
249 1540 326 1607 Non
342 1542 492 1607 existimo
511 1541 705 1629 superficies,
725 1542 829 1609 lineas
851 1554 908 1609 aut
924 1529 1052 1631 ¹puncta
1074 1557 1250 1633 separatam

89 1644 254 1729 quandam
273 1645 487 1725 existentiam,
509 1653 566 1710 aut
584 1647 744 1735 propriam
761 1671 803 1713 ex
824 1648 938 1735 seipsis
958 1649 1128 1715 efficaciam
1147 1651 1252 1738 possi-

90 1744 171 1826 dere,
188 1746 246 1812 vel
264 1746 358 1812 aliter
376 1771 396 1812 a
415 1747 520 1813 solidt
533 1748 756 1834 magnitudine
775 1772 872 1837 quarn
893 1749 964 1815 κατ’
979 1750 1123 1816 ἐπίνοιαν
1136 1752 1252 1817 distin·

90 1849 161 1933 gui3
195 1848 254 1915 sed
281 1850 409 1916 unicam
433 1851 541 1938 potius
567 1852 704 1917 arbitror
728 1875 770 1918 ex
799 1862 889 1939 parte
918 1853 981 1919 rei·
994 1854 1249 1941 magnitudinem

90 1952 166 2032 dari,
192 1976 266 2041 qma
288 1964 380 2042 prout
400 1952 436 2017 in
458 1954 564 2019 varias
588 1965 696 2042 partes
721 1956 862 2036 extendi,
890 1956 1102 2025 diversimode
1126 1958 1247 2047 partiri,

90 2054 272 2123 differentes
286 2056 513 2145 spissitudinis,
533 2057 725 2138 latitudinis,
745 2068 778 2125 et
791 2058 1004 2146 longitudinis
1024 2062 1249 2128 oonsideratio-

90 2181 144 2224 nes
158 2160 292 2225 induere
304 2158 358 2225 vel
372 2160 479 2225 subire
497 2168 612 2247 potest,
635 2183 764 2225 oausam
783 2158 838 2225 vel
852 2162 1048 2228 occasionem
1064 2164 1249 2251 suppeditat

91 2261 238 2328 idoneam
251 2263 368 2328 rationi
382 2273 499 2329 nostra
513 2262 750 2329 distinctionem
766 2262 870 2344 istam
886 2264 1119 2351 magnitudinis
1133 2266 1168 2331 in
1183 2277 1247 2334 tres

90 2367 179 2451 quasi
199 2366 322 2454 species
344 2367 419 2430 huie
442 2366 584 2432 scientiae
606 2388 758 2453 perquam
778 2366 892 2432 utilem
918 2376 951 2433 et
976 2368 1247 2435 accommodatam

92 2470 362 2535 comminiscendi.
408 2468 475 2536 Sed
494 2468 535 2533 de
553 2468 792 2535 Terminatione
815 2468 1047 2555 magnitudinis
1067 2470 1137 2536 haeo
1162 2470 1248 2537 dicta

92 2573 268 2638 sufficiant:
298 2571 339 2637 de
361 2570 570 2658 Figuratione
598 2570 684 2635 enim
705 2570 835 2658 speciali
862 2564 1021 2636 succurret
1042 2572 1247 2659 opportunior

90 2676 170 2743 alius
184 2676 313 2743 dicendi
327 2674 426 2742 locus.

150 2780 201 2845 H.
224 2778 269 2844 Ei
284 2778 498 2845 suocenturiat
510 2777 686 2857 Extensi03
702 2780 767 2864 qut
779 2798 894 2865 nempe
909 2774 1108 2862 significatur
1122 2775 1246 2863 magni-

90 2883 209 2949 tudinis
230 2883 383 2948 tcrminos
401 2904 466 2947 non
485 2882 668 2947 immediate
686 2879 839 2968 conjungi
859 2879 912 2945 vel
927 2878 1109 2959 coexistere,
1130 2879 1186 2945 sed
1203 2880 1245 2946 iis

90 2986 210 3074 aliquid
226 2985 419 3051 intercedere
438 2985 490 3050 vel
509 2983 681 3072 interponi.
725 2982 766 3049 Id
785 2983 872 3049 enim
892 2982 996 3069 exigit
1015 2984 1096 3049 ratio
1116 2984 1244 3049 termini

90 3090 139 3154 vel
154 3090 298 3169 extremi,
317 3111 389 3176 quar
408 3087 526 3153 diversi
545 3086 699 3174 quiddam
717 3086 869 3174 supponit
888 3085 972 3150 intra
992 3086 1142 3153 terminos
1157 3110 1243 3153 oom-

90 3192 288 3277 preheusum.
337 3189 427 3279 (Οὐχ
443 3189 512 3274 ἅμα
530 3189 574 3256 τὰ
592 3188 730 3278 ἔσχατα,
749 3186 788 3254 οὕ
804 3188 869 3275 ιγάρ
887 3188 977 3254 ἐστιν
994 3187 1136 3277 ἔσχατον
1150 3188 1244 3255 οὐθὲν

90 3300 146 3361 τοῦ
156 3293 483 3383 ἅμεροῦς,ἔτερονγὰρ
492 3292 530 3359 τὸ
539 3291 752 3381 ἔσχατονμιαὶ
761 3289 798 3356 οὗ
807 3290 972 3380 ἔσχατον·
988 3294 1140 3360 Εοιτοοισ
1147 3294 1245 3360 umal

91 3400 247 3466 more
269 3410 428 3486 nequeunt,
455 3422 509 3464 aee
534 3398 618 3463 enim
644 3396 777 3483 aliquod
796 3397 863 3483 ejas
887 3398 972 3484 qaod
987 3398 1136 3485 paratos
1159 3410 1242 3463 caret

91 3517 253 3569 mserum
278 3516 345 3585 σοι,
372 3502 465 3568 aliud
483 3504 565 3567 euim
582 3513 752 3566 eudremum
776 3512 821 3565 est
843 3500 882 3565 ab
904 3524 946 3579 eo,
969 3500 1053 3586 qood
1074 3512 1243 3564 ιτσὺτιιηιιοι

92 3603 187 3685 habat,
201 3604 307 3692 inquit
317 3602 551 3691 Philosophum
566 3613 600 3668 et
614 3600 703 3680 alibi,
713 3600 751 3666 τὸ
765 3600 866 3688 πέρας
878 3600 965 3667 ἄλλο
980 3599 1035 3665 καὶ
1049 3597 1086 3665 οὗ
1100 3598 1239 3686 πέρατ’.)

91 3704 159 3771 Nec
180 3730 256 3774 sane
281 3708 444 3795 concipere
468 3728 638 3796 possumus
662 3705 763 3771 ullam
788 3703 1043 3791 magnitudinem
1066 3702 1130 3770 nisi
1152 3700 1242 3768 velut

92 3818 259 3892 exunsam,
280 3820 313 3875 et
332 3810 482 3876 terminos
501 3809 671 3875 habentem
689 3807 796 3895 aliquo
816 3806 945 3872 dissitos
965 3804 1153 3887 intervallo;
1176 3827 1241 3871 non

92 3910 212 3993 lineam
227 3913 292 3979 uisi
306 3935 365 3978 oeu
378 3910 524 3977 semitam
538 3910 623 3977 inter
636 3920 780 3975 extrema
795 3909 858 3975 duo
873 3909 944 3975 loca
960 3918 1153 3997 porrectam
1176 3930 1241 3975 nou

294 4066 305 4098 ¹
322 4066 397 4129 Phys.
410 4078 446 4114 vl.
459 4077 479 4116 1.
703 4062 714 4095 ¹
731 4064 786 4126 περι
799 4062 894 4123 ἀτόμων
904 4065 1032 4126 γραμμῶν.

142 4283 274 4353 Burtaoes,
285 4282 362 4350 lines,
374 4281 430 4337 and
440 4282 540 4351 points,
551 4282 621 4337 have
632 4299 669 4338 no
680 4285 808 4352 separate
820 4281 968 4338 existence.

141 4366 180 4423 ΙΙ.
215 4368 301 4437 Next,
314 4366 561 4422 Extousion-that
572 4366 664 4421 whose
674 4364 842 4421 boundaries
853 4364 890 4420 do
901 4370 951 4423 not
961 4368 1090 4425 coincide.

137 4453 313 4522 Aboundary
324 4453 381 4508 and
392 4452 453 4507 thot
463 4452 598 4520 ofwhieh
608 4452 633 4508 it
643 4452 668 4506 is
679 4467 698 4506 a
707 4450 850 4522 boundary
859 4467 907 4508 are
918 4452 1053 4523 different,
1063 4470 1094 4509 as
1106 4453 1241 4511 Arutouo

93 4553 155 4694 ¹⁵²5ri
170 4648 205 4697 u.
1114 4624 1155 4689 18
