3167 5192
392 373 434 440 1o
738 386 924 438 arenosas
946 387 1087 438 ornias.
1298 368 1405 456 [taen.
1421 383 1447 434 r.

387 557 513 626 tamdiu
526 555 768 648 suppeditanda
783 556 1010 645 profluviorum
1025 556 1124 645 copiae
1138 578 1197 644 par
1211 554 1271 637 sit,
1288 554 1446 643 quomodo

388 659 465 726 dum
494 684 532 728 ea
560 660 724 749 profundit
754 684 819 727 non
844 660 950 749 ipsum
980 660 1149 749 plusquam
1172 659 1388 740 exhauriatur,
1415 669 1448 724 et

387 763 553 830 confestim
567 774 744 845 evanescat,
766 763 854 829 haud
870 763 964 829 facile
989 764 1089 852 capio.
1135 763 1218 829 Cum
1241 785 1317 829 vero
1338 784 1448 830 rnrsrus

387 867 469 933 lucis
482 867 688 947 inflectiones,
704 867 838 954 illumne
856 868 912 955 qui
927 879 1161 955 consequuntur
1181 868 1310 932 effectus
1329 866 1446 954 cogito,

386 971 446 1039 vix
460 970 566 1036 animo
588 993 659 1036 meo
679 970 784 1036 nudus
799 971 957 1058 impulsus
972 971 1048 1036 facit
1062 971 1149 1038 satis.
1194 970 1308 1058 Itaque
1329 969 1448 1036 mentis

388 1074 503 1139 anxius
526 1074 639 1140 haereo.
684 1071 900 1140 Veruntamen
923 1074 999 1162 quia
1023 1074 1062 1140 de
1087 1077 1200 1138 nature
1222 1072 1303 1140 lucis
1323 1071 1448 1158 aliquid

387 1185 592 1262 praestcmam
620 1173 759 1261 expedit,
784 1175 824 1240 iis
845 1197 925 1262 quas
953 1197 1031 1240 mox
1060 1173 1182 1240 tradam
1213 1173 1447 1261 hypothesibus

387 1274 535 1342 nonnihil
548 1275 746 1363 explicandis
760 1297 936 1362 congruum
945 1300 955 1357 ;
977 1275 1037 1342 hoc
1058 1297 1093 1342 se
1114 1275 1217 1355 modo,
1233 1274 1287 1342 vel
1305 1295 1370 1340 non
1387 1275 1451 1340 ab-

387 1379 486 1445 simili
500 1402 567 1446 rem
581 1378 696 1445 habere
709 1378 863 1466 concipio.

451 1587 531 1656 VH.
576 1587 666 1656 Pono
689 1610 803 1677 eorpus
826 1611 920 1654 omne
939 1587 1091 1670 lucidum,
1114 1596 1151 1655 ut
1169 1585 1243 1668 tale,
1265 1583 1447 1674 congeriem

385 1715 455 1760 esse
481 1691 642 1780 quandam
671 1691 926 1781 corpusculorum
961 1693 1044 1760 ultra
1073 1715 1153 1780 pene
1182 1714 1280 1779 quam
1309 1690 1448 1778 cogitari

384 1805 490 1884 potest
513 1796 707 1862 minutorum
731 1805 764 1861 et
790 1794 943 1876 exilium3
971 1795 1084 1862 horum
1104 1805 1211 1862 autem
1240 1795 1447 1884 unumquod-

385 1921 449 1987 que
470 1899 751 1966 vehementissimo
768 1910 858 1965 motu
883 1899 1048 1986 percitum,
1069 1899 1176 1988 aliquo
1194 1898 1379 1986 (secundum
1397 1898 1447 1966 le-

386 2023 461 2087 gem
489 1999 585 2067 istam
607 2011 731 2066 naturae
760 2001 839 2066 satis
868 2011 1026 2090 receptam
1054 2011 1088 2068 et
1116 2001 1326 2089 exploratam)
1358 2006 1448 2072 recta

385 2102 532 2184 tendere3
554 2113 623 2170 tum
643 2102 784 2169 medium
806 2104 1018 2184 circumstare,
1038 2103 1173 2170 fluidum
1193 2126 1320 2192 quoqne
1340 2105 1446 2192 (cujus

384 2229 500 2294 nempe
523 2217 629 2294 partes
652 2207 741 2275 nullo
767 2207 927 2295 colligatae
950 2231 1038 2276 nexu
1060 2230 1314 2296 quaquaversum
1343 2209 1446 2276 libere

384 2307 538 2391 feruntur)
562 2331 582 2374 e
602 2309 783 2396 corporibus
806 2321 1025 2398 aggregatim,
1047 2309 1234 2376 exilissimis
1256 2309 1386 2398 quidem
1410 2321 1447 2378 et

384 2410 462 2493 illis,
476 2420 526 2479 ast
539 2410 681 2500 priorum
695 2422 841 2500 respectu
854 2413 936 2480 bene
949 2413 1064 2480 crassis
1079 2422 1112 2480 et
1126 2413 1237 2480 solidis
1244 2438 1253 2494 ;
1277 2413 1324 2479 ita
1336 2423 1445 2482 tamen

384 2525 422 2584 ut
443 2515 507 2582 hoc
526 2525 649 2582 meatus
671 2515 798 2599 habeat,
825 2525 858 2583 et
880 2515 1051 2584 interstitia
1073 2515 1269 2583 tennioribus
1294 2515 1361 2584 illis
1385 2516 1445 2584 ad-

384 2619 548 2688 mittendis
573 2627 769 2707 opportuna3
800 2619 880 2708 quin
902 2631 935 2687 et
959 2620 1074 2686 horum
1100 2618 1288 2685 crassiorum
1313 2641 1444 2708 corpus-

385 2722 528 2791 culorum
551 2745 683 2792 oocnrsu
703 2746 905 2812 progressum
930 2721 1078 2812 impediri
1102 2722 1276 2789 multorum
1299 2746 1341 2790 ex
1364 2722 1442 2804 illis,

383 2848 457 2913 quae
473 2826 509 2892 in
527 2825 628 2893 lucidi
642 2827 808 2916 superficie
823 2838 1000 2910 versantur,
1016 2838 1072 2894 ant
1092 2827 1135 2896 ab
1149 2832 1188 2894 et
1202 2835 1299 2892 ruunt
1313 2848 1442 2915 corpus«

384 2927 485 3010 culis,
507 2940 545 2996 ut
557 2952 686 2998 necesse
700 2930 744 2997 sit
758 2929 799 2996 iis
816 2929 862 2998 sic
876 2930 1033 3007 inhibitis,
1046 2941 1143 3019 atque
1162 2929 1308 3019 repulsis,
1328 2929 1443 2996 intror-

383 3053 457 3100 sum
472 3052 506 3096 se
522 3031 675 3119 recipere3
697 3054 761 3120 quo
776 3032 816 3098 fit
833 3042 871 3099 ut
889 3033 974 3100 dicta
996 3033 1159 3120 congeries
1184 3031 1269 3119 (aliis
1290 3032 1388 3100 etiam
1407 3031 1442 3100 in

382 3155 456 3200 eam
489 3132 618 3200 aliunde
646 3135 877 3203 confluentibus
908 3136 1050 3224 ejusdem
1083 3145 1205 3204 nature
1232 3134 1439 3224 corpusculis)

383 3237 585 3326 aliquatenus
595 3238 679 3304 intra
689 3261 764 3306 snos
778 3238 935 3306 cancellos
945 3240 1163 3328 restringatur,
1178 3262 1238 3307 nec
1251 3247 1318 3306 toto
1332 3237 1441 3305 statim

384 3341 420 3407 in
441 3363 533 3407 auras
549 3363 693 3428 expansa
711 3340 893 3429 dissipetur.
941 3340 1075 3408 Interim
1100 3365 1175 3412 vero
1200 3340 1363 3431 complura
1384 3363 1441 3429 per

383 3441 486 3510 dictos
508 3441 634 3508 canales
657 3446 782 3529 repertt
803 3442 858 3508 vis
876 3463 1003 3509 cursum
1023 3465 1118 3509 snum
1139 3448 1226 3510 rocta
1247 3443 1440 3526 continuare,

383 3547 551 3614 materiam
570 3545 652 3612 inibi
670 3545 898 3634 deprehensam
922 3545 1010 3613 haud
1027 3546 1074 3614 its
1094 3547 1216 3614 fortiter
1234 3548 1440 3637 obsistentem

385 3648 421 3714 in
434 3647 545 3734 fugam
559 3648 697 3734 agentia,
709 3657 742 3714 et
755 3659 830 3714 ante
843 3671 878 3716 se
891 3647 1128 3737 protrudentis;
1144 3671 1278 3736 quornm
1293 3649 1441 3738 vestigiis

386 3749 450 3818 alia
464 3750 503 3817 de
517 3749 623 3816 lucido
637 3773 765 3839 corpore
779 3751 926 3818 similiter
939 3749 1128 3839 prodeuntia
1141 3774 1268 3840 prorsus
1283 3751 1440 3836 insistent,

384 3853 582 3942 longumque
600 3853 696 3920 simul
717 3852 825 3920 omnis
846 3855 927 3921 lucis
950 3855 1090 3922 rivulum
1112 3857 1257 3937 efficient,
1280 3855 1442 3924 indeflext

380 3957 466 4024 serie
479 3966 722 4044 procurrentem.
767 3956 855 4036 Quin
869 3967 901 4024 ct
916 3945 1048 4024 istorum
1062 3957 1142 4025 forte
1151 3959 1307 4026 nonnulla
1320 3981 1440 4025 memo.

384 4070 469 4129 ratas
478 4060 576 4128 medii
586 4060 751 4127 crassiores
761 4061 933 4149 particulas
944 4062 1066 4150 impetu
1080 4063 1171 4130 ferire
1182 4074 1248 4129 tam
1256 4062 1439 4152 praeralido,

382 4187 613 4252 nonnunquam
631 4175 668 4234 nt
684 4163 770 4252 ipses
792 4186 918 4253 qnoque
933 4164 1041 4232 cedere
1056 4175 1182 4253 cogant,
1198 4175 1230 4232 et
1243 4187 1351 4232 secum
1365 4187 1441 4230 con·

382 4267 542 4354 spirantes
565 4269 601 4334 in
626 4267 780 4337 directum
804 4268 981 4358 adjacentia
1002 4291 1132 4359 corpora
1153 4267 1345 4357 propellerc3
1368 4289 1440 4358 quta

380 4378 417 4436 ct
439 4368 509 4454 pari
536 4370 633 4438 modo
653 4371 800 4460 proxime
820 4371 1059 4438 succedentibus
1082 4370 1151 4438 rim
1172 4369 1317 4452 inferent,
1341 4379 1374 4437 et
1394 4369 1441 4448 ita

384 4471 546 4554 continuo,
567 4472 614 4540 sic
634 4484 672 4544 ut
691 4472 789 4542 simul
811 4481 845 4542 et
861 4473 960 4542 semel
978 4473 1143 4544 indefinite
1160 4483 1308 4564 protensa
1326 4471 1439 4552 talium
