3167 5192
307 368 371 435 118
653 381 840 432 nnorronns
863 381 1132 431 urrnnurrmm
1259 365 1368 451 [neor.
1385 383 1463 432 mu.

306 551 412 640 plioat,
428 558 464 614 ut
479 543 626 636 εἰνάρχὴ
646 546 884 631 συλλογιστικοὶ
906 546 946 630 ἣν
966 548 1012 631 μὴ
1034 547 1107 615 ἔστι
1128 547 1237 631 δεῖξαι,
1262 548 1318 614 καὶ
1339 548 1463 633 ἀνάγκη

304 654 392 742 ἔχειν
402 652 457 718 τὸν
472 650 578 718 ὁτιοῦν
591 651 830 736 μαθησόμενονι
845 653 920 738 (tale
930 652 1120 741 principium
1132 652 1366 741 syllogisticum
1378 654 1463 740 qnod

304 784 369 825 non
383 759 492 847 possit,
508 770 564 825 aut
578 760 664 847 qnod
678 782 743 825 non
757 760 879 841 debeat,
896 758 1110 838 demonstrari,
1126 758 1274 846 quodque
1289 760 1464 824 neeessario

304 864 399 929 debet
413 862 632 943 habere-hoe
640 871 689 927 est
699 861 884 947 intelligere,
897 861 1071 940 admittere,
1083 860 1353 947 agriosoere÷qni
1368 860 1463 926 alieni

304 966 479 1053 disciplinae
489 965 619 1030 datrnus
629 976 677 1030 est
688 966 841 1052 operem;)
857 964 1174 1051 Hypothesinantem
1183 974 1215 1029 et
1226 962 1464 1044 Definitionem,

305 1075 460 1154 qnatenus
476 1068 536 1133 sub
553 1066 739 1153 generaliori
759 1067 875 1133 Thesis
889 1066 1016 1131 nomine
1033 1066 1242 1146 eontinentur,
1258 1064 1372 1130 definit
1391 1088 1467 1131 oon·

301 1170 448 1258 junctim,
472 1168 578 1259 ἀρχὴν
599 1168 865 1253 σνλλογιοτικῆν,
888 1168 928 1251 ἣν
948 1166 993 1251 μή
1016 1168 1088 1233 ἐστι
1112 1169 1222 1251 δεῖξαι,
1244 1168 1318 1253 μηδ’
1338 1168 1467 1251 ἀνάγκη

305 1272 393 1361 ἔχειν
412 1271 468 1338 τὸν
487 1270 729 1356 μοθησὸμενον;
759 1271 821 1336 hoo
834 1280 892 1350 est,
908 1270 970 1336 tale
985 1270 1259 1337 demonstrationis
1273 1270 1467 1358 principium

305 1375 392 1463 qnod
405 1376 514 1440 itidem
529 1398 594 1440 non
607 1374 708 1462 possit
726 1376 870 1459 (autnon
885 1373 1009 1455 debeat)
1028 1373 1159 1453 ostendi,
1176 1373 1322 1459 quodque
1337 1396 1402 1438 non
1418 1386 1469 1439 est

305 1478 514 1544 necessarium
528 1489 564 1542 ut
578 1477 701 1541 futurus
713 1476 888 1562 discipulus
902 1475 937 1539 in
951 1486 1146 1541 antecessum
1161 1476 1239 1541 sciat
1254 1486 1308 1541 aut
1322 1498 1469 1563 eompre-

305 1580 433 1648 hendat
479 1580 643 1660 Quatenus
658 1590 762 1644 eutem
782 1579 833 1643 hae
848 1579 1087 1665 distinguuntur
1101 1602 1121 1643 a
1138 1602 1171 1645 se
1185 1579 1331 1659 invicem,
1348 1578 1470 1665 Hypo-

305 1685 411 1751 thesin
425 1685 497 1750 finit
511 1707 579 1750 esse
594 1682 725 1761 Thesin,
742 1692 813 1768 quae
829 1682 926 1747 sumit
945 1682 1067 1769 aliquid
1080 1704 1148 1747 esse
1168 1682 1221 1747 vel
1242 1704 1306 1746 non
1325 1704 1393 1746 esse
1419 1683 1469 1765 (nt

305 1810 374 1853 esse
396 1785 657 1872 magnitudinem,
681 1784 749 1849 dari
769 1786 952 1865 unitatem):
984 1785 1206 1851 Definitionem
1229 1807 1304 1851 vero
1324 1806 1469 1871 pronun-

306 1889 369 1954 ciat
385 1911 453 1953 esse
473 1888 603 1967 Thesin,
624 1910 696 1973 quae
718 1888 852 1953 sumitur
871 1887 948 1975 quid
970 1888 1012 1953 sit
1033 1886 1171 1975 aliquid:
1195 1886 1243 1953 Ut
1258 1886 1343 1974 quod
1358 1886 1469 1975 unitas

307 1989 349 2054 sit
368 1986 474 2054 ποσὸν
495 1986 674 2075 ἀδιαίρετον
695 1992 860 2076 (quantum
882 1989 934 2056 vel
955 1999 1086 2077 quotum
1107 1990 1304 2071 indivisum).
1350 1988 1469 2076 Capite

306 2113 381 2157 vero
410 2089 531 2155 decimo
559 2090 701 2176 ejusdem
725 2102 887 2172 tractatus,
915 2091 1139 2180 principiorum
1167 2090 1231 2157 alia
1259 2091 1318 2155 tria
1347 2112 1469 2176 genera

307 2204 443 2260 statuere
457 2193 592 2273 videtin,
608 2193 783 2259 Axiomata
799 2193 998 2275 Communia,
1015 2194 1228 2283 Hypotheses,
1244 2204 1277 2259 et
1288 2192 1466 2259 Postulata.

306 2297 353 2363 Et
364 2296 568 2385 Hypotheses
579 2296 707 2384 quidem
722 2322 742 2361 a
756 2297 929 2364 Postulatis
944 2299 988 2364 ita
1002 2299 1153 2364 secernit:
1169 2296 1267 2362 ‘'Ooa
1279 2296 1339 2379 μὲν
1353 2295 1466 2362 &md

308 2400 385 2468 ὄντα
407 2399 571 2484 λαμβάνει
592 2398 688 2472 αὐτὸς
709 2399 754 2483 μὴ
778 2399 890 2483 δείξας,
911 2404 1023 2481 ταῦτα,
1047 2401 1102 2467 ἐὰν
1123 2400 1183 2483 μὲν
1204 2399 1357 2466 δοκοῦντα
1377 2408 1466 2483 λαμ-

306 2505 394 2593 βάνῃ
417 2508 463 2596 τῷ
485 2504 689 2589 μανθάνοντι,
711 2502 908 2585 ὑποτίθεται,
932 2501 986 2570 eat
1008 2505 1098 2569 ἐστιν
1121 2502 1184 2592 οὐχ
1209 2502 1324 2574 ἅπλῶς
1348 2500 1467 2568 ὑπόθε-

308 2637 370 2693 σις,
392 2609 482 2677 ἀλλά
500 2608 582 2698 πρὸς
597 2610 715 2676 ἐκεῖνον
733 2607 843 2692 μόνον·
867 2608 923 2675 ἐάν
945 2608 979 2675 δὲ
1000 2608 1020 2691 ἢ
1043 2608 1199 2692 μηδεμιᾶς
1213 2605 1344 2688 ἐνούσης
1360 2605 1465 2689 δόξης,

307 2711 328 2794 ἢ
351 2713 405 2778 καὶ
428 2711 570 2783 ἐναντίαις
596 2710 728 2793 ἐνούσης
751 2708 926 2796 Mefitim,
941 2709 979 2775 τὸ
1004 2709 1083 2776 αὐτὸ
1108 2708 1257 2775 αἰτεῖται·
1281 2707 1336 2773 καὶ
1362 2708 1468 2796 τούτῳ

308 2813 451 2902 διαφέρει
474 2813 628 2884 ὑπόθεσις
649 2813 704 2879 καὶ
727 2814 860 2895 αἴτημα·
892 2811 964 2878 ἐστὶ
986 2810 1049 2899 γὰρ
1073 2812 1193 2894 αἴτημά
1216 2809 1254 2876 τὸ
1276 2809 1466 2879 ὑπεναντίον

307 2919 365 2982 τοῦ
379 2914 595 2998 μανθάνοντος
614 2920 654 2999 τῇ
669 2914 756 3001 δόξῃ·
778 2912 888 2998 aiddu
907 2940 955 2986 τις
974 2912 1163 2980 άποδειιιτὸν
1181 2912 1217 2979 ὂν
1235 2912 1393 2999 λαμβάνῃ
1411 2912 1466 2979 καὶ

307 3021 428 3106 χρῆται
451 3017 496 3100 μὴ
523 3017 652 3101 δείξος’.
697 3019 770 3085 Ηοο
792 3029 849 3099 est,
871 3041 1066 3105 quaeeunque
1086 3042 1158 3083 eum
1180 3016 1307 3105 probari
1328 3016 1461 3103 possint,

308 3123 407 3191 sumit
421 3123 648 3188 demonstrator
661 3122 781 3209 absque
803 3122 994 3209 probatione,
1011 3122 1038 3186 si
1061 3120 1128 3185 haeo
1150 3119 1301 3185 discentis
1323 3118 1464 3205 opinioni

308 3236 517 3291 consentanea
541 3234 635 3303 sunt,
643 3224 801 3312 supponit,
826 3246 884 3289 neo
901 3233 949 3288 est
970 3221 1153 3311 simpliciter
1175 3220 1385 3309 Hypothe'sis,
1410 3219 1464 3285 sed

308 3328 378 3416 ejus
392 3327 489 3393 solius
504 3339 664 3415 respectn;
687 3324 773 3413 quod
787 3327 815 3391 si
829 3325 917 3391 nulla
931 3326 1016 3405 insit,
1032 3324 1195 3391 ueletiam
1215 3322 1371 3389 contraria
1387 3323 1463 3388 insit

308 3431 426 3520 opinio,
442 3429 500 3495 tali
512 3452 588 3495 oasn
601 3441 763 3517 assumpta
769 3429 923 3517 postulat.
960 3427 1011 3493 Ao
1025 3428 1084 3493 hoo
1099 3426 1249 3491 diffenmt
1264 3424 1462 3513 Hypothesis

248 3596 253 3603 .
308 3546 341 3602 et
355 3535 566 3603 Postulatnm.
610 3533 671 3599 Est
687 3534 772 3600 enirn
792 3532 992 3598 Postulatnm
1014 3532 1048 3597 id
1067 3531 1152 3619 quod
1169 3530 1320 3596 discentis
1341 3530 1462 3595 notioni

308 3639 593 3717 subcontrariatur3
615 3637 668 3704 vel
683 3637 769 3724 quod
784 3636 866 3724 quis,
882 3659 953 3702 oum
969 3635 1214 3701 demonstrabile
1229 3636 1278 3716 sit,
1295 3634 1408 3722 accipit
1427 3656 1463 3699 ae

308 3743 440 3811 adhibet
454 3744 585 3808 minime
599 3742 827 3834 demonstrant.
873 3738 924 3805 lta
938 3740 1066 3826 quidem
1088 3763 1129 3805 ex
1151 3740 1264 3805 horum
1286 3738 1460 3817 collatione,

308 3850 437 3915 omnino
457 3846 689 3935 Principiomm
710 3846 850 3932 quinque
870 3842 1038 3909 rideantur
1062 3866 1130 3910 esse
1154 3865 1279 3929 genera,
1299 3864 1341 3909 ex
1363 3840 1462 3929 philo·
1561 3864 1562 3887 ν

309 3952 401 4039 sophi
413 3952 587 4017 sententia:
607 3948 789 4027 Axiomata,
804 3945 1042 4033 Suppositiones
1052 3944 1365 4023 Indemonstrabiles,
1377 3942 1462 4007 Defi-

309 4053 456 4133 nitiones,
470 4052 709 4141 Suppositiones
721 4049 1001 4130 Demonstrabiles,
1015 4059 1046 4115 et
1058 4048 1232 4115 Postulata.
1272 4048 1338 4115 Sed
1348 4048 1383 4113 in
1393 4068 1462 4133 spe-

310 4157 390 4222 ciem
411 4154 616 4221 adversantur
634 4154 731 4241 priori
749 4153 819 4219 loeo
843 4152 927 4217 diota
946 4152 1009 4218 illis
1027 4176 1099 4240 quee
1121 4153 1218 4218 tradit
1237 4153 1271 4216 in
1290 4148 1460 4239 posteriori.

310 4258 384 4325 Illic
410 4258 494 4323 enim
519 4256 673 4345 principia
696 4266 831 4321 statuere
857 4253 981 4319 videtur
1006 4253 1149 4320 absolute
1175 4252 1220 4336 μὴ
1246 4251 1364 4331 decurri,
1389 4272 1459 4317 nam
1561 4308 1562 4325 ,

311 4362 432 4428 Thesin
443 4359 563 4439 definit,
579 4358 619 4441 ἣν
631 4358 677 4442 μή
693 4360 765 4425 ἐστι
779 4358 897 4442 &team
920 4358 972 4423 hio
983 4367 1088 4423 autern
1101 4354 1305 4443 Hypotheses
1317 4355 1460 4439 ademp-
1561 4382 1562 4419 ι

504 4489 512 4521 ¹
532 4488 609 4553 [Post.
623 4500 640 4537 1.
657 4486 691 4549 a]
1124 4486 1135 4519 ⁸
1152 4484 1202 4550 [It.
1220 4482 1270 4549 ιο.]
