3167 5192
384 378 404 440 8
475 391 647 453 amarem,
671 392 710 438 nr
733 391 804 450 Qus
827 390 947 439 (tracis
970 388 1350 438 auausnaauuaauuu

384 570 589 656 sentaneas,
624 589 692 638 nec
726 589 749 636 a
782 563 925 638 ratione
960 587 1146 661 quaquam
1185 561 1436 637 abhorrentes.

384 681 670 782 Hypothesibus
687 680 909 773 constitutis,
932 678 980 754 ab
997 678 1043 754 iis
1064 679 1233 779 proxime
1250 679 1440 778 generalia

384 799 553 899 quaedam
569 799 810 875 Theoremata
826 796 964 888 deriv0,
979 794 1115 896 partini
1132 796 1181 871 ab
1197 795 1281 871 aliis
1296 796 1435 896 agnita,

274 976 276 979 .
382 921 483 1016 (quae
500 914 667 991 methodi
684 913 814 1015 gratit,
845 922 883 989 et
907 921 1058 1013 propter
1077 913 1235 988 aliorum
1250 914 1438 1012 probatio

381 1062 478 1129 nem,
497 1034 590 1108 meis
607 1032 985 1108 demonstrationibus
1002 1033 1149 1107 firmata
1166 1043 1340 1132 appono)
1355 1058 1438 1131 par-

381 1153 451 1227 tim
468 1178 492 1226 a
507 1178 569 1226 me
587 1150 792 1227 observata
833 1150 934 1224 Dein
952 1150 1002 1225 ad
1019 1149 1191 1249 specialia
1207 1148 1434 1249 progredior,

380 1268 419 1343 id
436 1266 528 1343 mihi
538 1265 681 1367 negotii
698 1291 858 1359 sumena,
871 1271 914 1340 ut
929 1264 1159 1365 (lotapatae,
1175 1291 1217 1338 ac
1227 1264 1438 1364 Dioptricoe

380 1385 582 1485 utriusque,
610 1385 650 1460 in
668 1412 737 1461 usu
752 1384 915 1461 maxime
932 1384 1062 1484 positae
1087 1384 1224 1486 (placa
1241 1377 1379 1458 scilicet
1397 1391 1436 1459 et

379 1502 592 1603 Spltoeraca)
625 1501 819 1601 potissima
845 1506 1076 1601 pertractem.
1133 1503 1184 1576 Ia
1218 1500 1435 1600 cooptare

378 1620 573 1721 aphecca
595 1621 792 1721 (siquidem
813 1619 925 1718 plana
946 1620 1027 1719 jam
1048 1619 1137 1694 olim
1154 1645 1241 1694 vere
1264 1617 1365 1712 satis,
1390 1645 1435 1694 ac

378 1737 458 1814 fuse
486 1738 633 1814 exculta
658 1737 830 1836 habetur)
866 1736 1047 1836 ejusmodi
1076 1737 1316 1812 Themessata
1349 1762 1434 1835 pro-

376 1881 489 1954 pono,
502 1855 549 1930 de
568 1854 702 1955 quibus
718 1855 939 1930 reflexorum
957 1854 1143 1929 radiorum
1156 1853 1433 1929 intersectiones

275 1992 280 2002 '
377 1978 490 2072 atque
506 1971 644 2047 limites
663 1972 919 2061 innotescunt3
944 1997 1092 2071 unaque
1113 1977 1333 2069 punctorum
1351 1978 1431 2046 tam

375 2076 535 2189 alonge,
552 2115 665 2188 quam
680 2115 701 2164 e
717 2089 925 2190 propinquo
941 2087 1167 2163 radiantium
1180 2088 1372 2188 imagines,
1393 2098 1431 2164 et

376 2214 596 2306 apparentes
620 2207 691 2283 loci
721 2207 1018 2283 determinantur
1024 2235 1035 2296 3
1062 2213 1230 2305 respectu
1257 2205 1353 2281 oculi
1370 2233 1429 2282 ne·

374 2323 465 2397 dum
482 2322 522 2397 in
539 2323 755 2399 radiationis
772 2349 851 2413 axe,
875 2324 939 2399 sed
957 2331 1062 2398 extra
1079 2324 1201 2423 ipsum
1218 2323 1429 2422 ubicunque

374 2441 586 2517 constituti:
602 2468 685 2541 quae
698 2450 796 2517 certe
809 2442 870 2518 vel
885 2468 1069 2542 nusquam
1088 2442 1202 2542 (quod
1217 2440 1346 2540 sciam)
1363 2449 1429 2517 aut

372 2560 510 2659 magnt
530 2585 576 2634 ex
598 2567 704 2658 parte
724 2585 917 2661 perperam
944 2559 1032 2634 alibi
1053 2566 1212 2633 tractata
1239 2568 1427 2658 prostant,

373 2675 412 2752 id
445 2677 555 2776 quod,
591 2674 797 2752 incidenter
830 2676 986 2751 aliorum
1014 2675 1180 2754 refutans
1212 2677 1425 2771 sententias,

372 2811 457 2868 oum
474 2793 676 2869 ratiociniis
692 2792 902 2893 perspicuis,
927 2801 1009 2868 tum
1025 2793 1287 2892 experimentis
1304 2796 1427 2871 decre-

371 2909 477 2984 toriis
492 2910 656 2985 evictum
672 2936 728 2985 eo.
780 2910 1023 3009 Dioptrioara
1040 2936 1149 3009 porro
1172 2917 1250 2985 tam
1262 2912 1424 3009 planam

371 3053 485 3126 quam
500 3027 741 3126 Sphfflmm,
765 3026 996 3102 refractionis
1013 3026 1213 3103 novissimt
1230 3031 1425 3126 praestratt

369 3144 453 3244 lege
464 3143 525 3219 vel
540 3143 739 3244 hypothesi
760 3143 888 3244 (quam
903 3143 1054 3220 illusae
1071 3144 1258 3221 Oartesa'aa
1271 3147 1422 3239 detexit,

369 3268 411 3336 at
426 3261 600 3360 plerique,
619 3287 710 3353 reor,
731 3260 900 3337 meliores
912 3262 1038 3362 Optica'
1049 3263 1130 3361 jam
1148 3262 1406 3362 amplexantur
1414 3294 1423 3354 ;

368 3403 483 3478 quam
500 3384 539 3453 et
555 3384 706 3477 propter
722 3378 929 3478 assignatas
946 3379 1080 3454 alicubi
1096 3379 1258 3455 rationes
1275 3381 1424 3457 veritati

367 3521 568 3571 consonam
585 3495 728 3596 judico)
749 3495 855 3571 velut
872 3522 895 3571 a
912 3495 1165 3572 fundamentis
1183 3506 1333 3574 extruo:
1356 3525 1424 3574 neo

365 3613 469 3688 enim
493 3639 630 3706 eorum,
658 3613 723 3713 qui
747 3613 968 3713 principium
994 3613 1086 3689 illud
1112 3614 1350 3706 admiserunt,
1369 3617 1422 3716 ip-

366 3757 452 3805 sum
479 3731 660 3806 hactenus
683 3731 879 3832 quisquam
908 3732 961 3834 (in
984 3732 1128 3831 scriptis
1148 3733 1317 3834 intelligo
1341 3761 1423 3835 quae

369 3847 524 3924 viderim
542 3848 616 3924 luci
633 3848 916 3947 commendatis)
937 3849 1009 3924 huc
1024 3849 1211 3949 applicuit.
1263 3851 1341 3928 Hic
1357 3879 1422 3927 au-

367 3972 446 4040 tem
469 3965 652 4065 imprimis
675 3972 814 4065 puncta
838 3965 1023 4042 radiantia
1048 3966 1158 4067 longe
1184 3967 1315 4044 dissita
1342 3969 1422 4068 (seu

367 4083 473 4180 quasi
489 4082 681 4182 parallelos
698 4082 908 4158 emittentia
925 4083 1061 4181 radios)
1083 4083 1328 4179 considerans,
1349 4113 1422 4186 quo

367 4208 477 4298 pacto
502 4201 550 4275 ab
574 4202 665 4299 ipsis
689 4202 915 4300 profluentes
945 4203 1035 4278 radii
1066 4203 1336 4305 detorquentur
1360 4233 1421 4281 ex-

367 4314 483 4414 quiro,
507 4317 747 4394 thoremata
764 4303 934 4418 quaedam
956 4320 1113 4413 eliciens,
1138 4323 1311 4422 equibus
1328 4351 1419 4422 prae-

367 4433 475 4531 cipua
507 4435 751 4531 refractorara
782 4449 1027 4536 symptomata
1066 4439 1219 4539 liquent,
1256 4440 1417 4541 ipsorum
