3167 5192
325 374 392 443 264
660 393 848 445 uscusouns
872 392 1146 443 unuusnsuscn.
1295 376 1400 461 [naor.
1416 394 1481 440 rvr.

324 562 510 649 quorumvis
524 574 669 652 respectu
682 586 838 631 mensurae
852 563 1007 631 rationem
1022 566 1174 647 subeant;
1192 563 1281 631 sicut
1295 563 1381 631 enim
1392 564 1482 652 quod·

325 686 451 752 cunque
475 678 630 755 qnantum
655 671 741 733 recta
766 666 853 731 linet
878 687 935 753 pro
961 666 1092 733 arbitrio
1120 670 1252 755 sumpta
1277 666 1482 754 repraesentari

325 779 439 857 potest,
463 770 510 839 ita
532 771 634 858 possit
658 792 748 857 aeque
771 769 937 858 superficie
961 770 1210 865 quavis-possit
1233 792 1375 858 corpore,
1395 770 1484 859 possit

325 872 430 954 litera,
447 873 635 953 charactere,
650 872 779 939 nominc
793 872 938 961 quolibet
952 871 1123 960 designari.
1167 872 1280 959 Magis
1300 872 1405 938 adhuc
1421 896 1484 961 prc-

324 976 403 1065 prie,
428 977 576 1066 quamvis
601 978 642 1043 ab
666 976 841 1043 Hobbiaut
870 976 1057 1043 definitione
1080 977 1157 1043 sads
1182 988 1317 1057 remote,
1347 1000 1484 1042 namuro

325 1103 442 1148 nomen
463 1081 587 1147 obtinet
605 1090 692 1146 recta
714 1079 801 1146 linea
823 1080 966 1168 (parique
985 1080 1059 1167 jure
1076 1080 1199 1169 quaevis
1220 1079 1289 1145 alia
1307 1079 1482 1166 magnitudo

326 1195 435 1273 posset
462 1184 618 1268 obtinere)
646 1194 804 1271 quatenus
833 1183 986 1249 inservire
1011 1193 1116 1271 potest
1141 1183 1279 1250 aliorum
1306 1192 1481 1270 quantorum

328 1286 499 1373 quantitati
529 1284 777 1352 determinandae
803 1307 859 1351 seu
888 1283 1104 1365 declarandae3
1135 1284 1298 1373 quomodo
1328 1283 1482 1370 longitudo

323 1387 426 1471 linae,
442 1411 539 1476 quam
560 1387 715 1477 percurrit
736 1387 859 1476 aliquid
881 1389 999 1455 mobile
1021 1387 1186 1476 designato
1204 1399 1352 1476 tempore
1373 1385 1480 1452 veloci-

324 1502 423 1559 tatem
443 1492 573 1573 indicat,
596 1491 738 1579 adeoque
759 1490 890 1557 metitur
911 1492 999 1579 ejus3
1022 1502 1055 1557 ct
1076 1514 1167 1557 arcus
1190 1490 1358 1558 circularis
1380 1486 1478 1574 anguli

325 1595 482 1664 rectilinei
506 1596 650 1662 cruribus
676 1595 870 1682 interceptus
892 1594 1003 1682 angssli
1024 1595 1237 1682 quantitatem
1260 1593 1367 1681 arguit
1387 1602 1418 1658 et
1437 1612 1480 1656 os·

325 1699 439 1781 tendit,
459 1699 521 1767 hoc
538 1712 597 1782 est,
614 1709 778 1766 mensurat
797 1697 970 1767 secumdum
989 1699 1072 1765 hanc
1090 1699 1308 1787 acceptionem
1328 1700 1384 1763 τοῦ
1402 1714 1479 1759 meu·

326 1824 443 1885 serare,
458 1826 555 1891 quam
569 1826 628 1870 nos
642 1802 712 1869 fuse
726 1802 804 1868 satis
819 1812 852 1867 et
865 1801 1026 1867 luculente
1041 1801 1165 1889 pridem
1179 1801 1402 1891 explicuimus.

393 1904 488 1970 Hanc
506 1905 606 1992 igitur
625 1904 868 1991 ambiguitatem
888 1903 1036 1970 vocabuli
1058 1928 1211 1971 mamurra
1231 1904 1261 1969 si
1279 1900 1478 1991 perspexisset

326 2006 354 2074 is
376 2016 432 2073 aut
452 2006 680 2093 perpendisset,
703 2027 841 2093 quocum
864 2006 1006 2093 agimus3
1038 2016 1094 2072 aut
1114 2007 1143 2071 si
1164 2004 1346 2073 definitioni
1366 2000 1476 2091 propne

327 2108 524 2176 constantius
538 2109 733 2190 adhesisset,
745 2131 810 2173 non
821 2110 868 2174 ita
878 2119 955 2197 puto
966 2109 1214 2176 commiscuisset
1229 2108 1371 2177 omnium
1385 2124 1476 2171 rerum

327 2211 529 2300 quantitates,
545 2222 578 2278 et
590 2212 675 2278 inter
688 2234 722 2278 se
736 2212 978 2299 pronunciasset
992 2211 1214 2299 homogeneas,
1231 2208 1385 2301 ejusmodi
1399 2204 1474 2273 scili·

327 2323 378 2381 cet
391 2325 578 2402 argumento
592 2325 754 2403 permotus
760 2318 782 2380 ¹.
821 2312 981 2395 Quoniam
995 2314 1081 2380 linea
1094 2324 1143 2381 cst
1157 2337 1316 2381 mensurae
1331 2306 1471 2397 temporib

326 2418 386 2485 erit
405 2418 568 2507 quantitas
589 2418 740 2507 temporis
759 2418 933 2506 quantitati
953 2418 1045 2485 lineas
1065 2418 1275 2505 homogenea.
1319 2412 1407 2501 Atqui
1425 2432 1468 2474 rc·

327 2520 478 2609 spondeo,
493 2522 580 2589 linea
594 2521 657 2588 dici
671 2531 776 2610 potest
796 2543 945 2587 mensura
964 2522 1123 2610 temporis,
1140 2522 1298 2588 sumendo
1312 2532 1468 2585 mensuram

326 2648 384 2714 pro
399 2626 557 2713 symbolo,
572 2626 626 2693 vel
640 2633 837 2713 argumento,
853 2624 907 2691 vel
925 2624 1042 2691 indicio
1064 2625 1254 2712 quantitatis
1276 2646 1367 2713 qnam
1387 2616 1468 2683 babet

327 2739 472 2819 tempus3
495 2740 529 2795 at
546 2727 700 2796 sumendo
721 2751 902 2795 mensuram
920 2728 1018 2816 juxta
1035 2751 1125 2795 suam
1147 2728 1250 2817 ipsius
1273 2721 1465 2794 definitionem

327 2854 385 2919 pro
406 2841 496 2919 parte
517 2832 669 2917 aliquota,
692 2830 771 2897 satis
791 2829 904 2917 liquet,
927 2852 986 2895 nec
1011 2830 1080 2918 ipse
1102 2830 1264 2913 diffitetur,
1287 2830 1397 2895 lineam
1415 2838 1465 2883 11011

327 2954 397 2999 esse
420 2955 600 2999 mensuram
622 2933 784 3021 temporis,
808 2932 949 3020 adeoque
967 2932 1064 3021 juxta
1085 2956 1175 2999 suam
1197 2934 1296 3000 etiam
1317 2917 1468 3012 tomopmd

327 3032 554 3114 definitionem,
569 3032 662 3101 lineas
676 3036 840 3122 quantitas
855 3057 920 3102 nou
938 3035 998 3102 erit
1015 3037 1167 3124 temporis
1185 3032 1356 3125 quantitati
1374 3030 1465 3095 hono·

328 3158 439 3223 genes.

392 3239 464 3309 Imo
478 3238 588 3307 eodem
603 3239 768 3307 ratiocinio
782 3264 846 3329 qno
861 3242 1029 3329 probatum
1041 3242 1067 3308 it
1079 3242 1228 3331 temporis
1239 3254 1274 3310 et
1284 3244 1372 3311 Hneae
1382 3250 1464 3321 qum·

327 3343 437 3411 titates
457 3342 670 3431 homogeneas
690 3366 769 3426 esse,
792 3368 884 3434 seque
906 3345 1104 3413 concluditur
1125 3344 1252 3413 easdem
1275 3368 1341 3413 esse
1361 3340 1463 3406 hetero-

327 3469 456 3533 geucas.
501 3446 587 3527 Quia
599 3470 715 3536 nempe
728 3448 892 3535 quantitas
907 3448 1057 3536 temporis
1072 3472 1128 3538 per
1142 3450 1338 3537 superficiem
1351 3434 1464 3533 pffllle·

326 3550 536 3639 logrammam
554 3560 611 3618 aut
629 3574 742 3639 corpus
760 3550 969 3639 cylinduieum
992 3552 1176 3633 mensurari,
1201 3553 1274 3638 (hoc
1295 3559 1349 3629 est,
1368 3564 1415 3629 per
1432 3556 1462 3601 θ’

327 3654 487 3743 designari
501 3665 614 3743 potest,
630 3665 664 3721 et
677 3655 828 3721 declarari
843 3655 896 3721 vel
910 3655 1090 3741 notificari)
1107 3666 1140 3723 ct
1153 3656 1239 3723 linea
1252 3654 1360 3745 nequit
1372 3662 1462 3732 super·

326 3756 408 3825 ficiei
423 3757 726 3847 parallelogrammus
740 3780 799 3823 nec
810 3758 931 3845 corpori
945 3757 1120 3845 cylindrioo
1131 3781 1310 3847 congruere.
1322 3754 1375 3824 erit
1383 3750 1461 3835 juxil

327 3859 543 3927 definitionem
562 3863 620 3943 tris
641 3859 851 3948 &emeretur
872 3860 913 3926 ab
934 3859 1005 3948 ipso
1026 3860 1184 3943 meditem,
1200 3856 1366 3950 quantitati
1385 3850 1459 3917 lintoe

326 3961 545 4049 heterogenea.

392 4063 575 4146 Quinetiam
589 4088 699 4133 omnes
713 4064 843 4132 omnino
862 4065 1055 4153 quantitates
1075 4067 1170 4133 simul
1190 4068 1385 4155 homogenea
1400 4054 1459 4119 suut

807 4201 816 4233 ¹
835 4202 896 4266 Pas·
912 4213 951 4264 π.

380 4406 435 4463 His
451 4412 620 4479 consequent
636 4410 783 4467 wnfusion

380 4494 426 4549 All
443 4493 594 4565 quantities
607 4496 697 4551 would
712 4496 749 4551 bo
764 4497 833 4551 both
849 4497 1051 4567 homogcneous
1067 4498 1123 4554 and
1140 4500 1358 4569 hctemgeneoua
