3167 5192
400 380 444 446 54
763 393 950 444 caenosas
972 393 1113 444 omrem.
1306 376 1413 461 [sacr.
1431 395 1465 444 v.

399 563 604 628 instituemus
628 581 818 641 sermonem3
848 581 885 626 eo
906 560 1182 648 subintelligentes
1208 561 1304 628 etiam
1330 584 1464 629 eonver-

400 675 512 752 gentes
541 687 583 728 ex
608 663 668 729 hac
692 663 806 749 regula
834 663 1091 730 deterrninabiles
1119 663 1238 730 referri.
1284 663 1364 744 Qua
1386 687 1466 732 sane

399 767 585 854 compendio
615 766 797 832 deserviens
826 767 1013 847 observati0‚
1044 766 1247 854 generalibus
1272 767 1343 832 istis
1365 789 1466 856 supra

399 870 548 937 delibatis
573 870 690 936 meruit
713 870 882 948 intertexi;
905 893 963 935 nec
989 871 1074 936 enim
1098 871 1138 936 ad
1162 870 1246 936 hanc
1265 870 1366 936 solam
1388 893 1463 959 quae

398 997 463 1062 prae
478 974 637 1052 manibus,
653 982 703 1038 ast
717 973 760 1038 ad
781 995 891 1039 omnes
915 995 1014 1059 aque,
1032 973 1192 1060 quaslibet
1207 973 1248 1039 ad
1268 974 1461 1062 superficies,

397 1077 558 1142 radiorum
572 1075 769 1142 inflectiones
784 1097 818 1142 se
833 1076 987 1142 extendit.

462 1281 601 1347 XXIII.
646 1281 839 1348 Adsimilem
862 1293 895 1348 et
915 1281 991 1349 inde
1013 1291 1268 1369 consequentem,
1293 1283 1378 1368 (cum
1399 1306 1463 1372 pa·

395 1385 499 1451 rallcli
525 1408 546 1450 a
569 1394 688 1472 puncto
713 1385 903 1472 proveniant
929 1385 1064 1452 infinite,
1079 1385 1217 1469 dissito,)
1245 1385 1329 1451 cirea
1349 1387 1462 1454 radios

395 1488 562 1576 parallelos
584 1488 904 1571 observatiunculam,
925 1491 1112 1578 compendio
1134 1491 1333 1572 servientem,
1359 1492 1460 1558 etiam

395 1590 447 1655 hic
475 1590 700 1678 tempestivum
734 1591 830 1656 fuerit
859 1592 1045 1680 adjungere;
1079 1592 1304 1681 parallelorum
1339 1615 1460 1681 nempe

395 1690 557 1759 Convexis
586 1693 795 1760 incidentium
830 1695 974 1784 partibus
1003 1695 1163 1761 radiorum
1195 1694 1318 1775 inflexi,
1349 1696 1461 1781 quoad

393 1797 559 1882 positionis
583 1798 797 1878 directionem,
825 1799 922 1864 iidem
948 1809 1041 1864 erunt
1063 1822 1137 1864 cum
1161 1797 1288 1863 inflexis
1312 1799 1458 1886 ipsorum

394 1896 551 1964 Concavis
573 1901 716 1988 partibus
737 1901 964 1983 incidentium
989 1902 1083 1967 modo
1103 1901 1294 1989 transposita
1314 1901 1457 1991 concipi·
1567 1941 1568 1944 =

392 2011 487 2066 antur
500 2003 615 2068 media.
661 2002 765 2081 erare
783 2004 1006 2092 parallelorum
1028 2003 1218 2069 radiationes
1239 2001 1456 2068 examinando
1567 2045 1568 2088 3

392 2103 475 2168 nihil
490 2105 550 2170 erit
564 2128 644 2192 opus
656 2105 826 2173 Convenae
841 2118 947 2195 partes
962 2131 982 2172 a
997 2106 1154 2173 Concavis
1170 2105 1378 2192 distinguere;
1394 2127 1456 2172 seu

392 2209 510 2276 exinde
525 2233 616 2276 casus
633 2212 853 2298 multiplicare.
897 2213 964 2279 Res
984 2235 1001 2278 e
1018 2212 1151 2299 posthac
1173 2211 1316 2278 dicendis
1338 2211 1456 2277 clarior

392 2313 515 2382 evadet.
560 2314 625 2380 His
644 2315 825 2398 admonitis,
845 2316 885 2382 de
907 2315 1018 2382 tabula
1034 2317 1104 2404 jam
1125 2339 1275 2396 manum3
1299 2324 1331 2382 et
1353 2337 1452 2402 quam

392 2416 613 2503 proposuimus
628 2417 856 2485 instituendam
870 2420 1015 2506 proxime
1030 2419 1283 2507 disquisitionem
1305 2419 1453 2506 sequenti

391 2543 597 2588 reservamus.

674 2740 1166 2753 ——ffl

772 2983 774 2987 ·
819 2959 950 3028 LECT.
974 2959 1016 3028 V.

388 3143 417 3210 Ι.
530 3141 560 3208 Ο
580 3141 649 3228 jam
667 3144 809 3229 provecti
830 3166 950 3225 sumus,
970 3157 1006 3212 ut
1028 3145 1180 3212 radiantis
1201 3149 1232 3232 (a
1254 3146 1446 3212 sensibiliter

551 3244 643 3309 finita
665 3245 827 3329 distantia)
854 3247 965 3334 puncti
987 3247 1092 3313 locum
1113 3257 1316 3335 apparentem
1338 3247 1446 3313 inves-

386 3349 533 3434 tigemus,
558 3347 651 3413 illum
674 3370 789 3435 nempe
811 3348 868 3435 qui
890 3348 1032 3430 resultat,
1057 3373 1075 3415 e
1101 3355 1229 3436 peracta
1253 3347 1443 3435 adplenum

386 3449 583 3537 superficiem
597 3450 800 3532 refractione3
824 3474 882 3518 nec
900 3474 966 3516 non
987 3461 1131 3538 respectu
1145 3451 1234 3517 visus
1254 3460 1345 3516 exim
1359 3450 1444 3516 radi·

384 3553 499 3618 ationis
528 3575 623 3618 axem
652 3554 826 3620 constituti.
872 3554 1030 3634 Quorsum
1059 3554 1216 3641 imprimis
1245 3564 1377 3640 spectat,
1407 3563 1444 3619 ut

383 3666 501 3721 rectam
531 3656 775 3723 determinemus
799 3658 925 3739 lineam,
947 3658 982 3723 in
1003 3681 1067 3745 qua
1089 3658 1178 3723 locus
1197 3656 1254 3722 ille
1277 3667 1440 3737 versatum

382 3768 452 3823 tum
466 3767 503 3822 ut
517 3758 677 3845 singulare
700 3759 903 3846 designemus
929 3761 964 3827 in
987 3761 1045 3826 ills
1065 3765 1151 3826 recte
1171 3769 1336 3848 punctum,
1359 3760 1443 3825 cirea

382 3860 468 3947 quod
486 3861 644 3949 exquisite
669 3863 823 3929 consistit.
868 3863 1045 3952 Utriusque
1068 3863 1195 3952 quaesiti
1217 3863 1321 3950 gratis
1341 3861 1441 3928 confi·

382 3961 539 4044 ciendum‚
573 3963 650 4050 (imo
678 3966 819 4052 penitius
853 3967 1090 4053 excutiendum)
1129 3967 1219 4032 venit
1254 3963 1439 4053 hujusmodi

381 4067 567 4134 Probleaao:

444 4269 493 4336 II.
529 4272 613 4338 Dato
619 4290 739 4363 paracta
752 4277 795 4358 A,
811 4280 846 4344 ia
852 4280 1009 4367 positurae
1023 4277 1129 4344 datom
1143 4290 1259 4343 rectam
1273 4275 1334 4341 EF
1348 4277 1437 4343 radi·

378 4382 459 4451 saw,
489 4373 699 4460 dem'paoadm
724 4395 769 4448 est
792 4382 942 4466 incidens,
973 4384 1033 4470 qui
1050 4405 1112 4470 per
1136 4379 1269 4447 alarum
1299 4392 1438 4446 transeat

378 4472 659 4563 dampnantem.
