3167 5192
339 370 405 439 320
675 386 864 439 taetrosns
886 386 1159 439 semenstres.
1305 368 1408 456 [enen
1422 388 1477 436 xx.

262 641 264 644 ι
405 554 470 624 Sed
494 554 668 643 respondeo
693 555 800 643 potins
826 556 974 639 secundo,
1001 578 1074 623 aum
1099 556 1217 623 dicitur
1244 557 1415 646 paternitas
1439 568 1478 623 est

336 659 452 725 similis
466 659 669 747 principatui,
684 660 748 725 ista
767 660 943 727 similitudo
961 683 1026 727 non
1045 661 1081 727 in
1099 661 1179 749 ipsis
1197 660 1349 728 fundatur
1367 660 1478 727 relatio-

336 766 440 846 nibus,
455 788 515 832 nee
528 765 563 829 in
577 765 685 852 aliquo
700 764 785 852 quod
800 764 840 831 iis
854 765 947 847 inest,
963 764 1020 833 sed
1034 765 1069 830 in
1083 766 1177 831 rebus
1195 764 1360 844 absolutis,
1375 762 1477 851 quibus
1551 844 1552 847 Ἴ

335 878 368 936 et
381 868 459 958 ipsae
473 868 567 935 dicte
585 869 755 935 relationes
776 868 957 937 innituntur
963 894 972 951 3
994 869 1049 936 vel
1070 870 1105 934 in
1126 868 1199 935 aliis
1220 870 1315 935 rebus
1337 866 1477 933 absoluta

333 995 406 1061 quae
420 982 654 1061 consequuntur
667 982 699 1040 et
713 983 873 1060 exurgunt
888 975 929 1041 ab
942 972 1008 1040 illis
1022 972 1256 1039 fundamentis:
1275 971 1355 1059 qnia
1372 972 1478 1038 sarliuet

333 1077 465 1165 gignere
479 1077 582 1143 filium
596 1086 628 1141 et
646 1076 800 1164 populum
819 1098 1002 1164 aggregare,
1017 1100 1125 1164 regere
1143 1076 1298 1142 familiam
1317 1084 1353 1142 et
1371 1074 1478 1140 eiriuti

332 1180 508 1267 praesidere,
520 1179 639 1244 similia
652 1190 745 1260 sunt3
760 1180 910 1266 qnoniam
925 1180 1041 1246 affectu
1053 1180 1211 1268 prosequi,
1223 1177 1359 1245 oonsilio
1368 1178 1477 1265 jurare,

332 1281 437 1369 poenis
455 1302 594 1347 coercere
603 1306 612 1362 ;
635 1286 711 1346 curt
729 1302 767 1347 aa
785 1286 881 1370 opert
899 1281 1056 1370 prodesse,
1070 1282 1246 1369 providere,
1262 1280 1381 1361 tutari3
1402 1302 1478 1345 rere·

332 1385 477 1466 rentiam,
490 1386 687 1472 obsequium,
703 1384 930 1471 gratitudinem
946 1386 1009 1452 sibi
1024 1386 1133 1452 debita
1147 1386 1294 1473 exigere3
1309 1383 1478 1451 eommunia

304 1540 307 1547 .
332 1496 407 1554 sunt
420 1488 504 1576 patri
518 1488 735 1576 principique3
757 1486 833 1552 hine
847 1498 937 1575 pater
950 1498 983 1554 et
996 1488 1142 1577 princeps
1157 1488 1300 1555 absolute
1319 1486 1429 1554 multis
1444 1486 1478 1552 de

330 1592 436 1659 causis
449 1603 482 1659 et
494 1592 605 1657 multis
619 1590 801 1657 nominibus
817 1590 866 1676 (ut
879 1590 998 1657 talibus
1013 1590 1117 1658 affecti
1127 1592 1349 1680 qualitatibus,
1362 1599 1477 1679 agentes

330 1695 409 1761 talia
433 1695 485 1762 vel
512 1696 679 1783 patientes)
708 1694 828 1761 similes
858 1695 1022 1763 dieantur:
1051 1694 1137 1761 unde
1164 1716 1220 1782 per
1248 1694 1477 1760 translationem

330 1798 468 1863 nominis
491 1798 569 1887 ipsae
593 1798 770 1879 relationes,
791 1797 965 1886 paternitas
986 1807 1018 1865 et
1038 1798 1243 1887 principatus,
1266 1797 1389 1865 similes
1408 1818 1477 1884 pne·
1550 1803 1553 1846 s

329 1899 491 1981 dicantur3
514 1923 579 1966 non
598 1901 675 1988 quia
694 1900 827 1989 σχέσεις
845 1900 895 1967 hae
915 1901 1024 1967 striatt
1041 1902 1233 1989 proprietate
1250 1900 1427 1967 referum
1442 1898 1476 1964 ad

328 2025 381 2083 se3
399 2001 568 2089 (quomodo
579 2002 665 2068 enim
680 2002 820 2090 intelligi
834 2003 961 2092 poterit,
973 2027 1045 2070 oum
1060 2004 1233 2092 paternitas
1244 2013 1276 2071 et
1290 2004 1475 2091 principatus

328 2105 375 2171 nil
390 2104 454 2170 sint
468 2103 556 2171 aliud
570 2128 667 2193 quam
688 2104 726 2171 τὸ
747 2128 816 2172 esse
838 2106 880 2171 ad
901 2106 973 2187 alia,
992 2107 1140 2172 convenit
1161 2106 1239 2194 ipsis
1261 2105 1396 2173 alterum
1416 2126 1475 2171 esse

328 2208 370 2275 ad
392 2207 499 2288 aliud;
527 2219 564 2274 ut
586 2231 701 2297 nempe
724 2208 857 2290 dicatu,
881 2208 941 2275 hoe
964 2231 1033 2276 esse
1053 2209 1095 2275 ad
1116 2208 1204 2275 aliud
1225 2218 1274 2275 est
1295 2208 1338 2275 ad
1359 2206 1472 2291 alost)

328 2310 395 2380 Sed
408 2312 485 2400 quia
496 2312 703 2379 relationibus
711 2311 782 2379 istis
796 2322 947 2402 perpetuo
961 2313 1198 2401 eonjunguntur
1211 2312 1389 2379 istiusmodi
1402 2334 1475 2399 qus-

325 2416 432 2485 litates
446 2428 501 2485 aut
514 2418 662 2501 nationes,
679 2428 807 2508 propter
827 2441 906 2505 quas
928 2418 991 2506 ipsi
1013 2418 1141 2485 termini
1162 2417 1254 2484 relati
1268 2442 1339 2485 vere
1360 2416 1472 2483 similes

325 2521 511 2591 habeantur.
559 2520 670 2611 Igitur
689 2524 758 2589 haee
785 2518 1004 2588 similitudinis
1030 2520 1142 2587 relatio
1167 2544 1232 2588 non
1257 2532 1325 2587 tam
1350 2520 1471 2587 inhaeet

325 2625 420 2693 dietis
439 2627 654 2708 relationibus,
671 2650 768 2714 quam
787 2625 874 2714 ipsas
893 2624 1069 2706 comitatur,
1090 2624 1232 2713 ipsisque
1251 2635 1380 2714 propter
1397 2624 1469 2689 bant

325 2730 579 2798 aeeomitantiam
594 2729 785 2799 attribuitur.

389 2830 465 2897 Non
486 2833 632 2900 absimile
650 2833 729 2921 quid
747 2830 904 2919 contingit
924 2832 959 2898 in
980 2833 1041 2899 hle
1055 2854 1152 2921 quam
1173 2830 1393 2921 prosequimur
1411 2852 1470 2895 ms·

323 2932 422 2999 terit:
453 2956 525 3021 qna
547 2956 662 3022 nempe
684 2935 812 3022 quantis
836 2930 989 3005 absolutis
1012 2940 1122 3001 revers
1144 2934 1293 3001 convenit
1316 2932 1468 3023 aequalitas

322 3044 380 3101 aut
398 3034 608 3122 inequalitas,
628 3048 684 3103 aut
702 3038 849 3126 specialis
867 3036 1019 3125 quaelibet
1038 3037 1128 3117 ratio,
1143 3037 1283 3125 ipsorum
1305 3034 1467 3104 rationibus

322 3136 520 3205 adsenbitur.
566 3139 673 3220 Quum
687 3162 715 3205 e.
725 3163 756 3227 g.
772 3140 853 3208 ratio
868 3139 1017 3228 sextupla
1030 3140 1147 3206 dicitnr
1160 3140 1260 3228 major
1279 3148 1428 3229 respoetu
1441 3146 1468 3201 et

321 3239 451 3331 quidem
472 3241 579 3331 dupla,
599 3242 731 3310 rationis
752 3244 865 3332 triplae,
887 3242 935 3310 nil
957 3244 1154 3330 significetur
1175 3242 1272 3324 aliud,
1295 3266 1391 3332 qnam
1410 3262 1466 3305 rem

321 3345 556 3413 denominatam
581 3370 712 3413 numero
737 3348 860 3415 senario
888 3348 1040 3433 majorem
1070 3369 1148 3427 esse,
1173 3344 1209 3411 in
1234 3346 1336 3435 dupla
1358 3344 1467 3411 ratium

320 3450 483 3536 majorem,
513 3473 547 3518 re
574 3450 778 3517 denominatt
805 3472 937 3517 numero
966 3449 1120 3531 temari03
1157 3450 1209 3517 vel
1238 3449 1464 3516 anmoedentem

320 3554 416 3621 unius
440 3553 572 3621 rationis
597 3576 721 3641 aequare
747 3552 880 3641 duplum
906 3551 1038 3617 rationis
1065 3551 1195 3617 alterius
1220 3551 1465 3625 antecedentem

319 3667 447 3746 propter
461 3680 556 3745 quem
569 3656 795 3743 inaequalitatis
814 3655 945 3722 modum
965 3678 1029 3721 una
1047 3655 1137 3734 ratio,
1153 3654 1244 3743 quasi
1263 3652 1464 3742 metonymioe

319 3761 443 3828 dicatur
457 3762 548 3828 alteri
562 3760 669 3827 taliter
682 3760 857 3847 inaequalis.

385 3865 479 3946 Quod
502 3865 603 3954 siquis
626 3872 836 3931 attentarem
859 3864 964 3929 animo
987 3862 1133 3952 pensitet,
1158 3884 1328 3949 agnoscere
1350 3859 1463 3950 poterit,

319 3967 381 4034 etsi
394 3968 559 4035 verissime
572 3968 696 4035 dicatur
709 3977 742 4035 et
755 3990 820 4033 non
834 3966 1014 4055 improprie,
1030 3966 1214 4055 sextuplum
1233 3964 1321 4055 tripli
1342 3964 1463 4052 duplum

319 4079 367 4136 est
384 4073 555 4155 (concretas
568 4093 683 4160 nempe
698 4093 789 4137 voces
809 4070 1000 4151 adhibendo,
1015 4070 1155 4158 adeoque
1173 4092 1224 4137 res
1243 4068 1394 4158 quasdam
1413 4064 1463 4129 ab·

319 4172 438 4238 solutas
460 4172 663 4258 involvendo)
687 4184 793 4240 tamen
815 4195 874 4239 nee
894 4194 968 4239 vere
990 4194 1049 4237 nee
1069 4172 1194 4260 proprie
1215 4172 1393 4239 nominibus
1412 4166 1462 4233 ab·

370 4504 395 4552 2.
429 4496 488 4553 ’l'be
498 4496 618 4552 lileness
628 4498 653 4552 is
663 4502 714 4553 not
724 4500 753 4554 in
764 4500 814 4555 the
825 4500 964 4568 relations,
977 4499 1029 4555 but
1041 4500 1069 4554 in
1081 4500 1130 4557 tbs
1142 4518 1348 4575 eonsequsnusa
