3167 5192
106 395 207 444 sacr.
224 377 303 463 rra]
456 397 643 448 nucrroum
664 398 938 451 uarnsnlrron.
1212 383 1274 449 113

103 560 192 626 tales
207 559 325 625 dentur
338 582 428 648 seque
442 584 479 627 ac
498 562 555 627 alii
574 563 667 628 multi
684 586 748 629 non
768 563 939 645 absimiles,
955 586 1035 652 quos
1054 552 1157 629 indies
1177 586 1274 650 expe-

105 664 222 745 rimur,
251 664 324 729 ideo
350 685 421 753 qnae
444 686 485 729 ex
510 665 577 730 illis
602 666 775 754 suppositis
801 677 1037 754 consequuntur
1061 677 1274 754 symptomata

104 778 194 833 recte
210 765 476 861 demonstrantur.
522 765 690 853 Siquidem
711 766 843 834 rationis
865 768 1034 855 imperium
1056 779 1177 835 nabrrae
1199 792 1272 833 can·

105 868 210 935 cellos
230 868 325 954 longe
343 868 590 955 transgreditm:
613 869 757 936 Mundus
778 871 991 957 intelligibilis
1009 872 1147 937 immane
1169 894 1270 958 quan·

103 980 179 1037 turn
201 971 416 1058 experrectior
436 982 468 1037 et
489 971 632 1037 diffusior
653 982 702 1038 est
723 973 842 1039 mundo
865 973 1026 1054 sensibili3
1057 972 1158 1039 multo
1180 974 1272 1061 plura
1377 987 1383 996 '

104 1074 229 1141 mentis
244 1074 338 1153 acies,
354 1095 449 1160 quam
464 1076 601 1163 corporis
616 1098 727 1141 sensns
742 1076 983 1164 contemplatur.

175 1176 375 1263 Hujusmodi
389 1201 523 1266 quaeque
537 1179 669 1246 scientia
684 1180 885 1268 particularis
904 1181 1097 1269 hypotheses
1117 1180 1178 1247 sibi
1197 1203 1270 1270 pro-

106 1282 210 1361 ducit,
226 1304 298 1367 quaa
316 1304 382 1347 non
399 1282 546 1368 indigent
564 1283 629 1347 alia
650 1284 845 1370 probatione,
861 1307 957 1371 quam
979 1296 1015 1349 ut
1036 1284 1221 1371 explicetur,
1238 1294 1270 1351 et

105 1376 262 1471 exemplo
275 1383 382 1471 aliquo
396 1384 448 1450 vel
462 1385 680 1473 experimento
694 1386 827 1466 notorio,
844 1386 993 1451 discentis
1011 1386 1053 1451 ad
1071 1398 1198 1474 ceptum
1217 1410 1270 1453 ac·

106 1488 320 1568 commodato,
333 1500 595 1555 commonstretur
609 1502 641 1555 et
654 1488 761 1577 quoad
775 1490 843 1555 fieri
858 1500 961 1579 potest
975 1489 1106 1557 evidens
1121 1491 1270 1557 reddatur

106 1617 220 1660 carum
234 1593 446 1680 possibilitas;
462 1594 514 1659 cui
528 1595 556 1659 si
570 1594 731 1682 praefracte
745 1594 827 1659 nolit
841 1596 1047 1681 acquiescere,
1057 1595 1104 1659 nil
1118 1606 1269 1681 superest,

106 1720 210 1784 qnam
224 1706 261 1761 nt
275 1696 481 1783 abrumpatur
495 1696 647 1763 doctrina
661 1696 893 1777 commercium,
910 1708 942 1763 et
958 1696 1109 1763 facessere
1121 1698 1270 1784 jubeatur

106 1820 256 1865 morosus
282 1798 352 1877 iste,
378 1820 436 1863 ceu
461 1798 630 1885 propositae
655 1798 796 1864 scientiae
821 1821 934 1885 parum
961 1797 1074 1868 οἰκεῖος
1099 1796 1268 1885 ἀκροατής.

107 1902 152 1969 Ε.
163 1926 196 1989 g.
221 1900 259 1970 Si
274 1901 346 1989 quis
360 1901 479 1967 abnuat
493 1901 679 1980 consentire,
695 1902 781 1988 quod
796 1901 899 1988 figura
912 1901 1058 1989 quaedam
1073 1902 1169 1989 plana
1186 1904 1269 1988 (quae

108 2004 249 2071 circulus
263 2003 398 2087 dicatur)
415 2014 509 2069 rectae
522 2004 615 2069 lineae
632 2004 851 2069 circumductu
865 2005 1020 2091 procreari
1039 2004 1149 2092 possit,
1165 2026 1268 2091 neque

107 2108 260 2174 convinci
273 2107 354 2173 velit
370 2107 482 2201 (obvio
501 2107 612 2173 circini
627 2131 697 2181 usu,
713 2106 766 2173 vel
784 2118 861 2172 rotae
881 2108 964 2173 circa
982 2117 1124 2173 centrum
1144 2106 1268 2173 revolu-

107 2212 207 2293 tione,
231 2211 284 2278 vel
306 2211 523 2298 experimemo
546 2210 717 2294 consimili)
746 2210 811 2278 talc
834 2211 913 2298 quid
937 2210 1058 2291 confici,
1083 2210 1268 2297 concipiqnc

107 2337 213 2403 posse,
234 2312 410 2380 monendus
432 2325 480 2379 est
500 2325 537 2379 ut
558 2312 621 2379 alio
643 2314 783 2381 conferat
805 2336 925 2395 sc,·nec
945 2324 982 2380 ut
1003 2314 1173 2401 quicquam
1195 2336 1268 2381 cum

109 2416 293 2484 Geometris
307 2416 508 2482 commisceat
521 2416 652 2503 negotii.

174 2519 286 2601 Porro,
302 2530 444 2585 constare
458 2542 583 2607 quoque
597 2518 713 2606 poterit
727 2541 769 2583 ex
788 2517 839 2583 his
854 2517 933 2605 quid
951 2516 1002 2596 sit,
1017 2525 1049 2582 et
1066 2516 1193 2602 qualem
1212 2518 1269 2583 ob-

107 2624 212 2691 tineat
237 2623 414 2697 veritatem,
439 2622 475 2687 id
499 2645 601 2709 genus
622 2621 780 2709 principii,
804 2620 889 2707 quod
912 2619 1115 2686 Definitionis
1140 2620 1268 2689 nomine

107 2729 219 2795 renim
234 2726 324 2792 solet
360 2724 486 2813 Nempe
500 2724 585 2810 quod
599 2724 642 2789 sit
656 2723 830 2812 propositio
844 2745 960 2789 nomen
974 2722 1118 2789 indicans
1134 2722 1269 2811 alicujus

107 2831 164 2910 rei,
180 2852 255 2917 quae
277 2827 408 2893 resudat
429 2849 471 2892 ex
493 2827 601 2914 aliqua
622 2825 838 2913 suppositione
860 2826 1015 2913 possibili.
1061 2824 1109 2892 Ut
1129 2827 1268 2915 exempli

108 2934 216 3021 gratia
233 2935 318 3017 (nam
335 2929 421 2996 dicta
433 2929 543 2995 studeo
558 2952 654 3015 quam
668 2928 828 2993 facillimis
842 2938 874 2995 et
891 2929 1039 3017 precipue
1058 2930 1267 2997 familiaribus

108 3034 269 3123 exemplis
290 3033 460 3117 illustrare)
483 3032 511 3098 si
531 3055 648 3119 ponam
668 3041 733 3098 tres
751 3032 785 3096 in
806 3032 913 3118 aliquo
932 3032 1028 3120 plano
1048 3044 1148 3100 rectas
1167 3034 1267 3100 lineas

109 3141 154 3205 ita
172 3160 368 3217 concurrere,
386 3147 422 3201 ut
442 3134 581 3223 spatium
601 3132 731 3220 aliquod
746 3133 922 3215 includant,
938 3158 995 3201 seu
1013 3136 1147 3223 figuram
1167 3160 1268 3224 quan-
1326 3142 1330 3149 '

110 3244 181 3309 darn
198 3242 404 3319 constituant,
419 3238 578 3304 inclusum
595 3238 744 3325 spatium,
761 3261 818 3303 seu
834 3238 968 3325 figuram
986 3241 1190 3307 constitutam
1210 3266 1268 3331 ap-

110 3348 194 3433 pello
210 3343 425 3430 triumuirum
448 3342 552 3427 sitque
566 3339 717 3426 trianguli
734 3339 807 3405 talis
822 3340 975 3422 definitio,
992 3342 1203 3429 Triangulum
1217 3354 1268 3411 est

111 3450 233 3537 Figura
247 3448 345 3535 plana
358 3444 582 3531 comprehensa
596 3443 699 3508 tribus
713 3445 806 3509 rectis
822 3444 915 3509 lineis
932 3445 1195 3510 concurrentibus.
1229 3445 1267 3513 Si

112 3576 236 3640 ponam,
252 3548 484 3617 semicirculum
499 3545 582 3612 circa
598 3569 689 3611 suam
707 3547 819 3627 basim,
834 3546 886 3613 vel
902 3546 1089 3611 diametrum
1103 3547 1267 3633 quiescen-

115 3668 175 3722 tem
189 3654 313 3723 revolri
327 3653 427 3719 donec
441 3653 475 3717 in
489 3651 590 3725 illum,
605 3672 700 3737 quem
714 3651 756 3717 ab
769 3651 863 3716 initio
878 3648 991 3714 habuit
1006 3649 1101 3713 situm
1121 3650 1267 3716 restitua-

115 3768 173 3840 tur,
187 3782 287 3847 eoque
301 3767 406 3823 rotatu
419 3754 606 3844 productum
620 3776 733 3841 corpus
747 3753 905 3842 appellem
919 3752 1073 3841 pharam
1082 3778 1099 3834 ,·
1120 3752 1180 3817 erit
1186 3753 1267 3827 ‚inde

118 3860 254 3949 Sphaerae
265 3860 418 3940 definitio,
431 3858 554 3946 Corpus
568 3857 712 3944 genitum
727 3880 769 3922 ex
784 3855 971 3923 semicirculi
983 3856 1065 3921 circa
1080 3856 1267 3923 diametrum

117 3971 177 4029 unt
196 3964 355 4053 completa
374 3961 580 4028 revolutione.
625 3958 663 4027 si
684 3958 821 4046 denique
844 3970 979 4024 statuam
1007 3958 1090 4025 inter
1113 3958 1212 4025 solem
1235 3972 1267 4027 et

118 4065 221 4133 lunam
237 4067 385 4135 collocari
401 4076 526 4138 terram,
544 4085 587 4129 ex
603 4085 666 4150 quc
686 4064 794 4151 positu
814 4063 872 4128 lux
892 4062 968 4128 solis
989 4063 1215 4151 intercipietur,
1235 4076 1267 4132 et

120 4172 244 4238 resultet
272 4170 452 4237 obscuratio
480 4168 575 4248 luna,
605 4190 702 4254 quam
731 4167 871 4255 eclipsim
899 4190 997 4248 voco;
1028 4169 1104 4235 hinc
1133 4171 1267 4258 emergit

171 4402 222 4459 lfa
231 4404 309 4475 pnpil
321 4402 376 4458 will
387 4408 437 4458 not
448 4402 526 4458 allow
538 4402 601 4459 that
611 4400 660 4457 the
676 4402 759 4457 circle
774 4418 837 4471 may
848 4400 884 4457 bc
901 4400 1003 4471 drawn,
1015 4402 1051 4459 he
1067 4407 1167 4460 cannot
1182 4404 1274 4461 leam:

171 4489 275 4547 Nature
286 4490 317 4544 of
326 4488 498 4544 Definitions.

204 4592 281 4642 au.
812 4536 818 4549 ,
1139 4578 1179 4641 15
1227 4602 1234 4615 ·
