3167 5192
91 381 181 434 incr.
197 367 254 454 11.]
456 385 642 439 saumones
663 387 805 440 omrem.
1112 375 1161 442 33

89 547 261 617 blanditur.
309 548 402 618 Nam
423 551 581 641 imprimis
602 551 648 620 rei
669 561 791 620 naturae
813 553 921 622 minus
947 567 1157 626 consentanea

88 653 222 723 ridetur.
268 654 386 736 Quum
407 656 493 723 enim
515 656 597 724 aeris
617 679 732 746 corpus
753 680 795 724 ex
817 657 934 759 ethere
950 683 1030 748 puro
1053 663 1157 730 maxi·

87 777 169 822 mam
185 767 330 846 partem,
347 781 367 826 e
387 759 583 848 corpusculis
600 760 743 842 terrenis,
762 771 796 828 et
814 785 856 828 ex
872 761 1027 830 helitibus
1047 767 1157 854 aqueis

87 867 229 926 constare
243 868 357 927 totum
372 860 536 941 videatur,
551 883 594 926 ex
607 861 660 928 his
670 863 815 950 partibus
830 864 938 946 aether,
954 865 1075 953 opinor,
1091 891 1156 934 non

85 961 189 1030 minus
205 975 364 1053 prompte
377 988 474 1054 quam
487 965 607 1032 vitrum
621 965 726 1033 radios
743 967 950 1050 transmittit;
973 992 1056 1058 equa
1069 993 1155 1054 vero,

84 1064 195 1132 saltem
214 1069 273 1153 (ex
293 1068 438 1150 illorum,
454 1070 644 1158 quibuscum
659 1069 869 1158 disputamus,
885 1072 1065 1157 sententis)
1084 1083 1156 1140 tsn-

53 1195 58 1205 ·
84 1167 153 1234 tillo
178 1170 371 1253 difficilius;
398 1171 539 1262 adeoque
565 1174 750 1262 neutiquam
772 1174 886 1242 harum
908 1174 1050 1242 alterutri
1069 1177 1156 1244 dicta

83 1271 221 1342 reflectio
245 1274 326 1362 jure
348 1275 476 1343 videtur
497 1277 718 1359 attribuenda3
745 1287 907 1344 terrestres
929 1289 1035 1346 eutem
1057 1279 1157 1368 parti-

84 1374 162 1442 culae
186 1378 278 1466 (quae
293 1401 365 1466 prae
378 1379 511 1467 reliquis
525 1380 622 1446 etiam
641 1381 805 1468 pauciores
823 1378 982 1464 videntur,
1003 1391 1035 1449 et
1054 1383 1155 1450 rarius

83 1475 300 1568 interspersis,
329 1481 505 1569 presertim
528 1482 563 1548 in
586 1506 657 1550 aere
680 1482 759 1551 sudo
781 1484 978 1572 summisque
996 1486 1154 1552 montium
1274 1533 1277 1538 -

83 1580 287 1648 excelsorum
307 1582 412 1670 jugis)
437 1592 512 1648 sunt
533 1605 649 1670 opace,
674 1606 733 1649 nec
759 1583 864 1650 lucem
893 1586 1077 1667 admittunt,
1104 1595 1155 1653 ast

83 1703 152 1748 eam
165 1683 203 1750 in
219 1685 441 1773 omnicunque
455 1686 573 1774 puriter
586 1685 761 1755 incidentis
769 1686 918 1774 rejiciunt
925 1711 935 1769 ς
951 1688 1029 1754 adeo
1044 1698 1082 1754 ut
1095 1711 1154 1756 nec

83 1783 123 1850 ed
150 1785 213 1853 has
245 1811 350 1876 quam
374 1788 563 1877 respicimus
587 1788 670 1856 lucis
694 1789 836 1858 inflectio
864 1790 990 1880 proprie
1014 1801 1153 1880 spectet3

83 1908 157 1974 ergo
178 1890 272 1957 nihil
296 1892 427 1959 subesse
446 1892 575 1960 videtur
595 1916 709 1978 causae,
732 1917 789 1962 cur
810 1917 864 1962 ser
887 1896 964 1984 (prae
984 1894 1081 1981 vitro)
1103 1895 1154 1960 in·

83 1994 214 2076 gruenti
244 1993 316 2062 luci
344 1994 506 2083 potentius
532 1995 677 2064 obsistat.
720 1994 837 2077 Addo;
861 1995 986 2063 situlis
1011 1995 1076 2064 aeri
1101 1995 1153 2063 vis

83 2095 243 2166 reflexiva
258 2108 430 2188 competat,
448 2107 481 2168 et
493 2121 572 2166 vera
584 2099 637 2181 sit,
655 2121 753 2188 quam
773 2098 809 2166 hi
829 2099 1019 2188 Philosophi
1032 2121 1153 2168 memo-

83 2208 152 2268 rato
178 2201 402 2270 Phaenomeno
424 2223 552 2268 causam
577 2200 759 2288 adsignant,
783 2201 936 2289 consequi
957 2201 1093 2282 videtur,
1115 2209 1153 2270 ut

82 2302 175 2370 nulla
201 2327 308 2394 prope
333 2303 544 2370 Horiaontem
570 2302 673 2371 Stella
697 2303 839 2390 conspici
867 2303 970 2391 possit
1002 2303 1153 2388 (admisso

83 2405 203 2474 saltem
218 2408 293 2490 hoc,
313 2429 380 2473 non
393 2404 607 2472 inverecundo
625 2427 704 2486 reor,
724 2414 762 2469 ut
780 2404 940 2492 plerisque
957 2405 1061 2470 visum
1082 2406 1152 2488 erit,

82 2509 271 2593 postulato;
301 2508 387 2596 quod
408 2529 507 2595 purus
528 2505 657 2586 AEther,
682 2505 827 2572 naturale
852 2504 934 2571 lucis
955 2503 1150 2588 vehiculum,

82 2632 185 2680 aerese
205 2609 335 2697 regioni
355 2609 553 2697 suprajectns
569 2607 657 2674 haud
675 2607 784 2674 minus
803 2607 897 2674 facile
916 2629 1013 2695 quam
1031 2607 1151 2674 vitrum

82 2724 138 2782 aut
153 2734 247 2800 aqua
260 2711 365 2780 radios
379 2711 591 2798 intromittet.)
639 2710 691 2780 Sit
702 2710 787 2777 enim
809 2710 939 2778 Oterrae
954 2720 1106 2794 centrum,
1124 2712 1152 2776 0

83 2815 212 2898 oculus,
226 2816 257 2884 Β
266 2814 395 2883 visibile
408 2825 563 2905 punctum
577 2814 799 2903 longinquum,
811 2837 870 2882 ceu
884 2813 987 2895 stella,
1004 2813 1101 2880 situm
1115 2814 1150 2882 in

85 2917 271 2989 Horizonte
279 2944 289 3002 ;
312 2941 369 3008 per
382 2927 502 3007 puncta
515 2939 591 2986 vero
612 2917 647 2999 0,
669 2918 706 2998 0,
721 2917 756 2999 S,
773 2916 940 3004 trejectum
956 2915 1150 3005 concipietur
1163 2924 1221 2992 lug.
1237 2941 1275 2989 ¹4.

86 3023 225 3110 planum
249 3022 369 3092 faciens
393 3023 429 3090 in
453 3031 546 3089 terroe
566 3020 733 3110 'superficie
757 3019 912 3088 circulum
940 3020 1014 3101 OP3
1040 3020 1076 3088 in
1100 3030 1150 3090 at·

86 3128 287 3218 mosphaeroe,
308 3127 363 3195 rel
382 3127 464 3192 aeris
483 3124 675 3208 circumfusi,
697 3125 820 3192 extimt
837 3123 1002 3213 superficie
1016 3123 1151 3192 circum·

86 3228 258 3300 seientiam
278 3231 394 3311 ZNM3
419 3231 527 3320 itaque
549 3252 621 3296 cum
643 3229 751 3296 radius
773 3228 919 3317 quilibet,
942 3237 978 3295 ut
1003 3228 1073 3311 sn,
1096 3230 1149 3298 vel

92 3333 156 3401 HN
167 3334 402 3424 (Horizontalis
419 3344 507 3423 puta,
527 3333 581 3400 vol
595 3355 633 3398 eo
647 3332 800 3421 superior)
818 3331 853 3397 in
868 3331 1066 3419 superficiem
1085 3335 1156 3398 ΜΖ

89 3438 207 3507 cadens
221 3439 252 3506 ei
266 3437 387 3506 incidet
402 3459 554 3526 perquam
568 3435 698 3523 obhque
715 3434 790 3520 (nisi
805 3431 918 3500 saltem
930 3433 1149 3520 atmosphaerse

91 3537 336 3611 Semidiameter
367 3541 428 3609 ΟΖ
442 3563 508 3629 pras
527 3538 651 3606 telluris
674 3535 918 3606 Semidiametro
946 3535 1006 3602 00
1027 3535 1150 3602 dicatur

88 3644 269 3726 enormiter,
281 3653 313 3712 et
327 3641 554 3710 incredibiliter
568 3641 697 3727 magna)
715 3661 787 3704 cum
802 3646 834 3704 et
849 3660 902 3704 ser
916 3636 1041 3717 idcirco,
1052 3661 1066 3725 J
1071 3645 1149 3706 uxta

89 3747 281 3815 sententium
296 3769 393 3835 quam
408 3743 629 3833 expendimus,
639 3742 745 3810 lucem
760 3741 926 3808 admittere
940 3764 1004 3807 non
1020 3740 1148 3822 debeat;

89 3847 221 3916 omnino
239 3848 317 3916 dicti
336 3848 417 3915 redii
439 3848 510 3928 SM,
535 3846 603 3926 ΒΝ,
626 3854 659 3912 et
680 3844 862 3914 consimiles
884 3843 1093 3924 reflectentur,
1116 3854 1148 3912 et

90 3962 181 4019 extre
196 3951 440 4040 atmosphaeram
454 3948 565 4038 procul
578 3949 733 4016 abeuntes
743 3947 871 4015 oculum
882 3969 946 4014 non
957 3946 1147 4034 pertingent.

91 4051 243 4134 Quinimo
265 4053 342 4121 sctis
364 4062 508 4121 constare
528 4051 656 4118 videtur
677 4050 805 4132 exhinc,
828 4049 914 4138 quod
935 4049 1015 4116 radii
1038 4048 1147 4136 quales

93 4158 157 4226 ΒΝ
174 4168 212 4224 ut
237 4159 342 4226 visum
368 4157 490 4224 afficere
516 4164 643 4245 queant,
668 4165 724 4222 aut
750 4154 906 4235 accedere,
938 4174 1047 4219 versus
1076 4175 1147 4239 per-

89 4261 325 4347 pendicularem
353 4262 393 4326 N
393 4260 423 4328 0
447 4259 579 4346 refringi
612 4259 747 4339 debent;
781 4257 817 4323 id
846 4257 932 4345 quod
960 4256 1147 4323 adversaries

91 4362 274 4455 Hypothesi
298 4365 415 4453 pariter
439 4364 634 4432 adversatur.
677 4359 798 4428 Verum
823 4360 892 4427 hseo
914 4361 1026 4444 obiter,
1049 4384 1086 4427 sc
1112 4360 1147 4427 in

90 4475 272 4536 transcursu
286 4467 372 4535 dicta
386 4476 489 4535 sunto.

175 4589 207 4638 n.
219 4589 259 4640 u.
291 4581 327 4626 ¹¹·
991 4617 1001 4636 .
1037 4567 1059 4632 5
