3167 5192
332 347 396 413 244
679 364 867 415 numiouus
889 362 1159 414 murmurem
1303 346 1409 432 [sacr.
1425 366 1483 413 xv.

332 534 415 601 datae
429 535 592 621 tangentis
610 556 645 600 se
665 534 762 601 habet
779 532 822 599 ad
844 531 978 621 duplum
994 530 1185 621 quadratum
1204 530 1298 613 radii,
1313 532 1396 599 sicut
1417 531 1488 598 data

332 648 468 725 tangens
495 638 536 704 ad
562 646 747 725 tangentem
770 636 949 725 quesitam.
993 635 1067 715 Quo
1084 635 1279 703 theoremate
1297 637 1489 724 prestantis·

332 740 433 810 simus
447 741 490 808 D.
506 739 626 808 Pellius
641 740 897 828 Lougomontani
911 739 1176 826 tetragonismum
1189 737 1350 805 refutavit.

398 845 482 912 Item
501 845 530 912 si
551 844 643 911 detur
665 844 699 909 in
722 842 863 909 numeris
884 844 1037 910 subteusa
1056 842 1198 930 cujusvis
1216 865 1318 923 arcus,
1332 854 1366 909 et
1384 841 1489 908 radius

333 947 443 1016 circuli
457 958 592 1035 ponatur
606 946 723 1028 unitas,
740 957 772 1013 et
787 956 947 1034 queratur
964 956 1085 1033 quanta
1102 946 1145 1010 sit
1164 945 1261 1033 hujus
1277 968 1369 1011 arcus
1389 944 1489 1031 tripli·

334 1054 397 1120 cati
412 1053 572 1132 subteneo,
588 1049 798 1138 quantitatem
821 1050 915 1115 istam
937 1049 1122 1136 hujusmodi
1143 1050 1316 1117 declarabit
1336 1050 1486 1136 aequatio:

335 1154 478 1237 Quasita
503 1152 654 1219 subtensa
678 1151 767 1240 tripli
792 1174 884 1219 arcos
909 1152 1088 1239 aequabitur
1110 1151 1216 1239 triplae
1240 1153 1402 1219 subtensae
1427 1152 1488 1218 dati

335 1280 426 1326 arcus
437 1254 586 1342 subtripli
596 1254 703 1322 minus
713 1254 783 1342 ejus
794 1255 894 1336 cub03
914 1253 1123 1341 (q=3r-s⁸;
1138 1254 1192 1320 vel
1205 1254 1489 1342 pintan-ll?

333 1360 428 1441 Quod
442 1360 603 1426 theorema
617 1357 789 1424 conducere
804 1369 912 1445 posset
924 1357 1028 1425 eidem
1042 1358 1213 1446 proposito.

402 1463 468 1533 Sed
488 1462 540 1531 his
561 1462 693 1529 ulterius
713 1460 912 1549 explicandis
932 1461 1093 1527 immorari
1111 1484 1176 1528 uon
1194 1461 1279 1528 lieet
1322 1461 1489 1551 Indulgere

334 1576 442 1635 tamen
466 1586 520 1631 oro
543 1563 705 1653 patientiae
728 1574 842 1629 vestrae
864 1561 1055 1651 pauxillum,
1078 1563 1209 1629 alteram
1231 1586 1389 1631 mensurae
1411 1588 1488 1655 prre

334 1672 460 1759 cipuam
475 1668 635 1734 notionem
649 1665 752 1732 levius
772 1665 961 1739 attrectanti,
976 1665 1111 1731 subhac
1126 1678 1232 1732 tamen
1245 1666 1437 1748 conditione,
1451 1691 1488 1733 ue

335 1774 426 1841 vobis
440 1794 497 1859 per
511 1770 633 1856 aliquot
646 1767 762 1834 abhinc
777 1768 970 1854 septimanas
983 1768 1099 1835 iterum
1119 1768 1246 1835 fastidio
1260 1770 1340 1851 sim3
1363 1772 1487 1859 quodsi

335 1875 424 1941 visus
438 1895 490 1939 ero
500 1872 589 1959 justo
604 1870 760 1957 solitoque
773 1868 938 1958 prolixior,
953 1870 1121 1959 perspicite
1136 1871 1188 1937 vel
1202 1871 1279 1937 hinc
1297 1895 1394 1960 quam
1409 1897 1487 1961 tegre

336 1977 469 2045 divellar
483 2000 502 2042 a
517 1984 686 2063 conspeetu
700 1975 919 2063 consortioque
929 1986 1045 2056 vestro,
1056 1998 1214 2065 quamque
1227 1977 1321 2044 vobis
1334 1978 1488 2046 illibenter

335 2080 521 2148 valedicam.

401 2184 514 2252 Altera
534 2184 718 2274 principalis
739 2208 896 2252 mensure
915 2184 1065 2274 aoceptio,
1080 2185 1179 2271 juxta
1195 2208 1292 2273 quam
1315 2210 1436 2277 semper
1453 2188 1484 2253 in

336 2288 501 2357 elementis
516 2287 662 2376 designat
676 2287 720 2367 id,
736 2287 823 2376 quod
836 2286 1005 2376 aliquoties
1018 2300 1181 2377 acceptum
1201 2298 1314 2356 exacte
1334 2292 1485 2381 componit

335 2403 368 2460 et
382 2392 556 2474 constituit,
567 2392 621 2458 vel
632 2390 839 2479 aliquousque
853 2392 994 2459 ablatum
1008 2392 1145 2479 perimit,
1157 2402 1190 2460 st
1204 2393 1332 2482 penitus
1345 2396 1483 2462 exhaurit
1545 2453 1546 2464 ,

335 2520 401 2565 rem
417 2495 646 2584 homogeueam
659 2504 883 2575 mensuratam,
895 2495 972 2560 satis
983 2495 1117 2561 antehac
1130 2494 1201 2583 ipsa
1213 2519 1270 2585 per
1284 2520 1320 2563 se
1333 2497 1482 2563 luculente
1545 2519 1546 2542 ¹

335 2598 492 2687 descripta
517 2598 624 2665 estin
650 2596 802 2664 Lectione
822 2595 1026 2685 praecedente.
1071 2595 1185 2677 Quoad
1210 2597 1294 2665 hauc
1314 2612 1416 2667 autem
1436 2600 1480 2664 iu·

335 2701 462 2769 tellecta
481 2698 737 2768 mensurabiliter
756 2697 868 2765 itidem
887 2698 1015 2786 quantis
1033 2699 1182 2765 omnibus
1201 2703 1368 2784 eonvenit;
1392 2702 1482 2789 siqui·

335 2802 409 2869 dem
435 2826 528 2868 omne
554 2812 709 2890 quantum
738 2800 937 2888 (magnitudo
962 2800 1091 2888 quidem
1119 2802 1257 2890 πρώτως
1286 2804 1343 2871 καὶ
1365 2804 1478 2881 ὁπλαῖς,

335 2903 458 2991 reliqua
478 2926 553 2971 vero
575 2915 693 2991 quauta
716 2902 877 2987 ἑπομένως
897 2903 954 2970 καὶ
974 2903 1061 2971 rard
1076 2906 1207 2994 σχέσιν)
1224 2930 1283 2974 suo
1297 2908 1389 2974 modo
1401 2929 1480 2972 men-

335 3004 474 3071 surabile
489 3016 537 3071 est
552 3006 725 3071 secundum
743 3008 827 3073 hanc
843 3006 1016 3089 notionem,
1031 3007 1092 3074 hoc
1110 3020 1168 3090 est,
1186 3009 1347 3077 divisibile
1364 3009 1478 3099 quotvis

335 3108 370 3174 iu
384 3118 488 3197 partes
503 3129 561 3174 seu
574 3107 692 3195 gradus
707 3108 864 3194 aequales3
888 3109 941 3176 vel
962 3110 1075 3197 quovis
1096 3133 1228 3179 numero
1249 3111 1478 3185 denominabile,

334 3208 597 3298 repraesentabile,
624 3208 816 3297 explicabile
842 3222 908 3293 est3
945 3223 1039 3300 prout
1062 3236 1083 3278 a
1108 3213 1360 3302 Trigonometris
1381 3216 1477 3283 radius

334 3311 445 3379 circuli
459 3310 665 3400 quantumvis
679 3312 790 3399 exigui
805 3312 927 3380 divisus
942 3315 1131 3403 supponitur
1147 3318 1183 3383 in
1200 3320 1321 3387 centies
1334 3319 1474 3395 millenas,
1543 3343 1544 3366 ¹

334 3416 388 3483 vel
410 3414 527 3481 millies
551 3413 709 3496 millenas,
730 3425 786 3482 aut
810 3414 927 3482 utlibet
948 3415 1055 3505 plures
1077 3419 1249 3506 particulas
1272 3422 1423 3510 aqualem
1448 3432 1476 3485 et

334 3528 460 3607 tempus
481 3518 618 3606 quodvis
640 3528 802 3605 utcunque
823 3518 1060 3587 breviusculum
1077 3520 1113 3586 in
1133 3522 1258 3588 minuta
1278 3524 1402 3613 quotvis
1420 3521 1476 3589 dis

333 3621 486 3708 pertiatur
511 3644 569 3709 pro
598 3621 811 3711 computantis
839 3622 989 3705 arbitri03
1018 3634 1051 3691 et
1078 3624 1256 3692 velocitatis
1282 3627 1475 3716 ponderisque

335 3723 476 3811 cujusvis
491 3734 539 3790 tot
552 3724 670 3812 gradus
684 3746 861 3814 supponere
874 3725 951 3791 licet
964 3737 1042 3813 quot
1056 3726 1191 3818 quisque
1205 3728 1294 3796 velit.
1331 3728 1365 3796 N
1365 3748 1474 3796 umerus

791 3880 800 3911 ¹
820 3894 945 3930 aarum.

814 3975 935 4023 q=arcua
946 3962 1042 4026 triplus¹

386 4206 485 4277 Λεὼ,
496 4208 578 4278 given
594 4208 725 4266 subteneo
733 4212 765 4267 of
775 4226 824 4266 arc
836 4212 885 4281 (a),
896 4215 927 4268 to
938 4208 1332 4281 tlndsubteussoftsiplaarc
1343 4204 1474 4279 (predict

331 4282 585 4435 bani-liliosae
592 4292 718 4453 'implica
740 4382 1018 4453 oommausurablhty,
1038 4383 1117 4439 when
1139 4386 1197 4439 tvo
1216 4380 1367 4452 quautitisa
1384 4380 1476 4435 haser

330 4470 455 4517 mmm
472 4478 605 4520 mure·
