3167 5192
319 407 382 472 106
652 419 839 470 uecrronns
861 418 1134 469 narnensrrcn.
1290 400 1397 487 [antu.
1414 418 1467 465 vn.

318 593 530 681 discentisque
556 592 648 679 quasi
672 602 765 681 pacto
790 590 928 679 quodam
956 600 987 657 et
1013 611 1168 655 consensu
1197 586 1320 671 mutuo)
1352 584 1469 651 initium

320 695 457 761 desumit
478 695 718 781 argumentatiO,
739 693 813 759 inde
833 692 1036 781 progrediens
1055 691 1096 757 ad
1117 690 1197 756 alias
1218 690 1402 756 remotiores
1422 711 1469 754 no·

319 799 416 865 titius.
461 800 494 865 A
508 798 696 887 philosopho
711 798 842 886 proinde
858 796 1051 861 definiuntur
1069 794 1186 878 ἄμεσοι
1205 792 1392 881 προτάσεις,
1408 816 1470 881 pro-

320 901 491 987 positiones
513 900 713 981 immediatae,
737 901 814 987 quia
834 898 922 965 nullo
943 899 1049 965 medio
1069 898 1124 965 vel
1145 908 1331 984 argumento
1353 896 1471 962 aliunde

321 1003 441 1070 adscito
462 1002 654 1083 fulciuntur;
679 1024 734 1067 seu
755 1002 842 1089 quod
862 1000 1052 1081 immediate,
1076 1001 1193 1081 statim,
1212 1000 1300 1066 nullo
1321 999 1472 1066 mediante
1558 1015 1559 1028 ¹

321 1106 475 1187 discursu,
499 1106 677 1194 impertitur
699 1105 763 1170 illis
787 1127 944 1173 assensus.
990 1105 1084 1185 Quod
1107 1105 1240 1171 nonita
1262 1103 1472 1191 accipiendum

322 1220 380 1291 est,
396 1211 487 1297 quasi
501 1210 727 1299 principiorum
742 1210 885 1297 exigeret
899 1209 989 1290 ratio,
1006 1219 1042 1275 ut
1060 1209 1131 1297 ipsa
1150 1208 1337 1296 simpliciter
1357 1206 1473 1274 ἀναπό-

323 1312 432 1378 δεικτα
446 1314 519 1393 sint,
534 1312 726 1399 omninoque
740 1320 899 1399 nequeant
917 1311 1134 1391 demonstrari,
1149 1311 1202 1376 vel
1221 1321 1384 1398 utcunque
1398 1334 1474 1377 com·

322 1415 467 1503 probari3
498 1416 544 1481 sic
569 1415 653 1481 enim
679 1416 870 1503 paucissima
895 1415 948 1481 vel
975 1412 1063 1481 nulla
1088 1414 1257 1502 cujuslibet
1282 1414 1474 1502 particularis
1559 1483 1560 1494 ,

323 1519 461 1585 scientim
476 1519 690 1607 pronunciata,
706 1529 835 1606 possent
849 1518 959 1583 haberi
973 1517 1026 1583 vel
1041 1516 1191 1605 appellari
1206 1517 1372 1605 principia
1396 1516 1474 1583 Nam

322 1621 417 1689 valde
431 1622 551 1697 dubito,
567 1620 620 1688 vel
639 1646 676 1688 eo
693 1622 799 1710 potius
818 1621 996 1709 propendeo
1014 1632 1050 1686 ut
1070 1620 1258 1700 existimem,
1274 1632 1391 1708 praeter
1411 1620 1475 1685 uni-

322 1751 395 1793 cum
417 1724 498 1793 illud
519 1728 624 1793 omnis
645 1726 801 1794 ratiocinii
824 1726 1074 1807 fundamentum,
1097 1726 1347 1793 contradicente
1363 1752 1475 1815 propo
1560 1759 1561 1820 j

322 1834 448 1897 aittbnea
467 1844 620 1918 mqaeuat
638 1854 701 1897 ecce
718 1830 816 1897 mmai
836 1854 925 1911 aare,
947 1830 996 1895 cel
1015 1829 1112 1895 amal
1122 1829 1229 1916 false,
1248 1830 1335 1918 quod
1355 1831 1474 1896 nullum
1560 1831 1561 1844 ¹

322 1932 412 1999 aliud
424 1933 553 1998 omnino
568 1933 661 1998 datm
676 1932 860 2020 simpliciter
877 1932 1155 1998 indemonstrabiles
1175 1932 1318 2013 axioma3
1342 1934 1475 2018 (axioma

322 2035 411 2117 dico;
438 2057 513 2099 nam
536 2034 576 2100 de
598 2034 836 2102 definitionibus
858 2046 890 2101 et
912 2036 1142 2123 hypothesibus
1164 2036 1227 2101 aha
1247 2036 1475 2123 quodammodo

322 2162 371 2205 res
393 2148 451 2219 eat,
474 2148 511 2204 ut
531 2161 609 2203 mox
631 2138 827 2219 videbimus3
859 2162 930 2227 quae
952 2149 1059 2205 tamen
1081 2163 1138 2206 suo
1158 2140 1254 2206 modo
1275 2142 1403 2229 probari
1428 2140 1476 2207 rel

321 2240 474 2307 illustrari
495 2250 628 2329 possunt
640 2242 661 2327 3)
694 2240 807 2306 saltem
833 2240 1069 2328 particularium
1095 2241 1295 2308 scientiarum
1324 2242 1476 2332 principia

322 2344 441 2411 nedum
454 2353 596 2433 possunt,
613 2355 646 2410 at
664 2345 760 2410 etiam
779 2344 905 2426 debent,
922 2345 950 2411 si
968 2356 1078 2433 poscat
1092 2345 1276 2433 discipulus,
1292 2370 1312 2412 a
1327 2348 1475 2434 magistro

321 2448 540 2516 demonstrari.
584 2448 726 2514 Tenetur
739 2448 835 2529 enim,
852 2471 909 2513 sua
922 2450 1032 2513 munia
1047 2450 1074 2515 si
1094 2450 1192 2536 probe
1212 2451 1328 2538 exequi
1345 2452 1431 2532 velit,
1445 2464 1475 2517 et

321 2575 438 2621 nomen
458 2576 551 2621 suum
570 2552 711 2641 implere,
728 2552 867 2619 scientiae
883 2552 1145 2619 Prasmonstrator
1162 2576 1288 2620 omnem
1304 2577 1324 2619 a
1338 2555 1474 2621 studioso

321 2658 539 2724 rationabilem
557 2657 613 2743 (ita
632 2680 705 2723 cum
724 2657 867 2723 barbaris
887 2656 973 2743 loqui
990 2656 1095 2741 liceat)
1116 2657 1299 2745 scmpulum
1320 2658 1473 2739 eximere;

322 2784 397 2847 ergo
412 2784 469 2826 sua
483 2784 555 2848 quae
570 2760 709 2825 adsumit
730 2760 894 2848 principia,
911 2760 938 2825 si
961 2762 1094 2827 obscura
1116 2770 1190 2853 sunt
1211 2762 1368 2849 exemplis
1390 2762 1475 2827 illus-

321 2873 413 2941 trare,
429 2860 457 2925 si
471 2860 568 2925 dubia
582 2861 765 2928 confirmare
780 2861 874 2927 debet
897 2864 944 2948 (ut
962 2886 1011 2928 res
1030 2863 1117 2943 feret,
1139 2873 1171 2929 et
1190 2864 1331 2951 subjecta
1348 2866 1475 2931 materia

321 2962 471 3050 patietur)
496 2986 538 3029 ex
558 2962 630 3028 aliis
648 2965 834 3046 notioribus
855 2976 887 3031 et
910 2966 1012 3053 magis
1036 2966 1222 3034 indubitatis
1245 2969 1417 3057 principiis,
1436 2968 1474 3035 ad
1563 2984 1564 2991 ’

321 3066 392 3154 ipsa
405 3088 505 3153 usque
524 3067 665 3132 omnium
683 3069 786 3156 prima
805 3069 970 3158 principia,
991 3070 1018 3135 si
1035 3094 1114 3160 opus
1129 3070 1180 3152 sit,
1197 3071 1292 3160 idque
1307 3082 1395 3161 petet
1410 3082 1476 3139 stu·

321 3170 440 3251 diosus,
456 3170 631 3237 discursum
646 3172 870 3260 promovendo.

387 3272 451 3339 Ex.
467 3296 515 3360 gr.
554 3272 663 3362 Siquis
678 3276 717 3342 de
731 3300 768 3343 eo
783 3275 969 3343 subdubitat
984 3276 1098 3365 Optico
1115 3278 1281 3367 principio,
1297 3278 1382 3366 quod
1399 3279 1476 3345 visi-

322 3378 396 3445 bilis
416 3379 525 3467 puncti
548 3380 669 3467 species
690 3384 776 3446 recta
798 3378 934 3446 defertur
955 3392 1011 3446 aut
1031 3381 1134 3447 radiat
1155 3383 1189 3447 in
1211 3405 1304 3449 omne
1325 3394 1475 3472 punctum

320 3482 418 3548 medii
440 3482 642 3571 circumjecti,
664 3483 700 3549 id
721 3506 762 3549 ex
784 3506 821 3549 eo
844 3484 1095 3551 confirmandum
1115 3497 1171 3567 est,
1193 3486 1279 3573 quod
1298 3486 1477 3575 experimur

321 3586 479 3673 objectum
499 3597 651 3673 punctum
673 3586 716 3652 ab
737 3585 827 3651 oculo
849 3586 1030 3674 ubicunque
1053 3586 1114 3653 sito
1136 3588 1273 3676 conspici
1294 3610 1395 3675 posse,
1414 3589 1475 3653 nisi

321 3689 437 3755 alicubi
451 3689 486 3753 in
500 3696 585 3755 recta
599 3714 618 3755 a
632 3698 750 3778 puncto
764 3688 884 3755 visibili
904 3690 945 3755 sd
965 3689 1090 3757 oculum
1110 3690 1194 3757 linet
1213 3714 1326 3779 corpus
1346 3714 1476 3781 opacum

322 3793 546 3881 interponatur.

387 3895 433 3961 Et
446 3896 573 3984 quidem
588 3896 737 3985 pleraque
755 3894 946 3963 Geometriae
963 3896 1166 3977 theoremata,
1182 3906 1326 3985 respectu
1346 3896 1476 3985 Opticae,

321 3996 527 4077 Mechanicae,
550 3998 774 4078 Astronomiae,
799 4008 830 4063 et
852 3999 1044 4087 reliquorum
1067 3998 1298 4065 Mathematum
1324 3999 1478 4088 principia

322 4102 406 4179 sunt,
422 4100 482 4164 hoc
503 4112 551 4165 est
571 4102 607 4164 in
627 4102 692 4167 illis
714 4126 772 4168 ceu
793 4126 868 4167 vera
890 4114 1117 4191 supponuntur,
1138 4127 1197 4169 nec
1218 4102 1328 4169 itidem
1350 4101 1477 4169 omnino

374 4333 463 4390 'lbere
474 4339 549 4392 must
560 4336 596 4393 bc
608 4356 683 4396 some
695 4344 779 4400 Firct
791 4345 948 4416 Principlea

376 4419 435 4477 'Phe
447 4422 554 4479 Mastor
564 4424 588 4481 is
599 4422 693 4483 bound
705 4433 734 4484 to
745 4447 830 4501 provo
843 4432 919 4487 Fimt
932 4431 1090 4503 Principlss.

374 4506 431 4562 For
441 4509 571 4582 instance,
582 4512 645 4570 that
655 4516 756 4585 optical
767 4518 871 4588 species
881 4534 961 4575 move
972 4518 1000 4575 in
1012 4519 1131 4591 maight
1142 4518 1218 4575 lines
