3167 5192
102 415 190 464 uror.
206 399 269 484 1v.]
429 415 617 466 uscrrouus
639 416 913 466 usrusunurcn.
1211 404 1253 467 73

100 586 254 672 parallelo,
271 585 367 653 altero
387 585 541 670 circulari)
558 585 744 666 conficiunt3
767 586 948 675 parabolam
966 610 1010 654 ex
1026 588 1151 676 duplice
1165 600 1253 656 motu

99 711 158 754 uno
172 688 329 770 uniformi,
350 689 448 754 altero
462 688 658 755 uniformiter
672 689 841 756 accelerato
856 690 1046 771 describunt,
1067 701 1099 758 et
1112 715 1155 758 ex
1169 692 1252 779 ejus·

99 790 176 854 modi
197 791 301 856 causis
323 789 559 876 magnitudines
588 801 672 857 ortas
700 791 900 880 concipiunt;
931 793 1009 881 quin
1038 792 1117 859 tales
1146 804 1251 860 motus

99 892 200 980 peragi
220 893 353 981 possint,
372 904 405 958 et
421 893 500 960 tales
521 894 563 960 ab
584 893 648 959 illis
670 895 799 960 effectus
820 895 995 962 necessario
1016 895 1177 977 resultent,
1195 896 1251 983 qui

99 995 243 1082 tantisper
262 994 403 1060 attendet
421 995 559 1062 abnuere
578 1017 671 1060 nemo
690 1005 803 1084 potest,
823 1007 879 1063 aut
893 997 1050 1064 ullatenus
1069 998 1249 1084 ambigere;
1309 1017 1324 1050 ’-

99 1099 169 1166 adeo
182 1100 264 1168 clare
279 1100 412 1189 percipit
425 1101 605 1168 intellectus
623 1114 738 1183 noster,
758 1103 837 1191 quid
855 1127 897 1170 ex
910 1104 981 1170 istis
995 1104 1251 1191 generationibus

98 1204 261 1290 suppositis
284 1213 502 1290 consequamr.
547 1202 644 1271 Unde
668 1203 756 1270 nullo
781 1205 909 1292 negotio
937 1206 1056 1273 talibus
1080 1230 1123 1272 ex
1147 1209 1250 1274 causis

96 1307 347 1392 magnitudinum
363 1305 566 1393 proprietates
581 1305 652 1374 clici
666 1302 847 1396 possunt'et
859 1309 1076 1376 demonstrari.

155 1407 227 1474 Non
247 1409 295 1474 ita
315 1408 516 1489 naturalium,
537 1420 593 1474 aut
607 1409 742 1476 aliarum
762 1435 866 1478 rerum
884 1413 1104 1500 productiones
1123 1413 1159 1478 in
1177 1436 1249 1502 pro·

95 1511 194 1598 patulo
215 1524 303 1593 sunt,
326 1523 381 1578 aut
402 1535 444 1577 ex
466 1513 569 1579 causis
590 1512 757 1599 quibusvis
780 1515 951 1603 suppositis
973 1517 1154 1582 effectorum
1177 1540 1249 1604 pro·

94 1615 234 1700 prietates
256 1615 372 1682 deduci
394 1625 537 1702 possunt.
582 1615 691 1682 Posito
709 1639 741 1682 v.
758 1639 790 1703 g.
811 1617 868 1682 tali
890 1617 1125 1684 elementarium
1147 1619 1249 1705 quali·

94 1727 186 1784 tatum
200 1717 432 1808 complexione,
455 1743 511 1784 seu
525 1719 693 1806 temperie;
716 1719 768 1786 vel
783 1725 873 1786 tants
889 1719 1050 1809 sulphuris
1069 1720 1247 1803 adustione,

93 1822 141 1886 rel
154 1822 236 1910 quod
250 1823 394 1889 materiae
414 1822 578 1909 cujusdam
599 1822 726 1888 subtilis
746 1834 866 1890 rotatus
885 1822 1023 1889 incessui
1037 1823 1154 1889 directo
1168 1847 1249 1911 prte-

95 1925 207 2005 valeat3
237 1926 312 2014 quis
336 1924 483 1990 audacter
504 1935 672 2006 assereret,
695 1937 750 1992 aut
772 1925 880 1992 statim
902 1939 1053 2013 agnoscat
1073 1925 1167 1993 talem
1193 1927 1248 1992 ad-

95 2028 205 2114 spectui
220 2028 438 2116 apparentiam
457 2027 497 2092 iri
511 2027 687 2094 necessario
701 2028 898 2116 productum,
918 2029 1022 2116 qualis
1037 2029 1247 2096 rubicundum

94 2128 219 2197 colorem
241 2131 432 2198 constituere
454 2130 534 2198 solet
556 2137 611 2195 aut
633 2129 801 2196 comitari?
842 2130 913 2198 Nee
936 2133 1065 2220 proinde
1089 2131 1247 2219 quispiam

95 2254 133 2296 ex
151 2233 330 2300 istiusmodi
352 2233 494 2300 confictis
515 2233 772 2320 generationibus
794 2257 898 2301 rerum
919 2233 1080 2323 passiones
1102 2245 1135 2301 et
1155 2236 1248 2301 affec·

96 2333 188 2401 tiones
202 2335 407 2402 demonstret.
452 2335 552 2402 Hisce
566 2336 669 2402 causis
684 2338 839 2404 accenseri
853 2348 967 2424 potest,

154 2439 183 2503 t.
219 2436 318 2518 Ordo,
347 2459 410 2524 quo
435 2435 655 2503 Mathematici
683 2461 757 2504 suas
782 2438 928 2504 materias
953 2450 1151 2526 pertractant,
1174 2463 1248 2507 suas

97 2539 235 2606 veritates
249 2540 417 2626 indagant,
433 2562 508 2606 suas
522 2540 752 2627 propositiones
767 2539 941 2627 disponunt
954 2551 1126 2607 accuratus.
1148 2541 1249 2608 Notat

96 2643 273 2712 Aristoteles
294 2645 441 2712 ordinem
463 2646 498 2710 in
522 2644 758 2711 Mathematicis
781 2653 969 2731 usurpatum
992 2645 1152 2710 memorie
1172 2667 1248 2711 con·

97 2746 216 2816 ducere:
253 2749 372 2816 Ἐστὶν
403 2749 529 2836 (inquit)
561 2745 807 2832 εὐμνημόνευτα,
844 2743 909 2812 ὅσα
942 2743 1034 2828 τάξιν
1062 2746 1135 2813 τινά
1167 2747 1245 2837 ἔχει,

98 2848 199 2940 ὥσπερ
213 2853 254 2920 τὰ
267 2851 475 2938 audiuerat
498 2863 531 2916 at
543 2851 741 2918 ratiocinium
752 2861 917 2939 promovet
931 2849 1068 2939 amplius
1082 2850 1141 2918 iste
1155 2852 1244 2918 ordo:

99 2951 182 3021 Circa
208 2981 303 3046 quem
337 2955 510 3044 prasertim
539 2954 699 3021 observari
729 2965 843 3042 potest,
873 2953 959 3041 quod
986 2954 1105 3043 primas
1132 2979 1245 3044 propo·

99 3057 215 3126 sitiones
238 3065 299 3128 sut
324 3059 394 3126 luce
416 3058 611 3146 conspicuas,
636 3056 770 3144 aliisque
792 3057 1042 3124 demonstrandis
1067 3070 1245 3147 praestratss

101 3159 299 3246 (definitiones
330 3186 452 3252 nempe,
489 3159 704 3250 pronunciata,
739 3159 909 3248 postulata)
942 3160 1052 3227 sedulo
1081 3174 1245 3248 congestas

99 3265 191 3350 print
204 3270 276 3336 sede
291 3267 443 3334 collocem
462 3265 572 3344 solent,
589 3263 634 3330 sic
653 3265 802 3350 exigente
816 3264 915 3329 nostri
935 3263 1094 3330 discursus
1113 3270 1243 3345 naturd3

101 3369 232 3450 proximo
252 3370 324 3436 loco
343 3366 548 3455 simpliciores
566 3374 711 3432 statuunt
730 3365 958 3453 propositiones
980 3366 1022 3431 ab
1046 3365 1116 3431 istis
1134 3367 1244 3433 imme·

100 3467 173 3535 diste
190 3471 356 3550 deductas;
376 3483 445 3536 tum
464 3469 535 3536 illas
559 3492 631 3557 quae
652 3470 692 3536 ab
710 3468 761 3535 his
784 3468 928 3557 proxime
945 3479 1187 3554 consequuntur,
1208 3492 1245 3534 ac

101 3567 139 3634 ita
160 3593 314 3661 nusquam
338 3573 514 3660 interrupte
535 3577 689 3660 perpetuu
711 3572 801 3651 serie,
825 3570 872 3636 sic
894 3580 932 3634 ut
954 3593 974 3633 a
995 3569 1245 3657 praecedentibus

102 3678 258 3758 posteriora
285 3679 391 3744 lucem
417 3676 533 3765 pariter
563 3700 599 3743 ac
628 3676 862 3742 firmamentum
890 3673 1056 3762 accipiant,
1078 3684 1110 3740 et
1135 3685 1246 3741 catena

103 3778 235 3861 quaedam
255 3791 399 3848 nectatur
419 3779 736 3865 argumentationum,
758 3776 847 3843 nulli
868 3776 903 3842 vi
924 3774 1128 3842 dissolubilis.
1172 3774 1244 3855 Quo

103 3877 136 3942 fit
160 3881 260 3964 etiam,
294 3893 332 3948 ut
367 3881 503 3968 singulae
535 3879 676 3966 cujusvis
705 3877 928 3966 propositionis
960 3877 1115 3965 oprimis
1144 3901 1244 3966 usque

104 3981 250 4072 principiis
273 3985 481 4075 propaginem
506 3983 666 4064 derivare3
689 3983 759 4070 ejus
781 3982 823 4047 ab
848 3981 914 4047 illis
938 3979 1188 4069 dependentium,
1212 3993 1245 4048 et

105 4089 317 4156 connexionem
335 4087 632 4177 perspicereliceat,
656 4085 786 4174 ejusque
810 4085 941 4174 proinde
963 4085 1127 4154 veritatem
1149 4086 1243 4154 infal-

106 4184 175 4254 libili
188 4193 323 4278 qutdam
338 4193 457 4260 ratione
472 4191 651 4279 dijudicare.

395 4317 501 4372 ¹1'mot.
514 4317 838 4373 deMonotidetItemints.
851 4335 904 4386 cap.
919 4335 942 4370 a.

151 4543 188 4604 (l)
215 4543 271 4603 'l'he
289 4549 369 4606 order
386 4551 418 4607 ot'
432 4549 636 4610 Mathematical
653 4553 746 4624 protus
763 4552 859 4609 assiste
875 4551 926 4608 the
942 4550 1094 4620 reasoning.
1117 4637 1158 4702 10

145 4641 171 4692 B.
187 4647 222 4697 u.
