3167 5192
464 755 652 840 [remae
665 757 710 816 u«
724 753 1006 838 stemmate]

399 1185 655 1290 ALMAE
723 1182 1012 1312 MATRI,

546 1449 579 1513 A
596 1447 879 1516 OADEMIAE

431 1721 990 1802 CANTABRIGIENSI.

204 2141 238 2209 N
256 2143 343 2225 Tibi,
365 2143 464 2224 Alma
484 2143 598 2226 Mutet,
621 2143 831 2228 doctissimas,
849 2146 989 2236 Auctore
1010 2143 1122 2211 Isuscu
1143 2144 1285 2226 Burrow,

232 2262 468 2330 Mathematicus
482 2275 546 2332 tuae
560 2263 768 2332 Proiessionis
787 2264 974 2332 Lucusiunae
997 2262 1178 2331 Primiticsl
1222 2262 1287 2332 Cui

124 2382 249 2448 etenim
273 2382 373 2450 ullius
395 2381 474 2448 Filii
498 2382 595 2470 longe
623 2382 813 2467 charissimi,
838 2383 904 2450 nisi
929 2383 1091 2452 Genetrici
1121 2405 1187 2451 sure
1210 2406 1287 2452 con-

124 2499 295 2568 credendae
323 2510 399 2567 sunt
426 2500 610 2592 Reliquis?
657 2501 702 2568 Et
734 2526 811 2571 sane
835 2503 968 2570 ubinam
1000 2503 1155 2572 Gentium
1187 2503 1287 2569 Rudii

125 2620 351 2689 Mathematici
374 2621 448 2711 plus
472 2633 505 2691 et
527 2623 632 2712 potins
658 2647 756 2713 quem
779 2623 816 2689 in
845 2623 944 2690 Lucis
966 2621 1047 2690 Tuae
1075 2631 1183 2689 centro
1211 2635 1288 2690 sunt

125 2741 330 2830 colligendi?
372 2741 433 2810 Nae
461 2741 674 2812 Posthumum
698 2744 759 2811 hcc
788 2745 880 2833 Opus
907 2743 983 2812 Tibi
1008 2752 1191 2832 pergratum
1218 2741 1286 2810 fore
1376 2763 1379 2771 ’

124 2863 243 2932 merito
265 2887 446 2952 censemus3
469 2875 577 2955 utpote
597 2867 684 2955 quod
701 2867 964 2934 Eruditissimnm
983 2889 1077 2934 suum
1096 2865 1233 2935 Fontem
1253 2876 1286 2934 et
1320 2893 1324 2899 ·

124 2983 309 3052 Authorem
338 2983 418 3052 Tuae
446 2997 692 3075 cruterorumque
720 2987 934 3055 Literstorum
960 2987 1102 3054 omnium
1125 2987 1285 3055 memoriae

124 3103 319 3188 redivivum,
330 3117 362 3172 et
375 3107 466 3194 quasi
481 3131 586 3174 corum
601 3107 825 3175 edisserentem
839 3107 981 3175 exhibet.
1010 3107 1081 3175 Imo
1098 3107 1188 3175 nefus
1202 3118 1286 3175 esset

125 3227 373 3316 pretiosissimos
404 3228 573 3298 clarissimi
601 3230 690 3298 illius
718 3229 792 3298 Vin·
823 3229 936 3298 Festus
965 3230 1007 3298 ab
1036 3227 1169 3298 interitu
1196 3230 1284 3296 omni

125 3357 206 3419 curt
235 3376 273 3420 uc
306 3351 475 3442 diligentia
507 3375 572 3420 non
608 3353 699 3436 tueri,
731 3354 823 3442 cujus
855 3353 964 3421 divino
997 3373 1125 3441 prorsus
1154 3349 1285 3438 ingenio

126 3471 292 3554 Euclides,
317 3471 527 3555 Theudosius,
553 3472 771 3556 Archimedes,
794 3473 996 3562 Apollonius,
1020 3471 1090 3552 icc,
1112 3467 1285 3535 venerandi

128 3590 341 3660 Scientiurnm
375 3592 557 3675 Antistites,
586 3599 672 3660 novt
704 3581 856 3682 qntdcm'
872 3591 1082 3682 perpetuitate
1116 3587 1284 3655 donantur.

127 3711 207 3779 Tibi
235 3735 320 3796 uero,
357 3712 457 3780 Alma
488 3712 602 3796 Mater,
634 3723 781 3780 nascatur
812 3710 997 3800 hujusmodi
1030 3707 1284 3776 felicissimorum

128 3833 334 3924 Ingeniorum
349 3857 526 3918 numerose,
541 3845 573 3903 et
587 3845 705 3902 aeternu
718 3832 902 3922 Progenies.
947 3831 1001 3899 Itu
1014 3839 1112 3898 vovet

950 4063 993 4133 G.
1019 4061 1196 4136 WELLS.
