3167 5192
112 424 201 473 sacr.
217 408 301 493 x11.]
444 424 629 476 nncrrouss
652 423 926 475 ursanusmcn.
1204 407 1267 475 197

110 594 287 660 Geometrae
305 617 369 659 non
387 594 536 661 dubitant
553 594 672 682 figuras
694 595 824 682 quasvis
844 604 968 661 amotu
985 606 1183 683 quocunque,
1199 618 1264 682 quo

110 696 256 763 nimirum
271 695 363 762 facile
378 698 501 786 possint
515 698 724 784 progenerari,
741 698 881 764 definire
921 697 970 765 Ut
984 697 1138 765 Euclides
1161 699 1266 786 sphe-

110 823 172 865 ram
197 822 239 865 ex
262 799 460 867 revolutione
483 800 672 866 semicirculi
696 801 778 866 circe
801 800 999 882 diametrm,
1022 800 1203 889 cylindrum
1222 825 1265 868 ex

110 901 393 989 parallelogrammi
422 902 505 967 circa
527 902 620 983 latis,
644 926 758 969 conum
781 926 823 968 ex
844 904 998 990 trianguli
1019 905 1102 970 circa
1122 928 1193 971 crus
1214 930 1265 973 ro·

110 1016 189 1085 tatn3
219 1006 416 1093 Apollonius
438 1007 585 1072 universe
607 1007 748 1072 conicam
771 1007 968 1095 superficiem
990 1030 1032 1073 ex
1053 1017 1146 1074 rectae
1171 1009 1266 1077 lineae

111 1108 290 1175 circularem
309 1109 520 1197 peripheriam
540 1110 764 1176 circumeuntis
784 1110 938 1191 transitu;
967 1111 1175 1179 Archimedes
1190 1136 1265 1179 con·

114 1210 208 1275 oidaea
244 1234 284 1275 ac
323 1210 527 1299 sphaeroidaea
567 1234 609 1277 ex
642 1212 822 1277 conicarum
855 1213 1031 1279 sectionum
1066 1214 1265 1301 portionibus

111 1314 207 1399 plania
233 1316 322 1381 circa
351 1315 540 1389 diametrum
568 1314 740 1381 volutatiaa
769 1325 802 1379 et
821 1338 915 1381 nemo
937 1338 1002 1381 non
1023 1316 1264 1385 Geometrarum

112 1418 200 1483 simili
221 1418 323 1485 modo
344 1418 580 1504 magnitudines
602 1419 760 1506 quaslibet
786 1418 908 1503 (lineas,
932 1418 1121 1507 superficies,
1148 1421 1262 1507 solida)

112 1546 126 1586 e
152 1524 292 1589 motibus
318 1522 531 1603 circularibus,
558 1523 660 1601 rectia,
684 1522 853 1609 parallelis,
879 1523 991 1589 mixtis
1018 1534 1180 1612 uteunque
1207 1550 1265 1614 pro

112 1646 161 1691 sno
181 1626 341 1691 arbitratu
362 1626 409 1691 fas
432 1648 500 1691 esse
522 1625 609 1691 ducit
630 1625 770 1693 definire.
815 1625 896 1705 Quae
915 1626 1044 1714 quidem
1067 1627 1265 1695 definitiones

112 1729 218 1794 nedum
232 1729 400 1817 legitimae,
413 1729 468 1795 sed
482 1730 624 1795 omnium
639 1731 766 1817 optimae
781 1742 857 1796 sunt
866 1755 878 1797 ι.
893 1753 952 1797 nec
967 1730 1052 1798 enim
1067 1731 1264 1799 solummodo

112 1832 239 1901 delinitae
253 1834 489 1921 magnitudinis
504 1844 649 1900 naturam
665 1834 837 1922 explicant,
854 1834 910 1901 sed
924 1835 1107 1923 possibilem
1122 1838 1191 1925 ejus
1208 1860 1265 1905 ex·

113 1936 263 2003 istentiam
282 1948 542 2018 commonstrant,
563 1938 866 2026 constructionisque
884 1938 1015 2005 modum
1034 1940 1197 2007 evidenter
1215 1941 1265 2007 in·

114 2038 249 2126 digitant,
265 2064 335 2107 non
350 2040 444 2107 modo
459 2041 563 2130 qualis
578 2042 621 2115 sit
636 2042 829 2123 describunt,
845 2053 878 2109 at
892 2043 979 2130 quod
993 2044 1068 2109 talis
1081 2067 1151 2111 esse
1164 2046 1265 2133 possit

113 2146 324 2232 experimento
346 2145 490 2233 probant,
510 2154 542 2211 et
563 2169 626 2233 quo
647 2156 740 2234 paeto
761 2147 836 2212 talis
857 2146 1003 2227 evaserit,
1024 2157 1116 2213 extra
1137 2148 1264 2215 dubita·

114 2246 200 2313 tionis
214 2248 321 2315 aleam
336 2246 544 2314 constituunt,
586 2248 632 2312 Et
653 2271 710 2335 par
731 2258 780 2315 est
802 2249 893 2330 ratio,
909 2250 1023 2315 similis
1044 2252 1146 2317 virtus
1167 2250 1265 2339 hujus

115 2362 218 2418 nostrae
240 2376 282 2419 ex
306 2352 515 2437 coagmentis
536 2351 710 2441 desumptae
733 2352 928 2419 definitionis
935 2377 944 2433 3
967 2354 1140 2419 nonenim
1162 2354 1265 2420 solnm

116 2458 236 2543 exponit
250 2456 341 2546 quod
356 2456 399 2521 sit
413 2456 577 2544 aequalitas
592 2456 860 2544 magnitudinum,
876 2466 910 2523 et
931 2457 1018 2544 quod
1038 2458 1175 2544 aequales
1197 2459 1266 2525 dari

116 2561 237 2644 possint,
253 2560 378 2626 indicat
392 2560 561 2640 luculente,
577 2564 639 2647 qut
659 2560 781 2625 ratione
800 2559 889 2640 fiant,
906 2558 1139 2645 dignoscantur,
1155 2560 1266 2648 explo-

117 2673 214 2729 rentur
227 2664 369 2753 aequales
383 2663 620 2751 magnitudines
638 2663 747 2729 edocet
765 2662 941 2742 manifeste,
957 2662 1051 2727 modo
1070 2660 1191 2728 scilicet
1210 2664 1266 2749 qui

117 2764 362 2853 frequentissimo
376 2768 496 2855 passim
510 2767 544 2833 in
559 2790 620 2833 usu
635 2777 692 2847 eat,
709 2776 741 2831 et
755 2788 914 2852 nusquam
927 2787 992 2829 non
1010 2763 1184 2851 equalitati
1201 2765 1266 2831 dis·

119 2874 267 2941 cernendae
279 2870 557 2960 dijudieandaeque
571 2872 651 2937 solet
665 2869 819 2937 adhiberi.
845 2868 959 2956 Itaque
969 2868 1090 2934 nemini
1100 2868 1266 2957 displicere

119 2970 201 3041 debet
221 2975 293 3043 haec
320 2975 473 3056 definitio,
496 2976 547 3041 cui
573 2974 794 3041 definitionum
817 2971 939 3038 indoles
963 2982 1125 3060 perspecta
1147 2982 1206 3053 est,
1232 2983 1266 3039 et

119 3077 262 3161 quomodo
277 3102 404 3166 semper
420 3102 461 3144 ex
479 3078 586 3165 aliqui
602 3076 747 3165 possibili
768 3074 985 3163 suppositione
1004 3074 1157 3142 resultent
1176 3076 1264 3165 ipsae,

119 3178 206 3261 probe
219 3203 256 3245 ec
270 3178 444 3270 prudenter
458 3178 689 3245 animadvertit.

177 3278 355 3371 Supersunt
374 3281 484 3362 multa,
504 3302 576 3368 quae
598 3279 770 3367 cogitaram
791 3279 956 3367 attingere,
976 3279 1031 3345 aed
1053 3278 1179 3346 levioris
1197 3303 1266 3346 mo·

121 3387 216 3469 menti,
232 3408 431 3476 quorumque
448 3385 540 3451 facile
558 3384 659 3473 possit
676 3408 695 3451 e
714 3383 808 3449 dictis
829 3395 862 3451 et
882 3384 1051 3450 insinuatis
1066 3385 1180 3451 solutio
1194 3407 1266 3471 per-

123 3488 192 3573 spici
209 3490 405 3577 deducique3
427 3499 465 3554 ut
483 3498 516 3553 ct
533 3510 553 3553 a
570 3487 662 3553 vobis
684 3486 825 3575 suppleri
842 3494 985 3573 possunt,
1001 3508 1072 3571 qua
1090 3507 1267 3569 congruen-

123 3590 189 3657 tiam
209 3604 240 3661 et
261 3593 476 3681 equalitatem
498 3601 643 3680 spectant
663 3590 796 3677 reliqua.
840 3588 887 3655 Et
908 3588 1049 3676 alioquin
1071 3610 1132 3667 me,
1150 3588 1267 3674 pariter

124 3716 154 3759 ac
165 3720 228 3779 vos,
243 3699 388 3787 impense
403 3696 498 3764 taedet
515 3695 612 3783 hujus
631 3696 665 3760 in
680 3716 713 3759 re
727 3693 817 3760 tenui
832 3694 1005 3781 jejunaque
1019 3702 1084 3757 tam
1099 3692 1267 3758 enormiter

125 3798 245 3881 profusae
260 3798 494 3888 disputationis.
539 3796 652 3884 Neque
666 3795 762 3883 longe
782 3795 831 3861 fas
851 3804 934 3861 esset
952 3818 972 3859 a
990 3803 1080 3859 tanto
1101 3792 1267 3860 sublimio-

125 3898 210 3983 ribus,
225 3926 297 3990 quae
314 3926 371 3969 vos
391 3912 530 3982 monent,
545 3900 716 3966 ratiociniis
735 3898 886 3965 detinere.
932 3896 1046 3984 Igitur,
1061 3896 1176 3985 optimi
1196 3895 1267 3961 Au-

126 4000 238 4087 ditores,
257 4008 328 4094 jam
351 4004 462 4072 valete.
507 4002 661 4069 Proxima
685 4002 836 4067 Lectione
860 4022 914 4065 me
939 3999 1096 4066 conferam
1120 3999 1203 4080 ali03
1234 4009 1267 4065 et

127 4110 368 4194 magnitudinum
382 4110 540 4199 praecipua
560 4116 774 4196 symptomata
786 4104 1018 4196 proportionem
1034 4128 1071 4176 ac
1085 4104 1266 4192 analogiam

128 4208 272 4299 adportes
286 4216 416 4282 vocabo.

591 4426 891 4436 ...—-.-————.
