3167 5192
360 395 424 461 218
696 408 882 459 anemonas
905 408 1177 457 uarunuarme.
1322 388 1425 473 [nrm.
1439 402 1499 452 rm

746 610 798 671 sed
817 631 884 689 quae
905 610 1045 689 praeclara
1064 616 1095 668 et
1115 629 1259 687 prospera
1279 608 1370 681 tanti,

484 710 531 770 Ut
551 710 639 769 rebus
659 710 734 769 laetis
755 730 810 787 par
829 711 870 768 sit
889 728 1028 768 mensura
1048 708 1236 767 malornmll

361 840 433 907 Hoc
447 851 506 922 est,
526 851 563 908 ut
582 840 853 908 incommodorum
873 840 1035 930 quantitas
1050 840 1293 907 commodorum
1308 835 1435 903 modum
1453 856 1502 897 non

359 944 516 1012 excedat?
559 944 656 1011 Addo
672 946 858 1028 Lucanum3

849 1086 910 1145 fuit
928 1085 991 1145 haee
1011 1104 1149 1145 mensura
1167 1084 1299 1155 timoris,

485 1182 574 1245 Velle
593 1190 702 1261 putant
722 1184 920 1261 quodeunque
939 1182 1135 1275 potest'-—·

366 1312 439 1379 Hoc
466 1322 524 1396 est,
559 1324 685 1381 tantum
714 1316 967 1382 extimescebam
993 1315 1142 1395 Romani,
1177 1323 1342 1402 quantum
1375 1305 1505 1373 videbant

366 1416 523 1483 Caesarem
545 1442 655 1507 posse3
685 1418 761 1507 quia
786 1419 894 1485 omnia
915 1420 950 1484 in
972 1440 1025 1485 eos
1046 1428 1178 1507 poterat,
1205 1415 1321 1483 omnia
1342 1412 1405 1479 sibi
1424 1409 1461 1475 ab
1477 1428 1505 1471 eo

365 1522 557 1588 metuebant.

431 1624 505 1693 Non
521 1650 610 1695 secus
625 1627 810 1715 accipienda
824 1626 961 1694 Hesiodi
976 1626 1141 1707 sententie,
1156 1644 1368 1713 compensare
1381 1613 1504 1707 praecipi·

366 1731 448 1796 entis
467 1732 621 1798 beneficia
641 1732 750 1797 eadem
769 1736 936 1811 mensura3
959 1731 1020 1795 hoc
1038 1739 1096 1810 est,
1117 1728 1230 1794 eadem
1250 1724 1439 1815 quantitate,
1455 1722 1505 1804 qul

367 1834 533 1921 acceperis,
548 1836 601 1902 vel
616 1836 712 1901 etiam
727 1835 951 1915 cumulatione,
971 1832 1060 1922 αὐτῷ
1078 1836 1125 1922 τῷ
1137 1833 1246 1921 μέτρῳ
1259 1831 1319 1897 καὶ
1332 1828 1435 1896 aaut
1472 1820 1503 1885 111

368 1937 466 2001 sacris
481 1938 577 2002 etiam
593 1938 694 2005 literis
709 1938 877 2026 aliquoties
891 1937 1008 2025 μέτρον
1021 1937 1106 2002 hune
1121 1937 1217 2002 habet
1231 1956 1383 2010 sensum,
1404 1938 1445 2006 ut,
1457 1924 1504 1991 ‘lla

368 2038 494 2125 ἑκάστῳ
504 2038 648 2126 ἐμέρισεν
663 2039 680 2106 ὁ
695 2039 777 2112 Θεὸς
789 2040 907 2129 μέτρον
921 2041 1091 2111 storeae·
1110 2040 1171 2105 hoe
1185 2048 1244 2120 est,
1261 2035 1431 2105 secundum
1445 2027 1501 2094 fidei

367 2163 462 2229 quam
484 2141 680 2231 dispensavit
702 2142 789 2210 Deus
812 2145 1022 2231 quantitatem
1043 2152 1162 2210 certam
1182 2153 1217 2209 et
1239 2141 1414 2209 definitam.
1452 2134 1501 2197 Ati

366 2244 526 2311 infinitum
542 2246 584 2311 sit
598 2268 708 2313 omnes
723 2268 784 2312 usu
802 2246 893 2313 tritas
912 2246 1010 2334 hujus
1028 2247 1117 2312 vocis
1137 2246 1339 2335 acceptiones
1357 2236 1499 2307 mnata

367 2356 398 2413 et
414 2346 600 2436 improprias
614 2371 806 2437 percensere.

432 2450 574 2519 Meretur
591 2462 699 2518 tamen
712 2454 810 2519 etiam
825 2476 867 2519 ex
881 2452 951 2519 istis
965 2476 1031 2519 una
1044 2454 1096 2520 vel
1110 2454 1209 2521 altera
1222 2450 1396 2519 notabilior
1406 2454 1496 2511 utcun-

367 2579 429 2644 que
444 2556 557 2623 leviter
571 2556 697 2643 attingi,
719 2556 955 2623 Mathematicus
974 2580 1129 2624 mensurae
1147 2558 1271 2623 notioni
1291 2552 1415 2646 propius
1427 2566 1495 2613 acet

368 2660 454 2741 dens,
476 2660 567 2747 eique
581 2658 728 2725 nonnihil
744 2658 924 2725 deserviens
944 2658 1151 2725 illustranda.
1196 2659 1290 2726 Talis
1305 2666 1353 2725 est
1366 2647 1495 2740 imprimi-³

367 2763 435 2843 illa,
452 2768 516 2851 qut
530 2786 678 2829 mensure
692 2762 812 2849 passim
831 2760 978 2849 designat
993 2763 1124 2847 justam,
1143 2763 1298 2843 debitam,
1314 2770 1426 2827 natura
1437 2773 1493 2817 ⁰⁰¹¹·

368 2864 510 2944 formem,
523 2875 577 2929 aut
588 2865 702 2931 rationi
714 2874 957 2931 consentaneam
969 2866 1121 2952 cujusque
1131 2866 1177 2931 rei
1190 2866 1408 2954 quantitatem,
1418 2875 1491 2944 qum
1539 2903 1540 2926 2

368 2965 395 3030 si
422 2966 474 3031 vel
501 2965 682 3031 excedendo
708 2966 964 3054 transgrediatur,
994 2978 1050 3033 aut
1075 2967 1249 3034 deficiendo
1278 2992 1346 3035 non
1372 2962 1489 3045 attingat.

367 3067 501 3133 habetur
515 3090 572 3154 pro
590 3067 733 3148 deformi,
749 3071 874 3150 vitiosa,
889 3077 1066 3137 monstrosa
1075 3098 1084 3152 ;
1106 3070 1248 3158 adeoque
1266 3070 1360 3162 cujus
1377 3072 1490 3153 respectu
1538 3123 1539 3128 ,

367 3170 469 3236 virtus
487 3170 590 3236 omnis
608 3172 642 3235 in
664 3171 797 3237 materia
816 3174 939 3255 morali,
959 3175 994 3240 in
1008 3175 1145 3241 naturali
1160 3175 1373 3263 pulchritudo,
1391 3162 1489 3236 inarfi·

367 3272 464 3339 ficiali
483 3271 628 3340 decusat
650 3274 772 3341 utilitas
795 3278 1001 3345 aestimantur.
1046 3278 1086 3344 In
1105 3302 1139 3346 re
1158 3280 1272 3346 morali
1287 3281 1357 3347 dico
1375 3280 1489 3343 censetur
1538 3285 1539 3306 *

368 3377 471 3443 omnis
493 3376 592 3443 virtus
616 3377 665 3464 (τὸ
687 3376 767 3463 δέον)
797 3402 869 3445 eum
889 3403 931 3446 ex
952 3383 1121 3447 affectuum
1140 3382 1354 3450 moderamine
1370 3374 1487 3469 quodam.

368 3492 436 3547 tum
463 3504 504 3547 ex
529 3491 657 3548 actuum
684 3488 768 3548 certa
793 3483 1017 3567 mediocritate,
1040 3485 1100 3552 hoc
1121 3496 1178 3565 est,
1201 3509 1243 3551 ex
1268 3487 1402 3576 ipsorum
1422 3478 1489 3565 1⁹⁰⁸ss

368 3585 538 3672 debitaque
553 3585 739 3672 quantitate,
760 3608 818 3673 per
831 3584 1017 3673 prudentiae,
1038 3610 1095 3653 seu
1111 3600 1205 3653 rectae
1218 3589 1350 3655 rationis
1363 3579 1486 3675 praestat,

368 3690 526 3756 dictamen
556 3688 733 3775 indigitata.
790 3689 974 3776 Pariterque
1003 3692 1117 3757 vitium
1147 3693 1181 3756 in
1210 3692 1306 3781 hujus
1335 3679 1489 3781 quantitatis

368 3815 501 3859 excessu
515 3792 567 3858 vel
582 3791 706 3858 defectu
720 3791 890 3857 consistere
904 3791 1038 3871 videtur,
1060 3816 1119 3858 nee
1133 3794 1221 3860 aliud
1235 3814 1405 3884 essequam
1417 3783 1487 3852 *ΠΨ

367 3910 457 3963 tuum
473 3918 655 3984 scoparum
672 3894 818 3983 ἀμετρία,
835 3894 895 3959 hoc
909 3905 968 3975 est,
989 3896 1200 3963 exorbitantia
1217 3899 1370 3985 quaedam,
1388 3890 1431 3960 rel
1446 3886 1488 3951 ab

368 4000 520 4066 normitas
536 4024 555 4067 a
570 4004 652 4066 stata
667 4012 790 4064 morum
805 4004 963 4063 mensura.
1008 3998 1103 4078 Quod
1116 3999 1149 4064 in
1164 3999 1250 4067 hisce
1264 4001 1387 4068 virtutis
1399 4004 1425 4061 et
1434 3984 1485 4054 att

367 4102 500 4168 formam
529 4103 693 4169 constituit
723 4100 921 4180 Aristoteles,
951 4101 1078 4187 ignorat
1106 4124 1218 4170 nemo:
1257 4100 1487 4178 auersumque

497 4248 507 4280 ¹
524 4248 575 4297 Sat.
589 4260 614 4297 x.
779 4246 790 4279 ⁵
806 4246 866 4296 Luc.
880 4256 921 4296 111.
934 4262 959 4296 r.
975 4260 1028 4296 roo.
1194 4248 1205 4281 ³
1222 4250 1297 4301 Rom.
1310 4252 1352 4301 xii.
1364 4266 1384 4313 3.

423 4500 488 4555 And
507 4498 605 4555 Greek.
