<?xml version="1.0" encoding="UTF-8"?>
<!DOCTYPE html PUBLIC "-//W3C//DTD XHTML 1.0 Transitional//EN"
    "http://www.w3.org/TR/xhtml1/DTD/xhtml1-transitional.dtd">
<html xmlns="http://www.w3.org/1999/xhtml" xml:lang="en" lang="en">
 <head>
  <title>
</title>
<meta http-equiv="Content-Type" content="text/html;charset=utf-8" />
  <meta name='ocr-system' content='tesseract 3.04.00' />
  <meta name='ocr-capabilities' content='ocr_page ocr_carea ocr_par ocr_line ocrx_word'/>
</head>
<body>
  <div class='ocr_page' id='page_1' title='image "./mathematicalwor00whewgoog_0387.png"; bbox 0 0 3167 5192; ppageno 0'>
   <div class='ocr_carea' id='block_1_1' title="bbox 95 339 1257 424">
    <p class='ocr_par' dir='ltr' id='par_1_1' title="bbox 95 339 1257 424">
     <span class='ocr_line' id='line_1_1' title="bbox 95 339 1257 424; baseline 0.002 -18"><span class='ocrx_word' id='word_1_1' title='bbox 95 353 191 406; x_wconf 85' lang='lat' dir='ltr'>uscr.</span> <span class='ocrx_word' id='word_1_2' title='bbox 208 339 332 424; x_wconf 76' lang='lat' dir='ltr'>nne]</span> <span class='ocrx_word' id='word_1_3' title='bbox 434 354 621 406; x_wconf 80' lang='lat' dir='ltr'>moriones</span> <span class='ocrx_word' id='word_1_4' title='bbox 642 354 915 406; x_wconf 72' lang='lat' dir='ltr'>numeramus.</span> <span class='ocrx_word' id='word_1_5' title='bbox 1191 341 1257 408; x_wconf 61' lang='lat' dir='ltr'>wit</span> 
     </span>
    </p>
   </div>
   <div class='ocr_carea' id='block_1_2' title="bbox 91 523 1286 3708">
    <p class='ocr_par' dir='ltr' id='par_1_2' title="bbox 92 523 1286 1544">
     <span class='ocr_line' id='line_1_2' title="bbox 96 523 1261 611; baseline 0.003 -19"><span class='ocrx_word' id='word_1_6' title='bbox 96 523 245 592; x_wconf 73' lang='lat' dir='ltr'>sdscitur</span> <span class='ocrx_word' id='word_1_7' title='bbox 264 547 307 592; x_wconf 89' lang='lat' dir='ltr'>au</span> <span class='ocrx_word' id='word_1_8' title='bbox 320 546 386 591; x_wconf 91' lang='lat' dir='ltr'>non</span> <span class='ocrx_word' id='word_1_9' title='bbox 399 523 596 611; x_wconf 80' lang='lat' dir='ltr'>expmieutia</span> <span class='ocrx_word' id='word_1_10' title='bbox 615 524 726 594; x_wconf 85' lang='lat' dir='ltr'>doceat</span> <span class='ocrx_word' id='word_1_11' title='bbox 744 526 787 594; x_wconf 84' lang='lat' dir='ltr'>ob</span> <span class='ocrx_word' id='word_1_12' title='bbox 801 525 946 610; x_wconf 77' lang='lat' dir='ltr'>Euclide,</span> <span class='ocrx_word' id='word_1_13' title='bbox 968 526 1172 610; x_wconf 82' lang='lat' dir='ltr'>Archimede,</span> <span class='ocrx_word' id='word_1_14' title='bbox 1192 549 1261 596; x_wconf 64' lang='lat' dir='ltr'>om·</span> 
     </span>
     <span class='ocr_line' id='line_1_3' title="bbox 94 627 1251 720; baseline 0.003 -26"><span class='ocrx_word' id='word_1_15' title='bbox 94 628 171 694; x_wconf 89' lang='lat' dir='ltr'>teris</span> <span class='ocrx_word' id='word_1_16' title='bbox 184 628 349 717; x_wconf 89' lang='lat' dir='ltr'>plerisque</span> <span class='ocrx_word' id='word_1_17' title='bbox 362 627 543 695; x_wconf 83' lang='lat' dir='ltr'>Geometris</span> <span class='ocrx_word' id='word_1_18' title='bbox 560 651 654 718; x_wconf 78' lang='lat' dir='ltr'>sepe,</span> <span class='ocrx_word' id='word_1_19' title='bbox 674 630 870 718; x_wconf 89' lang='lat' dir='ltr'>minimoque</span> <span class='ocrx_word' id='word_1_20' title='bbox 885 631 1013 720; x_wconf 85' lang='lat' dir='ltr'>negotio</span> <span class='ocrx_word' id='word_1_21' title='bbox 1033 631 1251 714; x_wconf 84' lang='lat' dir='ltr'>demonstrari,</span> 
     </span>
     <span class='ocr_line' id='line_1_4' title="bbox 95 731 1253 823; baseline 0.003 -27"><span class='ocrx_word' id='word_1_22' title='bbox 95 731 182 818; x_wconf 88' lang='lat' dir='ltr'>quod</span> <span class='ocrx_word' id='word_1_23' title='bbox 207 731 322 797; x_wconf 90' lang='lat' dir='ltr'>multis</span> <span class='ocrx_word' id='word_1_24' title='bbox 346 731 485 819; x_wconf 87' lang='lat' dir='ltr'>quantis,</span> <span class='ocrx_word' id='word_1_25' title='bbox 513 732 695 820; x_wconf 71' lang='lat' dir='ltr'>(triangulis</span> <span class='ocrx_word' id='word_1_26' title='bbox 723 734 875 802; x_wconf 89' lang='lat' dir='ltr'>videlicet</span> <span class='ocrx_word' id='word_1_27' title='bbox 896 744 928 802; x_wconf 89' lang='lat' dir='ltr'>et</span> <span class='ocrx_word' id='word_1_28' title='bbox 948 734 1253 823; x_wconf 79' lang='lat' dir='ltr'>parallelogrammis</span> 
     </span>
     <span class='ocr_line' id='line_1_5' title="bbox 94 835 1286 925; baseline 0.001 -24"><span class='ocrx_word' id='word_1_29' title='bbox 94 855 184 922; x_wconf 75' lang='lat' dir='ltr'>mque</span> <span class='ocrx_word' id='word_1_30' title='bbox 198 835 277 902; x_wconf 87' lang='lat' dir='ltr'>altis</span> <span class='ocrx_word' id='word_1_31' title='bbox 290 859 328 901; x_wconf 90' lang='lat' dir='ltr'>ao</span> <span class='ocrx_word' id='word_1_32' title='bbox 343 836 409 901; x_wconf 90' lang='lat' dir='ltr'>suis</span> <span class='ocrx_word' id='word_1_33' title='bbox 428 836 570 916; x_wconf 77' lang='lat' dir='ltr'>basibus,</span> <span class='ocrx_word' id='word_1_34' title='bbox 588 837 818 924; x_wconf 76' lang='lat' dir='ltr'><strong>pyramidibus,</strong></span> <span class='ocrx_word' id='word_1_35' title='bbox 840 838 1056 925; x_wconf 67' lang='lat' dir='ltr'>pemmatibus,</span> <span class='ocrx_word' id='word_1_36' title='bbox 1076 837 1173 919; x_wconf 92' lang='lat' dir='ltr'>conis,</span> <span class='ocrx_word' id='word_1_37' title='bbox 1195 852 1262 924; x_wconf 56' lang='lat' dir='ltr'>cpi</span> <span class='ocrx_word' id='word_1_38' title='bbox 1285 847 1286 852; x_wconf 77' lang='grc'>’</span> 
     </span>
     <span class='ocr_line' id='line_1_6' title="bbox 93 937 1252 1029; baseline 0.005 -27"><span class='ocrx_word' id='word_1_39' title='bbox 93 937 208 1004; x_wconf 90' lang='lat' dir='ltr'>lindris</span> <span class='ocrx_word' id='word_1_40' title='bbox 229 938 345 1004; x_wconf 90' lang='lat' dir='ltr'>itidem</span> <span class='ocrx_word' id='word_1_41' title='bbox 365 961 439 1005; x_wconf 90' lang='lat' dir='ltr'>cnm</span> <span class='ocrx_word' id='word_1_42' title='bbox 460 938 527 1005; x_wconf 92' lang='lat' dir='ltr'>suis</span> <span class='ocrx_word' id='word_1_43' title='bbox 551 939 693 1023; x_wconf 87' lang='lat' dir='ltr'>basibus,</span> <span class='ocrx_word' id='word_1_44' title='bbox 722 941 850 1008; x_wconf 90' lang='lat' dir='ltr'>circulis</span> <span class='ocrx_word' id='word_1_45' title='bbox 875 951 908 1008; x_wconf 91' lang='lat' dir='ltr'>et</span> <span class='ocrx_word' id='word_1_46' title='bbox 930 940 1064 1029; x_wconf 84' lang='lat' dir='ltr'>sphaeris</span> <span class='ocrx_word' id='word_1_47' title='bbox 1089 965 1163 1008; x_wconf 89' lang='lat' dir='ltr'>oum</span> <span class='ocrx_word' id='word_1_48' title='bbox 1184 940 1252 1008; x_wconf 90' lang='lat' dir='ltr'>suis</span> 
     </span>
     <span class='ocr_line' id='line_1_7' title="bbox 93 1040 1252 1132; baseline 0.001 -24"><span class='ocrx_word' id='word_1_49' title='bbox 93 1040 258 1108; x_wconf 76' lang='lat' dir='ltr'>similibus</span> <span class='ocrx_word' id='word_1_50' title='bbox 271 1043 455 1123; x_wconf 87' lang='lat' dir='ltr'>sectoribus,</span> <span class='ocrx_word' id='word_1_51' title='bbox 470 1043 598 1130; x_wconf 78' lang='lat' dir='ltr'>angulis</span> <span class='ocrx_word' id='word_1_52' title='bbox 612 1065 685 1110; x_wconf 89' lang='lat' dir='ltr'>cum</span> <span class='ocrx_word' id='word_1_53' title='bbox 696 1045 831 1112; x_wconf 77' lang='lat' dir='ltr'>monbus</span> <span class='ocrx_word' id='word_1_54' title='bbox 842 1045 959 1132; x_wconf 88' lang='lat' dir='ltr'>quibus</span> <span class='ocrx_word' id='word_1_55' title='bbox 973 1045 1136 1124; x_wconf 90' lang='lat' dir='ltr'>insistunt,</span> <span class='ocrx_word' id='word_1_56' title='bbox 1148 1045 1252 1132; x_wconf 89' lang='lat' dir='ltr'>spatia</span> 
     </span>
     <span class='ocr_line' id='line_1_8' title="bbox 92 1143 1251 1237; baseline 0.002 -27"><span class='ocrx_word' id='word_1_57' title='bbox 92 1143 247 1210; x_wconf 77' lang='lat' dir='ltr'>uniformi</span> <span class='ocrx_word' id='word_1_58' title='bbox 260 1145 427 1211; x_wconf 86' lang='lat' dir='ltr'>velocitate</span> <span class='ocrx_word' id='word_1_59' title='bbox 440 1167 587 1233; x_wconf 79' lang='lat' dir='ltr'>percum</span> <span class='ocrx_word' id='word_1_60' title='bbox 599 1169 673 1213; x_wconf 89' lang='lat' dir='ltr'>cnm</span> <span class='ocrx_word' id='word_1_61' title='bbox 688 1147 754 1213; x_wconf 89' lang='lat' dir='ltr'>suis</span> <span class='ocrx_word' id='word_1_62' title='bbox 768 1149 974 1237; x_wconf 80' lang='lat' dir='ltr'>temporibus,</span> <span class='ocrx_word' id='word_1_63' title='bbox 995 1157 1157 1215; x_wconf 87' lang='lat' dir='ltr'>momenta</span> <span class='ocrx_word' id='word_1_64' title='bbox 1171 1169 1251 1235; x_wconf 89' lang='lat' dir='ltr'>pon·</span> 
     </span>
     <span class='ocr_line' id='line_1_9' title="bbox 92 1240 1248 1340; baseline 0.003 -26"><span class='ocrx_word' id='word_1_65' title='bbox 92 1248 201 1314; x_wconf 88' lang='lat' dir='ltr'>derum</span> <span class='ocrx_word' id='word_1_66' title='bbox 211 1271 287 1316; x_wconf 85' lang='lat' dir='ltr'>eum</span> <span class='ocrx_word' id='word_1_67' title='bbox 302 1249 368 1315; x_wconf 85' lang='lat' dir='ltr'>suis</span> <span class='ocrx_word' id='word_1_68' title='bbox 382 1271 403 1316; x_wconf 90' lang='lat' dir='ltr'>a</span> <span class='ocrx_word' id='word_1_69' title='bbox 415 1259 523 1316; x_wconf 81' lang='lat' dir='ltr'>centm</span> <span class='ocrx_word' id='word_1_70' title='bbox 537 1258 662 1316; x_wconf 74' lang='lat' dir='ltr'>statem</span> <span class='ocrx_word' id='word_1_71' title='bbox 675 1240 844 1331; x_wconf 82' lang='lat' dir='ltr'>distantiis,</span> <span class='ocrx_word' id='word_1_72' title='bbox 854 1253 1092 1340; x_wconf 88' lang='lat' dir='ltr'>innumerisque</span> <span class='ocrx_word' id='word_1_73' title='bbox 1106 1251 1248 1334; x_wconf 85' lang='lat' dir='ltr'>talibne,)</span> 
     </span>
     <span class='ocr_line' id='line_1_10' title="bbox 92 1350 1247 1444; baseline 0.002 -27"><span class='ocrx_word' id='word_1_74' title='bbox 92 1352 266 1419; x_wconf 87' lang='lat' dir='ltr'>conveniat</span> <span class='ocrx_word' id='word_1_75' title='bbox 287 1351 357 1418; x_wconf 80' lang='lat' dir='ltr'>bec</span> <span class='ocrx_word' id='word_1_76' title='bbox 378 1350 576 1441; x_wconf 68' lang='lat' dir='ltr'>proprietas?</span> <span class='ocrx_word' id='word_1_77' title='bbox 618 1353 784 1433; x_wconf 83' lang='lat' dir='ltr'><strong>Quomodo</strong></span> <span class='ocrx_word' id='word_1_78' title='bbox 802 1354 901 1442; x_wconf 78' lang='lat' dir='ltr'>igitur</span> <span class='ocrx_word' id='word_1_79' title='bbox 919 1353 1247 1444; x_wconf 88' lang='lat' dir='ltr'>incomprehensibilis</span> 
     </span>
     <span class='ocr_line' id='line_1_11' title="bbox 93 1455 306 1544; baseline 0.005 -23"><span class='ocrx_word' id='word_1_80' title='bbox 93 1477 159 1521; x_wconf 86' lang='lat' dir='ltr'>esse</span> <span class='ocrx_word' id='word_1_81' title='bbox 172 1455 306 1544; x_wconf 79' lang='lat' dir='ltr'>potest?</span> 
     </span>
    </p>

    <p class='ocr_par' dir='ltr' id='par_1_3' title="bbox 91 1556 1247 3294">
     <span class='ocr_line' id='line_1_12' title="bbox 155 1556 1246 1647; baseline -0.001 -23"><span class='ocrx_word' id='word_1_82' title='bbox 155 1556 317 1639; x_wconf 71' lang='lat' dir='ltr'>Secumdo,</span> <span class='ocrx_word' id='word_1_83' title='bbox 330 1557 402 1625; x_wconf 90' lang='lat' dir='ltr'>dioo</span> <span class='ocrx_word' id='word_1_84' title='bbox 414 1557 537 1624; x_wconf 87' lang='lat' dir='ltr'>nullam</span> <span class='ocrx_word' id='word_1_85' title='bbox 547 1559 600 1626; x_wconf 81' lang='lat' dir='ltr'>htc</span> <span class='ocrx_word' id='word_1_86' title='bbox 613 1558 885 1647; x_wconf 86' lang='lat' dir='ltr'>comparationum</span> <span class='ocrx_word' id='word_1_87' title='bbox 895 1558 1086 1626; x_wconf 82' lang='lat' dir='ltr'>infinitatem</span> <span class='ocrx_word' id='word_1_88' title='bbox 1101 1558 1246 1646; x_wconf 87' lang='lat' dir='ltr'>supponi,</span> 
     </span>
     <span class='ocr_line' id='line_1_13' title="bbox 93 1659 1247 1749; baseline 0.002 -25"><span class='ocrx_word' id='word_1_89' title='bbox 93 1679 152 1724; x_wconf 91' lang='lat' dir='ltr'>non</span> <span class='ocrx_word' id='word_1_90' title='bbox 167 1669 254 1726; x_wconf 86' lang='lat' dir='ltr'>certe</span> <span class='ocrx_word' id='word_1_91' title='bbox 268 1659 374 1746; x_wconf 81' lang='lat' dir='ltr'>magis</span> <span class='ocrx_word' id='word_1_92' title='bbox 391 1681 488 1748; x_wconf 88' lang='lat' dir='ltr'>qnam</span> <span class='ocrx_word' id='word_1_93' title='bbox 505 1661 540 1726; x_wconf 91' lang='lat' dir='ltr'>in</span> <span class='ocrx_word' id='word_1_94' title='bbox 554 1661 669 1748; x_wconf 85' lang='lat' dir='ltr'>quavis</span> <span class='ocrx_word' id='word_1_95' title='bbox 685 1661 906 1728; x_wconf 88' lang='lat' dir='ltr'>enunciatione</span> <span class='ocrx_word' id='word_1_96' title='bbox 926 1661 1077 1749; x_wconf 83' lang='lat' dir='ltr'>generali,</span> <span class='ocrx_word' id='word_1_97' title='bbox 1097 1660 1247 1726; x_wconf 87' lang='lat' dir='ltr'>termino·</span> 
     </span>
     <span class='ocr_line' id='line_1_14' title="bbox 92 1762 1243 1853; baseline -0.002 -23"><span class='ocrx_word' id='word_1_98' title='bbox 92 1785 159 1830; x_wconf 88' lang='lat' dir='ltr'>rum</span> <span class='ocrx_word' id='word_1_99' title='bbox 178 1762 405 1831; x_wconf 78' lang='lat' dir='ltr'>universalitas</span> <span class='ocrx_word' id='word_1_100' title='bbox 424 1765 615 1831; x_wconf 89' lang='lat' dir='ltr'>infinitatem</span> <span class='ocrx_word' id='word_1_101' title='bbox 634 1765 795 1852; x_wconf 85' lang='lat' dir='ltr'>supponit.</span> <span class='ocrx_word' id='word_1_102' title='bbox 840 1764 926 1830; x_wconf 89' lang='lat' dir='ltr'>Nam</span> <span class='ocrx_word' id='word_1_103' title='bbox 947 1764 1034 1853; x_wconf 91' lang='lat' dir='ltr'>quod</span> <span class='ocrx_word' id='word_1_104' title='bbox 1053 1765 1188 1830; x_wconf 89' lang='lat' dir='ltr'>habetur</span> <span class='ocrx_word' id='word_1_105' title='bbox 1210 1763 1243 1828; x_wconf 91' lang='lat' dir='ltr'>in</span> 
     </span>
     <span class='ocr_line' id='line_1_15' title="bbox 91 1864 1246 1954; baseline -0.003 -20"><span class='ocrx_word' id='word_1_106' title='bbox 91 1868 274 1934; x_wconf 86' lang='lat' dir='ltr'>delinitione</span> <span class='ocrx_word' id='word_1_107' title='bbox 298 1864 371 1932; x_wconf 62' lang='lat' dir='ltr'>aad</span> <span class='ocrx_word' id='word_1_108' title='bbox 393 1864 561 1933; x_wconf 80' lang='grc' dir='ltr'>ὁποιονοῦν</span> <span class='ocrx_word' id='word_1_109' title='bbox 582 1867 909 1951; x_wconf 73' lang='grc' dir='ltr'>πολλαπλασιασμὸν</span> <span class='ocrx_word' id='word_1_110' title='bbox 935 1870 1003 1954; x_wconf 89' lang='lat' dir='ltr'>(per</span> <span class='ocrx_word' id='word_1_111' title='bbox 1026 1887 1246 1954; x_wconf 87' lang='lat' dir='ltr'>quamcunque</span> 
     </span>
     <span class='ocr_line' id='line_1_16' title="bbox 93 1969 1246 2060; baseline 0 -25"><span class='ocrx_word' id='word_1_112' title='bbox 93 1970 402 2060; x_wconf 80' lang='lat' dir='ltr'>multiplicationem)</span> <span class='ocrx_word' id='word_1_113' title='bbox 424 1969 502 2058; x_wconf 91' lang='lat' dir='ltr'>qnid</span> <span class='ocrx_word' id='word_1_114' title='bbox 515 1969 605 2036; x_wconf 74' lang='lat' dir='ltr'>ahud</span> <span class='ocrx_word' id='word_1_115' title='bbox 618 1992 715 2058; x_wconf 85' lang='lat' dir='ltr'>quam</span> <span class='ocrx_word' id='word_1_116' title='bbox 727 1970 999 2038; x_wconf 81' lang='lat' dir='ltr'>universalitatem</span> <span class='ocrx_word' id='word_1_117' title='bbox 1018 1970 1124 2036; x_wconf 88' lang='lat' dir='ltr'>innuit</span> <span class='ocrx_word' id='word_1_118' title='bbox 1137 1969 1246 2035; x_wconf 90' lang='lat' dir='ltr'>condi·</span> 
     </span>
     <span class='ocr_line' id='line_1_17' title="bbox 92 2071 1245 2160; baseline -0.001 -23"><span class='ocrx_word' id='word_1_119' title='bbox 92 2073 184 2140; x_wconf 89' lang='lat' dir='ltr'>tionis</span> <span class='ocrx_word' id='word_1_120' title='bbox 206 2072 412 2160; x_wconf 69' lang='lat' dir='ltr'>prestitutae3</span> <span class='ocrx_word' id='word_1_121' title='bbox 435 2095 500 2138; x_wconf 91' lang='lat' dir='ltr'>non</span> <span class='ocrx_word' id='word_1_122' title='bbox 517 2095 560 2138; x_wconf 89' lang='lat' dir='ltr'>ex</span> <span class='ocrx_word' id='word_1_123' title='bbox 583 2071 725 2139; x_wconf 91' lang='lat' dir='ltr'>omnium</span> <span class='ocrx_word' id='word_1_124' title='bbox 744 2071 955 2159; x_wconf 79' lang='lat' dir='ltr'>singularium</span> <span class='ocrx_word' id='word_1_125' title='bbox 976 2071 1171 2153; x_wconf 80' lang='lat' dir='ltr'>lustratione,</span> <span class='ocrx_word' id='word_1_126' title='bbox 1191 2071 1245 2138; x_wconf 86' lang='lat' dir='ltr'>vel</span> 
     </span>
     <span class='ocr_line' id='line_1_18' title="bbox 94 2171 1244 2261; baseline -0.001 -22"><span class='ocrx_word' id='word_1_127' title='bbox 94 2173 256 2241; x_wconf 71' lang='lat' dir='ltr'>inductiva</span> <span class='ocrx_word' id='word_1_128' title='bbox 276 2172 392 2261; x_wconf 87' lang='lat' dir='ltr'>quavis</span> <span class='ocrx_word' id='word_1_129' title='bbox 412 2173 605 2253; x_wconf 84' lang='lat' dir='ltr'>collectione,</span> <span class='ocrx_word' id='word_1_130' title='bbox 631 2171 751 2240; x_wconf 83' lang='lat' dir='ltr'>sodex</span> <span class='ocrx_word' id='word_1_131' title='bbox 772 2173 946 2239; x_wconf 86' lang='lat' dir='ltr'>universali</span> <span class='ocrx_word' id='word_1_132' title='bbox 967 2173 1131 2240; x_wconf 90' lang='lat' dir='ltr'>ratiocinio</span> <span class='ocrx_word' id='word_1_133' title='bbox 1158 2196 1244 2239; x_wconf 90' lang='lat' dir='ltr'>com·</span> 
     </span>
     <span class='ocr_line' id='line_1_19' title="bbox 94 2274 1245 2364; baseline -0.003 -20"><span class='ocrx_word' id='word_1_134' title='bbox 94 2276 288 2363; x_wconf 72' lang='lat' dir='ltr'>petendo?</span> <span class='ocrx_word' id='word_1_135' title='bbox 328 2275 516 2363; x_wconf 86' lang='lat' dir='ltr'>Requiritur</span> <span class='ocrx_word' id='word_1_136' title='bbox 537 2297 652 2362; x_wconf 82' lang='lat' dir='ltr'>nempe</span> <span class='ocrx_word' id='word_1_137' title='bbox 671 2274 836 2356; x_wconf 83' lang='lat' dir='ltr'>duntaxat,</span> <span class='ocrx_word' id='word_1_138' title='bbox 857 2285 894 2342; x_wconf 92' lang='lat' dir='ltr'>ut</span> <span class='ocrx_word' id='word_1_139' title='bbox 916 2276 1024 2342; x_wconf 86' lang='lat' dir='ltr'>omnia</span> <span class='ocrx_word' id='word_1_140' title='bbox 1046 2276 1245 2364; x_wconf 71' lang='lat' dir='ltr'>aquemulti·</span> 
     </span>
     <span class='ocr_line' id='line_1_20' title="bbox 93 2378 1244 2466; baseline -0.004 -18"><span class='ocrx_word' id='word_1_141' title='bbox 93 2379 184 2466; x_wconf 78' lang='lat' dir='ltr'>plicia</span> <span class='ocrx_word' id='word_1_142' title='bbox 197 2378 451 2446; x_wconf 86' lang='lat' dir='ltr'>antecedentium</span> <span class='ocrx_word' id='word_1_143' title='bbox 465 2379 573 2446; x_wconf 85' lang='lat' dir='ltr'>taliter</span> <span class='ocrx_word' id='word_1_144' title='bbox 587 2380 762 2445; x_wconf 87' lang='lat' dir='ltr'>afficiantur</span> <span class='ocrx_word' id='word_1_145' title='bbox 774 2401 851 2466; x_wconf 86' lang='lat' dir='ltr'>erga</span> <span class='ocrx_word' id='word_1_146' title='bbox 865 2378 971 2444; x_wconf 87' lang='lat' dir='ltr'>omnia</span> <span class='ocrx_word' id='word_1_147' title='bbox 985 2378 1244 2466; x_wconf 88' lang='lat' dir='ltr'>consequentium</span> 
     </span>
     <span class='ocr_line' id='line_1_21' title="bbox 95 2479 1246 2571; baseline -0.004 -21"><span class='ocrx_word' id='word_1_148' title='bbox 95 2483 386 2571; x_wconf 79' lang='lat' dir='ltr'>aquemultiplicia3</span> <span class='ocrx_word' id='word_1_149' title='bbox 407 2481 514 2549; x_wconf 88' lang='lat' dir='ltr'>taliter</span> <span class='ocrx_word' id='word_1_150' title='bbox 530 2483 686 2570; x_wconf 84' lang='lat' dir='ltr'>(inquam)</span> <span class='ocrx_word' id='word_1_151' title='bbox 702 2479 887 2561; x_wconf 68' lang='lat' dir='ltr'>afficiantur,</span> <span class='ocrx_word' id='word_1_152' title='bbox 903 2480 965 2546; x_wconf 91' lang='lat' dir='ltr'>hoc</span> <span class='ocrx_word' id='word_1_153' title='bbox 978 2490 1036 2560; x_wconf 89' lang='lat' dir='ltr'>est,</span> <span class='ocrx_word' id='word_1_154' title='bbox 1052 2480 1246 2564; x_wconf 85' lang='lat' dir='ltr'>idemratio-</span> 
     </span>
     <span class='ocr_line' id='line_1_22' title="bbox 94 2583 1242 2674; baseline -0.002 -23"><span class='ocrx_word' id='word_1_155' title='bbox 94 2586 141 2651; x_wconf 88' lang='lat' dir='ltr'>nis</span> <span class='ocrx_word' id='word_1_156' title='bbox 161 2609 353 2674; x_wconf 69' lang='lat' dir='ltr'>gennaesa</span> <span class='ocrx_word' id='word_1_157' title='bbox 372 2585 503 2652; x_wconf 90' lang='lat' dir='ltr'>modum</span> <span class='ocrx_word' id='word_1_158' title='bbox 524 2585 660 2652; x_wconf 89' lang='lat' dir='ltr'>eundem</span> <span class='ocrx_word' id='word_1_159' title='bbox 682 2584 856 2665; x_wconf 76' lang='lat' dir='ltr'>obtineant,</span> <span class='ocrx_word' id='word_1_160' title='bbox 878 2605 1054 2665; x_wconf 82' lang='lat' dir='ltr'>excessum,</span> <span class='ocrx_word' id='word_1_161' title='bbox 1075 2583 1242 2664; x_wconf 83' lang='lat' dir='ltr'>deiectum,</span> 
     </span>
     <span class='ocr_line' id='line_1_23' title="bbox 94 2685 1244 2778; baseline -0.004 -22"><span class='ocrx_word' id='word_1_162' title='bbox 94 2700 146 2756; x_wconf 84' lang='lat' dir='ltr'>ant</span> <span class='ocrx_word' id='word_1_163' title='bbox 158 2689 385 2778; x_wconf 77' lang='lat' dir='ltr'>equalitatem.</span> <span class='ocrx_word' id='word_1_164' title='bbox 431 2688 467 2757; x_wconf 78' lang='lat' dir='ltr'>si</span> <span class='ocrx_word' id='word_1_165' title='bbox 482 2688 590 2754; x_wconf 89' lang='lat' dir='ltr'>subest</span> <span class='ocrx_word' id='word_1_166' title='bbox 604 2688 659 2754; x_wconf 82' lang='lat' dir='ltr'>hic</span> <span class='ocrx_word' id='word_1_167' title='bbox 672 2687 1000 2775; x_wconf 87' lang='lat' dir='ltr'>incomprehensibilis</span> <span class='ocrx_word' id='word_1_168' title='bbox 1015 2687 1122 2775; x_wconf 87' lang='lat' dir='ltr'>aliqua</span> <span class='ocrx_word' id='word_1_169' title='bbox 1136 2685 1244 2752; x_wconf 84' lang='lat' dir='ltr'>infini-</span> 
     </span>
     <span class='ocr_line' id='line_1_24' title="bbox 94 2790 1244 2875; baseline -0.003 -16"><span class='ocrx_word' id='word_1_170' title='bbox 94 2803 147 2875; x_wconf 85' lang='lat' dir='ltr'>tas,</span> <span class='ocrx_word' id='word_1_171' title='bbox 167 2794 267 2860; x_wconf 81' lang='lat' dir='ltr'>etiam</span> <span class='ocrx_word' id='word_1_172' title='bbox 281 2792 388 2859; x_wconf 88' lang='lat' dir='ltr'>omnio</span> <span class='ocrx_word' id='word_1_173' title='bbox 402 2792 604 2858; x_wconf 78' lang='lat' dir='ltr'>scientiarum</span> <span class='ocrx_word' id='word_1_174' title='bbox 623 2791 766 2858; x_wconf 91' lang='lat' dir='ltr'>omnium</span> <span class='ocrx_word' id='word_1_175' title='bbox 786 2790 990 2872; x_wconf 80' lang='lat' dir='ltr'>theoremata,</span> <span class='ocrx_word' id='word_1_176' title='bbox 1009 2790 1244 2858; x_wconf 88' lang='lat' dir='ltr'>universalibus</span> 
     </span>
     <span class='ocr_line' id='line_1_25' title="bbox 96 2893 1241 2986; baseline -0.003 -23"><span class='ocrx_word' id='word_1_177' title='bbox 96 2897 207 2986; x_wconf 89' lang='lat' dir='ltr'>quippe</span> <span class='ocrx_word' id='word_1_178' title='bbox 217 2896 362 2963; x_wconf 88' lang='lat' dir='ltr'>terminis</span> <span class='ocrx_word' id='word_1_179' title='bbox 373 2896 552 2964; x_wconf 86' lang='lat' dir='ltr'>constantia</span> <span class='ocrx_word' id='word_1_180' title='bbox 561 2894 678 2984; x_wconf 87' lang='lat' dir='ltr'>pariter</span> <span class='ocrx_word' id='word_1_181' title='bbox 689 2893 1021 2983; x_wconf 87' lang='lat' dir='ltr'>incomprehensibilia</span> <span class='ocrx_word' id='word_1_182' title='bbox 1031 2895 1096 2961; x_wconf 89' lang='lat' dir='ltr'>sint</span> <span class='ocrx_word' id='word_1_183' title='bbox 1108 2903 1241 2982; x_wconf 87' lang='lat' dir='ltr'>oportet.</span> 
     </span>
     <span class='ocr_line' id='line_1_26' title="bbox 96 2997 1244 3088; baseline 0.001 -24"><span class='ocrx_word' id='word_1_184' title='bbox 96 2998 203 3088; x_wconf 86' lang='lat' dir='ltr'>Neque</span> <span class='ocrx_word' id='word_1_185' title='bbox 227 2999 522 3087; x_wconf 89' lang='lat' dir='ltr'>comprehensibilis</span> <span class='ocrx_word' id='word_1_186' title='bbox 546 2998 607 3066; x_wconf 90' lang='lat' dir='ltr'>erit</span> <span class='ocrx_word' id='word_1_187' title='bbox 630 2998 699 3064; x_wconf 78' lang='lat' dir='ltr'>bac</span> <span class='ocrx_word' id='word_1_188' title='bbox 723 2997 907 3086; x_wconf 89' lang='lat' dir='ltr'>propositio,</span> <span class='ocrx_word' id='word_1_189' title='bbox 933 2997 1048 3066; x_wconf 87' lang='lat' dir='ltr'>Omnis</span> <span class='ocrx_word' id='word_1_190' title='bbox 1073 2999 1169 3065; x_wconf 88' lang='lat' dir='ltr'>homo</span> <span class='ocrx_word' id='word_1_191' title='bbox 1194 3010 1244 3065; x_wconf 90' lang='lat' dir='ltr'>est</span> 
     </span>
     <span class='ocr_line' id='line_1_27' title="bbox 96 3098 1242 3190; baseline -0.003 -22"><span class='ocrx_word' id='word_1_192' title='bbox 96 3102 219 3183; x_wconf 88' lang='lat' dir='ltr'>animal,</span> <span class='ocrx_word' id='word_1_193' title='bbox 241 3102 392 3190; x_wconf 89' lang='lat' dir='ltr'>quoniam</span> <span class='ocrx_word' id='word_1_194' title='bbox 406 3102 442 3168; x_wconf 92' lang='lat' dir='ltr'>in</span> <span class='ocrx_word' id='word_1_195' title='bbox 456 3107 494 3167; x_wconf 78' lang='lat' dir='ltr'>et</span> <span class='ocrx_word' id='word_1_196' title='bbox 508 3101 680 3167; x_wconf 86' lang='lat' dir='ltr'>affirmatur</span> <span class='ocrx_word' id='word_1_197' title='bbox 698 3098 905 3166; x_wconf 86' lang='lat' dir='ltr'>animalitatis</span> <span class='ocrx_word' id='word_1_198' title='bbox 926 3099 1148 3188; x_wconf 79' lang='lat' dir='ltr'>proprietatem</span> <span class='ocrx_word' id='word_1_199' title='bbox 1168 3099 1242 3166; x_wconf 90' lang='lat' dir='ltr'>infi-</span> 
     </span>
     <span class='ocr_line' id='line_1_28' title="bbox 96 3201 929 3294; baseline 0 -24"><span class='ocrx_word' id='word_1_200' title='bbox 96 3205 165 3273; x_wconf 92' lang='lat' dir='ltr'>nitis</span> <span class='ocrx_word' id='word_1_201' title='bbox 179 3206 236 3293; x_wconf 89' lang='lat' dir='ltr'>qui</span> <span class='ocrx_word' id='word_1_202' title='bbox 250 3205 386 3272; x_wconf 82' lang='lat' dir='ltr'>existere</span> <span class='ocrx_word' id='word_1_203' title='bbox 399 3212 533 3294; x_wconf 91' lang='lat' dir='ltr'>possunt</span> <span class='ocrx_word' id='word_1_204' title='bbox 545 3201 729 3270; x_wconf 86' lang='lat' dir='ltr'>bominibus</span> <span class='ocrx_word' id='word_1_205' title='bbox 743 3213 929 3292; x_wconf 88' lang='lat' dir='ltr'>competere.</span> 
     </span>
    </p>

    <p class='ocr_par' dir='ltr' id='par_1_4' title="bbox 96 3305 1243 3708">
     <span class='ocr_line' id='line_1_29' title="bbox 153 3305 1242 3393; baseline -0.003 -18"><span class='ocrx_word' id='word_1_206' title='bbox 153 3308 274 3391; x_wconf 83' lang='lat' dir='ltr'>Tertio,</span> <span class='ocrx_word' id='word_1_207' title='bbox 285 3308 540 3385; x_wconf 81' lang='lat' dir='ltr'>manifestissime</span> <span class='ocrx_word' id='word_1_208' title='bbox 550 3305 667 3376; x_wconf 78' lang='lat' dir='ltr'>refellit</span> <span class='ocrx_word' id='word_1_209' title='bbox 676 3306 759 3372; x_wconf 85' lang='lat' dir='ltr'>hanc</span> <span class='ocrx_word' id='word_1_210' title='bbox 768 3306 955 3372; x_wconf 87' lang='lat' dir='ltr'>instantiam</span> <span class='ocrx_word' id='word_1_211' title='bbox 967 3307 1038 3393; x_wconf 86' lang='lat' dir='ltr'>ipsa</span> <span class='ocrx_word' id='word_1_212' title='bbox 1049 3305 1242 3373; x_wconf 88' lang='lat' dir='ltr'>definitionis</span> 
     </span>
     <span class='ocr_line' id='line_1_30' title="bbox 97 3408 1243 3500; baseline 0 -26"><span class='ocrx_word' id='word_1_213' title='bbox 97 3408 187 3498; x_wconf 87' lang='lat' dir='ltr'>hujus</span> <span class='ocrx_word' id='word_1_214' title='bbox 200 3411 389 3500; x_wconf 73' lang='lat' dir='ltr'>applicatio,</span> <span class='ocrx_word' id='word_1_215' title='bbox 411 3433 485 3498; x_wconf 80' lang='lat' dir='ltr'>quae</span> <span class='ocrx_word' id='word_1_216' title='bbox 503 3431 567 3475; x_wconf 91' lang='lat' dir='ltr'>uon</span> <span class='ocrx_word' id='word_1_217' title='bbox 588 3408 680 3476; x_wconf 90' lang='lat' dir='ltr'>aliter</span> <span class='ocrx_word' id='word_1_218' title='bbox 700 3409 850 3497; x_wconf 89' lang='lat' dir='ltr'>procedit,</span> <span class='ocrx_word' id='word_1_219' title='bbox 871 3430 967 3494; x_wconf 87' lang='lat' dir='ltr'>quam</span> <span class='ocrx_word' id='word_1_220' title='bbox 982 3430 1079 3473; x_wconf 86' lang='lat' dir='ltr'>unam</span> <span class='ocrx_word' id='word_1_221' title='bbox 1094 3408 1243 3494; x_wconf 85' lang='lat' dir='ltr'>quamvis</span> 
     </span>
     <span class='ocr_line' id='line_1_31' title="bbox 96 3510 1241 3600; baseline -0.003 -20"><span class='ocrx_word' id='word_1_222' title='bbox 96 3513 363 3583; x_wconf 75' lang='lat' dir='ltr'>indeterminatam</span> <span class='ocrx_word' id='word_1_223' title='bbox 385 3523 418 3581; x_wconf 89' lang='lat' dir='ltr'>et</span> <span class='ocrx_word' id='word_1_224' title='bbox 434 3513 638 3582; x_wconf 79' lang='lat' dir='ltr'>&#39;arbitrariam</span> <span class='ocrx_word' id='word_1_225' title='bbox 664 3510 962 3600; x_wconf 78' lang='lat' dir='ltr'>multiplicationem</span> <span class='ocrx_word' id='word_1_226' title='bbox 987 3511 1241 3577; x_wconf 84' lang='lat' dir='ltr'>antecedentium</span> 
     </span>
     <span class='ocr_line' id='line_1_32' title="bbox 97 3613 1242 3708; baseline -0.004 -22"><span class='ocrx_word' id='word_1_227' title='bbox 97 3639 246 3708; x_wconf 85' lang='lat' dir='ltr'>unamque</span> <span class='ocrx_word' id='word_1_228' title='bbox 260 3615 521 3705; x_wconf 88' lang='lat' dir='ltr'>consequentium</span> <span class='ocrx_word' id='word_1_229' title='bbox 534 3638 592 3705; x_wconf 88' lang='lat' dir='ltr'>pro</span> <span class='ocrx_word' id='word_1_230' title='bbox 607 3615 763 3695; x_wconf 86' lang='lat' dir='ltr'>omnibus,</span> <span class='ocrx_word' id='word_1_231' title='bbox 775 3636 848 3701; x_wconf 78' lang='lat' dir='ltr'>qua</span> <span class='ocrx_word' id='word_1_232' title='bbox 862 3613 994 3700; x_wconf 83' lang='lat' dir='ltr'>cogitari</span> <span class='ocrx_word' id='word_1_233' title='bbox 1008 3623 1142 3702; x_wconf 90' lang='lat' dir='ltr'>possunt</span> <span class='ocrx_word' id='word_1_234' title='bbox 1156 3615 1242 3704; x_wconf 89' lang='lat' dir='ltr'>ipso-</span> 
     </span>
    </p>
   </div>
   <div class='ocr_carea' id='block_1_3' title="bbox 96 3715 1287 4220">
    <p class='ocr_par' dir='ltr' id='par_1_5' title="bbox 96 3715 1287 4118">
     <span class='ocr_line' id='line_1_33' title="bbox 97 3715 1242 3808; baseline -0.003 -22"><span class='ocrx_word' id='word_1_235' title='bbox 97 3741 160 3786; x_wconf 86' lang='lat' dir='ltr'>mm</span> <span class='ocrx_word' id='word_1_236' title='bbox 179 3719 500 3808; x_wconf 77' lang='lat' dir='ltr'>multiplicationibus</span> <span class='ocrx_word' id='word_1_237' title='bbox 519 3717 761 3803; x_wconf 80' lang='lat' dir='ltr'>substituend03</span> <span class='ocrx_word' id='word_1_238' title='bbox 782 3737 911 3805; x_wconf 87' lang='lat' dir='ltr'>prorsus</span> <span class='ocrx_word' id='word_1_239' title='bbox 930 3715 1040 3782; x_wconf 89' lang='lat' dir='ltr'>eodem</span> <span class='ocrx_word' id='word_1_240' title='bbox 1061 3715 1155 3782; x_wconf 90' lang='lat' dir='ltr'>modo</span> <span class='ocrx_word' id='word_1_241' title='bbox 1176 3739 1242 3803; x_wconf 92' lang='lat' dir='ltr'>quo</span> 
     </span>
     <span class='ocr_line' id='line_1_34' title="bbox 96 3818 1240 3910; baseline -0.003 -22"><span class='ocrx_word' id='word_1_242' title='bbox 96 3823 189 3890; x_wconf 86' lang='lat' dir='ltr'>solent</span> <span class='ocrx_word' id='word_1_243' title='bbox 215 3822 411 3891; x_wconf 77' lang='lat' dir='ltr'>universales</span> <span class='ocrx_word' id='word_1_244' title='bbox 439 3843 634 3910; x_wconf 85' lang='lat' dir='ltr'>quaecunque</span> <span class='ocrx_word' id='word_1_245' title='bbox 660 3819 891 3909; x_wconf 89' lang='lat' dir='ltr'>propositiones</span> <span class='ocrx_word' id='word_1_246' title='bbox 920 3819 1082 3908; x_wconf 86' lang='lat' dir='ltr'>applicari.</span> <span class='ocrx_word' id='word_1_247' title='bbox 1139 3818 1240 3885; x_wconf 88' lang='lat' dir='ltr'>Nulla</span> 
     </span>
     <span class='ocr_line' id='line_1_35' title="bbox 97 3922 1287 4015; baseline -0.001 -25"><span class='ocrx_word' id='word_1_248' title='bbox 97 3924 334 4015; x_wconf 87' lang='lat' dir='ltr'>deprehenditur</span> <span class='ocrx_word' id='word_1_249' title='bbox 358 3925 413 3992; x_wconf 91' lang='lat' dir='ltr'>hic</span> <span class='ocrx_word' id='word_1_250' title='bbox 437 3924 590 4006; x_wconf 88' lang='lat' dir='ltr'>infinitas,</span> <span class='ocrx_word' id='word_1_251' title='bbox 617 3925 767 4011; x_wconf 85' lang='lat' dir='ltr'>ambages</span> <span class='ocrx_word' id='word_1_252' title='bbox 792 3922 901 4004; x_wconf 84' lang='lat' dir='ltr'>nullae,</span> <span class='ocrx_word' id='word_1_253' title='bbox 929 3923 985 3991; x_wconf 89' lang='lat' dir='ltr'>sed</span> <span class='ocrx_word' id='word_1_254' title='bbox 1007 3923 1239 4010; x_wconf 82' lang='lat' dir='ltr'>argumentatio</span> <span class='ocrx_word' id='word_1_255' title='bbox 1281 3939 1287 3952; x_wconf 94' lang='grc'>·</span> 
     </span>
     <span class='ocr_line' id='line_1_36' title="bbox 97 4026 1036 4118; baseline -0.002 -24"><span class='ocrx_word' id='word_1_256' title='bbox 97 4027 331 4118; x_wconf 86' lang='lat' dir='ltr'>simplicissima.</span> <span class='ocrx_word' id='word_1_257' title='bbox 374 4027 445 4094; x_wconf 89' lang='lat' dir='ltr'>Nec</span> <span class='ocrx_word' id='word_1_258' title='bbox 457 4027 557 4115; x_wconf 82' lang='lat' dir='ltr'>igitur</span> <span class='ocrx_word' id='word_1_259' title='bbox 570 4027 641 4094; x_wconf 81' lang='lat' dir='ltr'>hec</span> <span class='ocrx_word' id='word_1_260' title='bbox 653 4027 734 4093; x_wconf 83' lang='lat' dir='ltr'>ratio</span> <span class='ocrx_word' id='word_1_261' title='bbox 747 4026 918 4114; x_wconf 83' lang='lat' dir='ltr'>quicquam</span> <span class='ocrx_word' id='word_1_262' title='bbox 932 4026 1036 4093; x_wconf 86' lang='lat' dir='ltr'>efficit.</span> 
     </span>
    </p>

    <p class='ocr_par' dir='ltr' id='par_1_6' title="bbox 151 4129 1240 4220">
     <span class='ocr_line' id='line_1_37' title="bbox 151 4129 1240 4220; baseline -0.002 -20"><span class='ocrx_word' id='word_1_263' title='bbox 151 4131 309 4200; x_wconf 77' lang='lat' dir='ltr'>(laternm</span> <span class='ocrx_word' id='word_1_264' title='bbox 322 4130 395 4196; x_wconf 87' lang='lat' dir='ltr'>infit</span> <span class='ocrx_word' id='word_1_265' title='bbox 408 4129 510 4210; x_wconf 87' lang='lat' dir='ltr'>tertio,</span> <span class='ocrx_word' id='word_1_266' title='bbox 531 4130 620 4196; x_wconf 67' lang='lat' dir='ltr'>[aaa</span> <span class='ocrx_word' id='word_1_267' title='bbox 633 4130 819 4217; x_wconf 53' lang='lat' dir='ltr'>apportata</span> <span class='ocrx_word' id='word_1_268' title='bbox 832 4129 1015 4198; x_wconf 67' lang='lat' dir='ltr'>concedano</span> <span class='ocrx_word' id='word_1_269' title='bbox 1029 4129 1132 4198; x_wconf 76' lang='lat' dir='ltr'>adbuc</span> <span class='ocrx_word' id='word_1_270' title='bbox 1151 4129 1240 4220; x_wconf 73' lang='lat' dir='ltr'>e’peo-</span> 
     </span>
    </p>
   </div>
   <div class='ocr_carea' id='block_1_4' title="bbox 140 4361 1028 4524">
    <p class='ocr_par' dir='ltr' id='par_1_7' title="bbox 140 4361 1028 4524">
     <span class='ocr_line' id='line_1_38' title="bbox 140 4361 1028 4436; baseline 0.006 -18"><span class='ocrx_word' id='word_1_271' title='bbox 140 4366 164 4418; x_wconf 87' lang='lat'>2</span> <span class='ocrx_word' id='word_1_272' title='bbox 196 4363 232 4420; x_wconf 92' lang='lat' dir='ltr'>ln</span> <span class='ocrx_word' id='word_1_273' title='bbox 246 4377 330 4434; x_wconf 70' lang='lat' dir='ltr'>arev</span> <span class='ocrx_word' id='word_1_274' title='bbox 338 4361 453 4433; x_wconf 64' lang='lat' dir='ltr'>wael</span> <span class='ocrx_word' id='word_1_275' title='bbox 468 4361 643 4420; x_wconf 86' lang='lat' dir='ltr'>enunciation</span> <span class='ocrx_word' id='word_1_276' title='bbox 659 4361 740 4426; x_wconf 74' lang='lat' dir='ltr'>ibere</span> <span class='ocrx_word' id='word_1_277' title='bbox 750 4361 777 4418; x_wconf 89' lang='lat' dir='ltr'>is</span> <span class='ocrx_word' id='word_1_278' title='bbox 786 4361 894 4432; x_wconf 60' lang='lat' dir='ltr'>infinit!</span> <span class='ocrx_word' id='word_1_279' title='bbox 905 4363 1028 4436; x_wconf 84' lang='lat' dir='ltr'>impliod.</span> 
     </span>
     <span class='ocr_line' id='line_1_39' title="bbox 141 4447 946 4524; baseline 0 -16"><span class='ocrx_word' id='word_1_280' title='bbox 141 4454 164 4508; x_wconf 78' lang='grc'>3.</span> <span class='ocrx_word' id='word_1_281' title='bbox 196 4449 255 4508; x_wconf 84' lang='lat' dir='ltr'>&#39;lbo</span> <span class='ocrx_word' id='word_1_282' title='bbox 270 4447 450 4524; x_wconf 72' lang='lat' dir='ltr'>applitations</span> <span class='ocrx_word' id='word_1_283' title='bbox 467 4448 542 4507; x_wconf 84' lang='lat' dir='ltr'>sbev</span> <span class='ocrx_word' id='word_1_284' title='bbox 558 4447 660 4507; x_wconf 81' lang='lat' dir='ltr'>bonit</span> <span class='ocrx_word' id='word_1_285' title='bbox 676 4448 702 4506; x_wconf 87' lang='lat' dir='ltr'>is</span> <span class='ocrx_word' id='word_1_286' title='bbox 718 4447 946 4519; x_wconf 72' lang='lat' dir='ltr'>comprehendas.</span> 
     </span>
    </p>
   </div>
   <div class='ocr_carea' id='block_1_5' title="bbox 0 0 1588 5192">
    <p class='ocr_par' dir='ltr' id='par_1_8' title="bbox 0 0 1588 5192">
     <span class='ocr_line' id='line_1_40' title="bbox 0 0 1588 5192; baseline 0 0"><span class='ocrx_word' id='word_1_287' title='bbox 0 0 1588 5192; x_wconf 95' lang='lat' dir='ltr'> </span> 
     </span>
    </p>
   </div>
  </div>
 </body>
</html>
