3167 5192
336 358 400 429 210
669 370 856 423 cucurouus
877 368 1151 424 narnuuamcm
1289 357 1397 445 [sacr.
1411 376 1490 427 1111.

337 568 441 614 meam
464 543 660 631 argumentis
679 541 870 629 quibusdam
891 542 1119 608 communitam
1139 542 1354 630 interponens,
1375 555 1491 611 vestro·

338 672 398 737 que
419 646 609 713 decisionem
629 644 776 711 ultimam
796 644 927 711 arbitrio
944 644 1153 711 committeus.
1197 644 1334 712 Necnon
1352 646 1488 733 regulam

217 742 218 747 ἵ
336 752 432 817 istam
448 748 631 815 Aristotelis
649 746 874 835 equissimam,
892 746 1040 833 religiose
1060 746 1167 814 colens
1188 760 1222 815 et
1243 749 1425 830 observans,
1440 773 1489 817 su·

336 854 441 942 perius
469 852 508 939 (si
529 854 611 919 bene
632 850 846 935 commemini)
871 848 1053 936 allegatam,
1076 851 1192 939 sapius
1217 854 1319 941 repeti
1344 853 1487 940 dignamt

338 958 483 1023 Μᾶλλον
498 954 539 1022 ἂν
554 956 600 1037 εἴη
615 952 721 1021 πιστὰ
734 954 777 1019 τὰ
790 953 956 1037 μέλλοντα
969 954 1195 1041 λεχθήσεσθοι
1211 956 1435 1045 προακηκοόσι
1450 956 1489 1023 τὰ

337 1064 402 1127 τῶν
416 1058 713 1147 ἀμφισβητούντων
726 1056 836 1141 λόγων
849 1056 1061 1140 δικαιώματα·
1084 1056 1122 1127 τὸ
1140 1057 1206 1146 γὰρ
1225 1058 1348 1147 ἐρήμην
1366 1061 1487 1127 καταδι-

338 1163 492 1245 attactas
507 1162 618 1243 δοκεῖν,
634 1159 731 1244 ἦττον
745 1159 787 1227 ἂν
800 1158 878 1244 ἡμῖν
892 1158 1046 1249 ὑπάρχοι.
1090 1161 1159 1227 Kat
1176 1161 1242 1250 γὰρ
1257 1162 1307 1229 δεῖ
1319 1162 1486 1245 διαιτητάς,

339 1266 416 1333 ἀλλ’
445 1265 502 1333 οὐκ
535 1264 712 1336 ἀντιδίκους
745 1262 826 1330 εἶναι
855 1262 929 1336 τοὺς
959 1263 1142 1348 μέλλοντας
1169 1263 1197 1331 τ’
1229 1266 1352 1348 ὀληθὲς
1379 1268 1488 1356 κρίνειν

341 1369 480 1442 fraude&
521 1368 600 1451 Qnae
615 1370 712 1435 verba
727 1368 773 1434 sic
787 1368 945 1449 verterim,
961 1369 1072 1436 Faciem
1087 1369 1196 1436 arelius
1210 1371 1389 1437 obtinebunt
1400 1373 1486 1451 drea,

339 1475 373 1541 si
380 1475 528 1563 partium
548 1485 731 1561 orprarrcata
742 1473 843 1560 priua
860 1471 1051 1538 audiantur:
1072 1496 1147 1538 anm
1168 1473 1290 1540 indam
1310 1483 1408 1541 camd
1426 1500 1487 1541 aaa·

340 1579 468 1643 teatt’am
477 1576 577 1665 ferre,
591 1590 775 1665 partemque
795 1578 937 1663 pumen
958 1576 1135 1643 inauditam
1156 1576 1370 1659 condemnare,
1389 1581 1488 1645 οιίοιι

340 1680 486 1746 addeceat
506 1703 560 1745 uos
586 1678 799 1766 (Phibsoplzos
823 1702 929 1767 nempe
954 1680 1114 1745 veritatem
1139 1680 1359 1768 indagantem)
1380 1694 1487 1770 oportet

339 1785 422 1849 enain
436 1806 498 1848 ιιοιι
518 1795 582 1848 tam
601 1781 797 1848 αᾱυοτοοτίοο
816 1804 879 1846 case
895 1805 991 1867 ηιιοιιι
1010 1781 1142 1847 arbr'tros
1164 1784 1205 1867 (et
1222 1784 1417 1869 minema)
1436 1786 1489 1871 qui

340 1886 378 1951 dc
403 1910 473 1950 vero
498 1909 628 1971 congrue
657 1885 752 1951 valiat
770 1885 931 1973 judicare.
975 1882 1049 1965 Qua
1074 1886 1231 1953 sententie
1255 1886 1339 1953 nihil
1363 1888 1485 1975 justius,

339 1988 489 2061 sanctius,
503 1987 700 2075 prudentius.

405 2089 452 2156 At
466 2113 567 2179 porro,
584 2091 671 2178 quod
684 2089 887 2177 generalibus
900 2090 987 2157 hisce
1002 2091 1239 2177 procemialibus
1253 2103 1286 2159 et
1302 2094 1484 2182 praelusoriis

340 2192 485 2259 insistam
499 2193 619 2281 largius
635 2204 667 2260 et
681 2193 820 2281 longius,
836 2192 981 2260 excusari
997 2203 1120 2282 potest:
1143 2195 1256 2282 primo,
1272 2196 1360 2283 quod
1377 2197 1484 2263 inillis

340 2318 374 2363 se
395 2296 562 2364 meditanti
584 2308 757 2385 suggerant
779 2298 948 2365 observatu
970 2319 1034 2365 non
1056 2297 1199 2386 indigna,
1214 2322 1273 2366 nec
1295 2301 1353 2367 illa
1374 2301 1482 2389 possim

341 2402 446 2484 obvia,
472 2401 633 2491 vulgoque
658 2402 809 2491 protrita3
840 2399 897 2467 sed
922 2410 977 2466 aut
999 2400 1099 2469 ferme
1123 2424 1188 2468 non
1214 2405 1416 2484 occurrentia,
1434 2404 1482 2469 rel

339 2506 420 2573 alibi
433 2508 559 2596 parcius
574 2506 729 2596 exposita)
747 2528 806 2571 nec
820 2527 885 2570 non
899 2503 934 2569 in
948 2503 1015 2569 illis
1029 2504 1176 2591 quaedam
1193 2506 1364 2593 paradoxa,
1379 2508 1481 2573 restris

341 2612 419 2677 adeo
444 2635 516 2678 cum
543 2610 721 2679 excitandis
746 2608 895 2697 ingeniis,
921 2618 992 2674 tum
1017 2608 1229 2675 exercitandis
1250 2608 1384 2696 judiciis
1406 2632 1480 2675 oom-

340 2723 459 2800 parata
504 2712 588 2780 Tum
604 2712 776 2800 generatim
797 2710 948 2777 distincta
964 2709 1202 2798 comprehensio
1220 2711 1396 2799 plurimum
1416 2735 1480 2779 con·
1539 2759 1540 2778 2

340 2816 419 2882 serre
435 2817 560 2883 videtur
577 2818 618 2883 ad
635 2814 894 2903 subsequentium
914 2824 1043 2901 captum
1062 2814 1188 2880 facilem
1209 2826 1305 2903 atque
1323 2816 1477 2904 perfectam

340 2919 496 2985 notitiam.
541 2920 626 2984 Nam
656 2922 695 2986 de
723 2918 889 3008 principiis
917 2917 1015 2983 variis
1041 2926 1073 2983 et
1097 2918 1425 2999 demonstrationibus,
1447 2920 1478 2985 de

339 3021 569 3106 magnitudine,
584 3045 726 3102 numero,
742 3021 854 3109 spatio,
870 3032 968 3101 motu,
983 3028 1133 3107 tempore,
1146 3020 1322 3102 velocitate,
1338 3024 1476 3110 pondere;

342 3122 381 3189 de
396 3124 622 3212 compositione
643 3137 675 3191 et
696 3124 862 3206 divisione,
882 3124 1104 3190 terminatione
1122 3134 1156 3190 et
1174 3125 1373 3211 figuratione,
1388 3148 1476 3213 sequa·
1537 3153 1538 3218 ᾗ

340 3225 431 3292 litate
453 3237 484 3294 et
506 3226 729 3315 inaequalitate,
748 3227 935 3313 symmetria
955 3234 987 3293 et
1009 3226 1221 3313 asymmetrit,
1239 3230 1434 3316 proportione
1450 3238 1475 3292 et
1537 3221 1538 3234 i

339 3329 641 3419 proportionalitate,
662 3328 923 3395 similitudineet
942 3328 1212 3409 dissimilitudine,
1231 3329 1475 3397 determinatione

339 3444 372 3501 et
386 3432 699 3514 indeterminatione3
722 3431 915 3521 reliquisque
929 3430 1048 3497 talibus
1064 3454 1083 3497 a
1097 3430 1334 3499 Mathematicis
1348 3434 1428 3501 edita
1438 3441 1475 3497 tot

338 3538 468 3626 egregia
488 3536 692 3626 problemata,
714 3546 763 3603 tot
784 3534 998 3623 pulcherrima
1018 3535 1215 3603 theoremata
1236 3536 1414 3623 legentibus
1431 3537 1474 3601 de

338 3650 522 3722 monstrata,
538 3662 644 3707 annon
663 3640 799 3728 praevios
817 3638 949 3703 istarum
969 3661 1074 3705 rerum
1094 3650 1264 3727 conceptus
1283 3640 1433 3727 genuinos
1447 3650 1473 3701 et

339 3747 521 3837 adaquatos
543 3744 660 3809 habere
681 3742 821 3829 proderit
838 3741 977 3807 multum
996 3752 1028 3808 et
1047 3741 1213 3809 intererit?
1256 3741 1376 3823 Quales
1388 3766 1438 3829 ego
1450 3738 1472 3803 si

338 3845 445 3911 minus
464 3844 592 3911 edocere
611 3841 740 3930 possim,
757 3838 868 3906 saltem
889 3840 1085 3907 occasionem
1105 3840 1247 3928 ingeram
1267 3843 1361 3911 vobis
1378 3862 1472 3931 propo-

339 3948 401 4013 sita
414 3946 579 4013 ratiocinia
592 3943 746 4011 matmius
761 3941 1019 4009 examinantibus
1033 3944 1114 4011 tales
1129 3944 1323 4032 acquirendi.
1366 3944 1472 4011 Utcun-

232 4088 237 4099 ·
339 4074 401 4139 que
422 4073 487 4118 non
507 4074 618 4139 parum
641 4049 734 4118 refert
756 4048 815 4115 has
837 4047 1053 4115 ambientibus
1074 4049 1223 4117 scientias
1245 4049 1384 4137 ipsarum
1402 4068 1470 4113 com·

796 4168 945 4230 meato,
959 4181 979 4219 1.
994 4184 1032 4219 ro.

343 4344 358 4420 ν·
392 4334 529 4392 Aristotle
541 4352 602 4407 says
613 4338 676 4395 that
687 4338 736 4395 the
747 4342 863 4397 adraso
874 4345 1034 4412 arguments
1049 4341 1149 4398 should
1165 4340 1202 4398 bc
1217 4338 1360 4411 weiglred3
1377 4334 1428 4393 Μ
1438 4346 1469 4384 πθ

338 4440 400 4500 may
411 4428 455 4496 be,
466 4432 515 4485 not
527 4428 674 4500 disputem,
686 4431 738 4488 but
748 4432 868 4489 arbiters
880 4434 911 4489 of
919 4432 968 4488 the
979 4432 1065 4489 trnth
