3167 5192
344 343 406 411 192
677 361 863 411 maurosus
885 348 1158 411 uarmusrrc'm
1311 344 1421 428 [aner.
1435 360 1495 407 ιιι.

343 525 608 614 magnitudinum,
623 525 740 613 quibus
755 525 875 605 insunt,
890 535 946 590 aut
959 524 1043 590 circa
1061 548 1141 611 quas
1161 524 1257 591 modo
1275 526 1397 613 quovis
1416 547 1497 590 occu·

340 640 465 719 pantur.
511 627 598 693 Nam
615 631 663 715 (ut
677 628 766 715 prius
780 628 987 713 insinuatum)
1004 649 1114 693 eorum
1128 650 1200 716 qua
1215 638 1294 693 sunt
1309 638 1344 694 et
1359 627 1498 693 dicuntur

341 730 423 820 arpis
437 731 480 812 ἓν,
495 730 529 797 id
544 732 624 797 ratio
640 731 816 798 communis
831 722 959 817 exigere
974 731 1109 811 videtur,
1124 742 1161 796 ut
1175 754 1246 819 quae
1260 730 1420 819 primaria
1433 741 1498 795 sunt

341 837 375 901 in
399 858 456 901 suo
480 858 603 922 genere,
628 834 769 922 adeoque
792 835 884 923 quasi
907 858 1063 901 mensurae
1089 835 1286 922 reliquorum
1313 834 1499 901 deliniantur

340 938 497 1027 imprimis
518 963 576 1027 per
597 962 641 1019 se,
665 962 737 1005 cum
760 937 824 1003 alia
844 950 1070 1026 consequenter
1091 962 1134 1005 ex
1154 939 1321 1019 relatione,
1346 961 1444 1025 quam
1463 936 1498 1001 ad

341 1044 403 1109 ista
416 1043 521 1132 priora
535 1042 718 1122 sortiuntur,
734 1042 887 1130 peculiari
901 1041 1107 1108 declarentur.
1140 1042 1193 1106 Ita
1205 1065 1265 1108 nos
1281 1042 1404 1109 iterum
1418 1040 1497 1105 docet

341 1146 455 1212 horum
477 1144 720 1211 callentissimus
742 1155 775 1211 et
796 1144 1086 1232 perspicacissimus
1108 1143 1368 1233 Philosophus¹;
1399 1142 1497 1207 Ὥστε

342 1247 532 1331 διελόμενον,
556 1247 670 1335 inquit,
695 1250 855 1335 ποσαχῶς
882 1246 1013 1329 λέγεται
1037 1246 1176 1313 ἕκαστον
1197 1246 1303 1319 οὕτως
1330 1244 1497 1312 &emman

340 1351 422 1440 πρὸς
441 1349 479 1416 τὸ
498 1354 629 1439 πρῶτον
649 1351 684 1416 ἐν
700 1350 822 1435 ἑκάστῃ
843 1351 1021 1439 κσττγγοριζι
1041 1354 1111 1422 πῶς
1131 1349 1213 1437 πρὸς
1235 1350 1342 1417 εἰιεῖνο
1364 1349 1496 1432 λέγεται·

341 1454 383 1521 τὰ
401 1454 462 1539 μὲν
482 1453 545 1542 ιγὰρ
564 1457 611 1542 τῷ
630 1452 716 1543 ἔχειν
735 1454 848 1535 ἐκεῖνο,
864 1454 907 1518 τὰ
926 1452 961 1518 δὲ
979 1457 1027 1541 τῷ
1043 1458 1156 1533 ποιεῖν,
1171 1453 1216 1519 τὰ
1234 1453 1269 1519 δὲ
1289 1451 1366 1519 κατ’
1384 1452 1496 1521 ἄλλους

341 1558 541 1648 λεχθήσεται
560 1557 722 1629 τοιούτους
741 1556 892 1643 τρόπους·
914 1558 976 1623 hoc
997 1567 1056 1639 est,
1078 1580 1186 1623 corum
1208 1581 1281 1645 quae
1305 1556 1495 1645 inaequaliter

341 1660 554 1727 attribuuntur
576 1670 633 1725 aut
653 1658 863 1747 praedicantur
889 1661 956 1743 (seu
979 1662 1044 1724 τῶν
1063 1656 1145 1746 πρὸς
1166 1659 1211 1743 ἓν)
1235 1656 1494 1745 distinguendum

341 1772 391 1828 est
405 1762 560 1849 imprimis
575 1760 798 1848 quotupliciter
812 1760 939 1846 singula
956 1760 1112 1841 dicuntur,
1127 1773 1196 1827 tum
1211 1759 1439 1849 explicandum
1453 1768 1494 1823 sat

341 1887 404 1951 quo
426 1875 516 1951 pacto
539 1864 712 1929 referantur
732 1862 774 1929 ad
795 1862 830 1927 id
851 1862 936 1949 quod
960 1863 994 1928 in
1017 1863 1100 1929 dicto
1123 1886 1238 1950 genere
1262 1865 1330 1951 (vel
1352 1862 1493 1951 praedica·

341 1968 460 2051 mento)
486 1966 624 2053 primum
646 1976 713 2047 cst;
737 1965 884 2051 quaedam
906 1966 990 2032 euim
1014 1966 1100 2053 quod
1120 1965 1259 2033 habeant
1280 1967 1400 2055 ipsum,
1415 1986 1491 2051 qua·

342 2068 417 2135 dam
438 2067 525 2155 quod
545 2067 690 2148 efficiant,
714 2067 861 2155 quadam
883 2067 1056 2133 secundum
1078 2067 1158 2133 alios
1182 2067 1371 2156 hujusmodi
1392 2064 1491 2131 modos

341 2170 561 2236 attribuentur.
607 2168 660 2235 Ita
683 2192 755 2236 cum
779 2170 944 2259 aequalitas
967 2170 1113 2258 pluribus
1136 2172 1317 2253 conveniat,
1341 2168 1487 2257 magnitu-

343 2272 411 2338 dini
430 2272 559 2359 quidem
579 2272 775 2359 originaliter
794 2283 827 2339 et
846 2273 1015 2361 praecipue,
1034 2274 1166 2361 reliquis
1185 2276 1316 2362 quantis
1341 2272 1487 2360 (motibus,

342 2377 546 2466 temporibus,
566 2376 796 2452 voluntatibus,
819 2378 970 2465 potentiis
991 2378 1189 2461 motricibus)
1212 2378 1325 2445 minus
1345 2372 1486 2467 principa·

343 2480 415 2547 liter
428 2491 461 2547 et
476 2479 677 2559 secundari03
700 2478 839 2567 primum
857 2479 944 2545 illius
964 2502 1036 2566 quae
1055 2479 1334 2566 magnitudinibus
1354 2474 1486 2545 convenit

342 2584 532 2671 aequalitatis
558 2582 779 2649 constituenda
803 2581 882 2648 ratio
912 2593 970 2664 est,
997 2594 1065 2648 tum
1091 2582 1316 2672 explicandum
1343 2575 1483 2672 quomodo

342 2691 533 2777 reliquorum
555 2700 745 2777 quantorum
768 2687 965 2776 aequalitates
986 2689 1029 2755 ad
1049 2689 1153 2777 ipsam
1173 2690 1371 2769 referuntur3
1399 2702 1483 2769 eoque

342 2791 379 2857 fit
393 2801 429 2856 ut
444 2791 612 2878 separatim
627 2790 830 2857 definiuntur.

408 2892 453 2958 Et
478 2894 659 2960 velocitates
684 2893 823 2980 quidem,
848 2916 875 2959 e.
885 2916 918 2981 g.
945 2894 1092 2982 aequales,
1118 2916 1161 2960 ex
1185 2894 1370 2962 Aristotelis
1393 2896 1481 2957 mente

343 2993 541 3073 definiantur,
558 2994 708 3081 aquibus
723 2994 833 3061 eodem
847 3004 988 3084 tempore
1011 2996 1074 3083 (vel
1093 2998 1269 3085 aequalibus
1287 2988 1478 3087 temporibus)

343 3096 454 3162 eadem
476 3096 528 3161 vel
550 3095 684 3183 aequalia
706 3098 809 3185 spatia
830 3098 1085 3165 transmittantur
1109 3098 1315 3189 (Ομοτοχὲς,
1331 3088 1480 3188 inquiarl

344 3198 378 3265 ἔν
400 3199 462 3287 terp
481 3197 588 3288 χρόνῳ
608 3199 681 3265 ἴσον
701 3200 893 3284 κινούμενον.
937 3201 991 3283 Et,
1016 3202 1066 3268 Τὰ
1090 3204 1124 3269 ἐν
1146 3204 1208 3292 ἴσῳ
1229 3202 1340 3293 χρόνῳ
1359 3202 1396 3268 τό
1415 3193 1479 3265 ariri

342 3302 476 3388 μόγεθος
497 3302 666 3387 κινούμενα
688 3302 840 3393 ι’σοτσχῆ.
884 3305 969 3372 Ecce
990 3317 1028 3372 ut
1049 3330 1138 3396 aeque
1159 3307 1317 3374 velocium
1340 3301 1479 3375 definitio·

235 3430 240 3439 ·
343 3430 417 3473 nem
437 3407 633 3494 ingrediatur
652 3407 794 3491 μέγεθος,
809 3419 909 3495 utque
923 3432 987 3475 non
1002 3409 1149 3477 illicitum
1163 3434 1222 3478 nec
1242 3408 1478 3500 aspectamus

343 3512 499 3579 censuerit
519 3510 743 3600 Philosophus,
758 3511 937 3577 velocitatis
957 3514 1172 3601 equalitatem
1194 3515 1359 3602 definire);
1380 3508 1478 3603 pariter

343 3615 477 3703 aequalia
501 3625 642 3702 tempora
666 3613 866 3695 definiantur,
893 3614 927 3680 in
956 3616 1072 3703 quibus
1101 3617 1251 3704 aequabili
1280 3610 1370 3685 motu
1395 3614 1476 3681 latum

342 3742 455 3808 corpus
477 3718 605 3807 aliquod
627 3718 767 3785 notabile
792 3718 938 3805 (tempori
958 3718 1193 3786 detenninando
1213 3721 1335 3788 scilicet
1353 3734 1476 3799 aarum?

343 3834 422 3903 tum,
441 3821 497 3889 Sol
512 3833 589 3910 puta
602 3822 655 3887 vel
670 3820 774 3905 Luna)
793 3820 930 3907 aequales
947 3822 1070 3910 peragit
1087 3823 1137 3888 sui
1154 3824 1301 3890 curriculi
1319 3834 1433 3913 partas3
1451 3822 1475 3877 0¹

344 3921 500 4011 ἰσόχρονο
513 3933 672 4005 vocentur,
685 3946 756 4011 quae
771 3923 951 3989 coexistunt
965 3923 1035 3989 istis
1050 3923 1221 4010 aequalium
1236 3927 1404 4014 spatiorum
1416 3934 1474 3985 con·
1538 4009 1539 4012 Ἴ

343 4024 543 4101 sectionibus.
1538 4043 1539 4056 ¹

831 4160 840 4193 ¹
858 4161 915 4211 Met.
928 4174 970 4212 ιιι.
985 4176 1007 4211 ι.

395 4348 482 4419 rauel
501 4348 649 4405 Velocitics
666 4350 776 4411 defined
794 4355 831 4427 by
851 4356 993 4412 Aristotlc.

395 4434 483 4503 Equsl
504 4434 595 4489 Times
614 4436 731 4493 dcflnod.
