3167 5192
320 354 384 419 186
653 368 842 421 rumonus
864 368 1137 419 urrunnarrcn.
1286 352 1396 437 [uuor.
1411 371 1475 421 χιι,

320 548 353 604 et
382 539 423 605 ab
452 539 493 605 iis
522 538 564 605 ad
592 538 656 604 alia
685 538 870 605 secundario
898 537 1153 604 transferuntur?
1195 535 1265 603 Nec
1292 536 1329 603 id
1354 538 1478 603 contin-

320 652 430 728 genter
459 652 515 707 aut
541 643 708 723 immerito,
735 642 792 709 sed
820 641 1006 708 necessitate
1031 640 1169 728 quadam
1195 651 1226 707 et
1252 648 1380 707 summa
1406 666 1478 708 cum

320 746 449 812 ratione.
495 744 580 811 Nam
596 745 713 832 gradus
729 756 811 811 certe
826 744 990 831 quosdam,
1006 743 1117 814 τάσεις
1132 753 1166 809 et
1182 744 1358 824 erardum,
1374 747 1479 811 inten-

320 849 426 915 siones
440 858 473 915 et
489 848 688 915 remissiones
708 871 782 915 suas
800 848 922 915 habent
940 846 1012 913 aliae
1031 870 1091 927 res,
1106 870 1149 913 ex
1167 848 1331 914 accidente
1350 848 1479 916 Mathe-

320 952 444 1017 matioae
452 950 696 1017 considerationi
707 952 868 1038 subjectae,
880 960 914 1014 at
922 972 1002 1036 quas
1012 950 1102 1016 nullo
1110 950 1205 1016 modo
1215 952 1479 1038 comprehendere

319 1054 372 1121 vel
386 1054 562 1143 exprimere
576 1075 754 1142 possumus,
770 1054 834 1117 uisi
847 1076 905 1140 per
919 1052 1176 1139 magnitudinum
1194 1052 1374 1139 aliquarum
1396 1056 1480 1141 (qui-

319 1158 381 1225 bus
398 1157 517 1238 insunt,
537 1157 572 1222 in
591 1178 670 1244 quas
685 1167 794 1242 agunt,
811 1179 890 1243 quas
909 1156 1095 1244 producunt,
1112 1154 1194 1221 eirea
1208 1179 1288 1243 quas
1302 1158 1480 1244 quomodo·

319 1282 443 1347 cunque
462 1262 636 1344 versantur)
659 1258 838 1323 institutam
853 1257 1063 1337 collationem,
1079 1269 1110 1322 et
1124 1258 1305 1324 adhibendo
1320 1260 1481 1325 voeabula
1555 1311 1556 1352 q

319 1362 502 1429 mutuatitia
516 1362 556 1428 de
571 1360 829 1447 magnitudinum
844 1360 1007 1425 attributis
1022 1359 1215 1425 transducta.
1246 1360 1296 1426 Ut
1310 1361 1480 1445 instemus,
1555 1439 1556 1442 Ἴ

319 1466 476 1553 quomodo
498 1465 622 1553 pondus
645 1463 775 1551 aliquod
797 1474 852 1529 aut
874 1472 1071 1527 momentum
1092 1463 1137 1527 rei
1160 1462 1350 1549 gmuitautis
1372 1468 1482 1531 conei-
1555 1487 1556 1540 l

318 1569 433 1657 piatur,
455 1580 510 1633 aut
530 1590 627 1655 quare
647 1566 769 1631 dicatur
788 1574 923 1644 tantum,
939 1563 985 1629 ita
1003 1588 1157 1649 magnum
1176 1575 1231 1629 aut
1250 1588 1394 1653 parvum,
1411 1569 1481 1633 nisi

318 1682 474 1760 quatenus
494 1672 577 1738 inest
598 1680 686 1736 tanto
708 1668 840 1756 corpori,
855 1669 909 1734 vel
930 1668 1016 1753 quod
1038 1677 1163 1732 tantum
1185 1690 1298 1755 corpus
1319 1669 1481 1752 attollere,

319 1785 441 1841 tantarm
456 1772 709 1859 magnitudinem
723 1772 812 1837 ualet
831 1772 1010 1837 sustinere?
1053 1769 1218 1850 Quomodo
1233 1771 1406 1853 divisibile,
1424 1774 1482 1841 uel
1555 1777 1556 1844 ἶ

318 1887 420 1942 totum
446 1876 652 1961 intelligatur,
675 1875 738 1940 nisi
762 1897 875 1962 corpus
902 1874 952 1939 cui
979 1874 1119 1953 inhaeret,
1145 1884 1202 1939 aut
1226 1875 1312 1961 quod
1334 1877 1481 1963 respicit,

318 1990 423 2065 partes
438 1976 553 2043 habeat
567 1978 711 2063 singulas
729 1977 883 2064 ejusmodi
903 1977 1020 2042 virtute
1040 1976 1198 2064 praeditas,
1214 1976 1304 2042 illive
1322 1980 1482 2065 potentiae

317 2080 567 2169 respondentes?
611 2079 708 2147 Unde
728 2080 813 2147 finiti
830 2080 959 2146 titulum
979 2079 1175 2167 adipiseitur,
1195 2080 1258 2145 nisi
1278 2081 1330 2147 vel
1349 2105 1390 2147 ex
1413 2092 1482 2149 ter·
1555 2159 1556 2162 Ἴ

262 2238 263 2245 ,
317 2184 414 2251 minis
437 2183 487 2251 illi
510 2184 677 2249 substratae
702 2182 942 2269 magnitudinis,
969 2194 1025 2247 aut
1046 2182 1160 2247 saltem
1181 2204 1224 2248 ex
1245 2183 1363 2250 finibus
1383 2184 1480 2252 illius
1555 2259 1556 2266 ,

317 2296 448 2354 eatenus
473 2285 598 2353 extensi
624 2284 771 2373 corporis,
798 2284 884 2372 quod
908 2284 1042 2351 evehere
1064 2295 1168 2371 potest
1193 2296 1249 2351 aut
1274 2290 1481 2355 sustentare?
1555 2271 1556 2322 3

318 2387 611 2461 Commensurabile
625 2389 741 2476 pariter
761 2398 794 2454 et
815 2389 1132 2455 incommensurabile
1153 2389 1339 2476 praedicetur
1361 2413 1404 2455 ex
1428 2415 1479 2471 eo,

316 2493 402 2582 quod
417 2504 473 2560 aut
487 2494 664 2580 subjectum
679 2514 773 2559 suum
787 2501 843 2557 aut
860 2491 1030 2579 objectum,
1047 2494 1232 2579 symmetria
1246 2494 1299 2559 vel
1313 2517 1478 2581 asymme·

316 2596 379 2663 tria
404 2618 514 2663 versus
539 2594 618 2661 alias
643 2594 834 2681 quibuscum
861 2604 1059 2681 eomparatur
1087 2596 1335 2682 magnitudines,
1361 2598 1477 2665 itidem
1555 2589 1556 2594 ἵ

317 2699 454 2786 pondere
476 2696 622 2763 similiter
644 2696 787 2775 donatas,
811 2696 924 2761 affecta
946 2696 1189 2783 comperiuntur.
1236 2698 1291 2767 Sic
1313 2710 1347 2765 et
1368 2712 1477 2767 motus

317 2823 359 2865 ex
381 2800 476 2887 spatii
498 2799 583 2885 quod
605 2807 782 2886 permeatur
804 2798 1026 2883 magnitudine
1052 2809 1159 2866 tantus
1186 2800 1323 2889 (longus,
1337 2805 1475 2885 ,brevis3

317 2924 463 2986 magnus,
478 2924 595 2989 parvus
606 2926 615 2981 ;
638 2924 695 2967 seu
712 2899 856 2967 absolute
876 2923 933 2968 seu
951 2905 1142 2989 comparate)
1165 2926 1183 2969 e
1202 2905 1296 2991 spatii
1317 2905 1475 2973 limitibus
1555 2937 1556 2994 q

317 3022 455 3087 eousque
483 3012 657 3090 protensus,
689 3002 798 3089 ibique
824 3001 1022 3084 terminatus,
1052 3028 1094 3070 ex
1123 3006 1192 3092 ejus
1221 3005 1475 3076 dimensionibus
1555 2999 1556 3042 l

316 3104 549 3185 mensurabilis,
571 3104 703 3192 exejus
725 3105 953 3193 compositione
974 3115 1070 3188 totus,
1092 3129 1109 3172 e
1131 3108 1353 3177 divisibilitate
1376 3114 1475 3200 parti·

317 3205 392 3271 bilis
410 3205 545 3273 habetur
562 3216 595 3273 et
612 3206 735 3273 dieitur.
781 3206 881 3271 Haud
903 3206 1093 3274 absimiliter
1115 3210 1202 3294 (nam
1223 3214 1374 3301 exempla
1395 3238 1474 3281 non·

317 3329 481 3395 nmquam
495 3309 698 3395 undicunque
713 3307 892 3395 conquisita
905 3331 1054 3375 coacervo
1075 3310 1178 3400 (plura
1192 3324 1274 3379 certe
1289 3337 1387 3401 quam
1403 3340 1474 3405 quae

316 3410 527 3478 dilucidanda
541 3411 586 3478 rei
602 3410 769 3499 propositae
784 3410 939 3498 requisita
952 3434 1097 3479 censeam
1108 3414 1187 3501 ipse)
1202 3415 1337 3483 libenter
1351 3430 1385 3486 et
1400 3420 1474 3487 data

316 3521 412 3604 opera
439 3515 606 3584 consulens
635 3516 748 3580 harum
777 3536 883 3581 rerum
908 3515 1014 3580 miuus
1040 3527 1235 3585 assuetarum
1267 3520 1412 3603 utilitati,
1437 3536 1474 3589 ut
1555 3553 1556 3582 l

315 3642 429 3708 nempe
442 3624 546 3704 γεῦμα
559 3617 719 3706 quoddam
733 3617 993 3705 preparatorium
1006 3621 1161 3688 universae
1175 3621 1361 3691 Matheseos
1372 3626 1474 3693 obiter

315 3724 480 3789 etsensim
495 3722 647 3789 instillem
661 3720 748 3808 ipsis,
765 3743 802 3786 ae
816 3721 996 3809 profuturos
1012 3724 1182 3811 aliquando
1198 3738 1370 3815 conceptus
1384 3729 1473 3795 aliud

314 3847 412 3911 agens
427 3824 597 3909 insinuem)
614 3822 710 3903 haud,
726 3822 867 3909 inquam,
883 3823 975 3889 aliter
990 3834 1115 3913 tempus
1130 3852 1171 3894 ex
1186 3830 1281 3917 spatii
1301 3832 1344 3896 ab
1364 3832 1471 3919 aliquo

315 3928 521 3994 determinato
536 3923 657 4006 mobili,
675 3924 750 3993 Sole
764 3948 878 4012 nempe
892 3925 945 3991 vel
960 3926 1063 4009 Luna,
1075 3933 1233 4017 peragrati
1247 3934 1471 4020 magnitudine

314 4029 489 4118 concipitur
506 4041 537 4103 et
555 4029 742 4117 appellatur,
758 4050 861 4114 neque
880 4050 945 4093 non
963 4030 1124 4112 terminos,
1138 4035 1367 4117 extensionem,
1383 4060 1471 4125 syrn-

314 4132 468 4214 metriam,
483 4131 624 4219 aliasque
639 4153 712 4197 suas
726 4130 889 4218 passiones
903 4153 946 4196 ex
961 4131 1027 4212 illo,
1044 4156 1138 4219 quem
1156 4135 1197 4201 ad
1217 4137 1359 4224 ejusdem
1380 4164 1470 4228 mag·

314 4232 491 4300 nitudinem
507 4233 637 4315 obtinet,
654 4239 798 4320 respectu
812 4240 985 4297 mutuatur.
1030 4232 1191 4302 Velocitas
1205 4238 1301 4304 etiam
1316 4263 1360 4306 ex
1374 4242 1468 4330 spatii

366 4442 499 4514 Exempla
516 4445 544 4501 in
561 4446 671 4519 motion.
