3167 5192
123 379 219 430 sacr.
235 363 325 449 xva]
462 379 652 433 arc-moras
673 379 951 433 usrmuarrcn.
1221 368 1285 437 259

121 546 164 613 tis
182 546 381 634 homogensa
394 568 472 628 esse,
492 548 570 635 quia
586 546 810 615 brevissimum
827 546 987 615 minumm
1009 516 1126 637 sepius
1148 548 1284 638 replice-

121 660 192 717 turn
210 650 435 739 longissimum
455 652 666 742 quodcunque
685 650 847 740 superabit
867 652 1041 719 eternitate
1061 653 1169 721 minus
1188 654 1283 723 dura·

119 755 219 821 tionis
233 754 449 823 intervallum.

187 857 299 925 Etiam
320 858 507 926 velocitates
526 879 636 925 omnes
658 857 863 945 homogeneae
882 866 968 940 sunt,
991 868 1146 947 quatenus
1167 872 1282 929 utcun-

119 980 185 1046 que
205 960 401 1048 perexiguus
418 969 451 1026 et
464 959 635 1048 plusquam
649 959 847 1025 testudineus
868 958 1047 1027 velocitatis
1066 960 1184 1048 gradus
1202 963 1281 1031 satis

116 1062 233 1129 multis
247 1063 373 1129 vicibus
386 1063 551 1151 repetitus,
570 1062 806 1151 rapidissimam
826 1062 921 1152 primi
936 1063 1065 1131 mobilis
1079 1063 1280 1132 velocitatem

116 1166 331 1233 transcmdet.
378 1164 474 1252 (Cum
503 1175 537 1232 et
565 1165 709 1252 alioquin
737 1188 915 1254 repugnare
944 1166 1091 1234 videatur
1120 1167 1280 1235 infinitam

115 1268 190 1335 dari
211 1269 433 1349 velocitatem
462 1267 622 1355 siquidem
643 1272 682 1335 ea
702 1267 871 1356 praeditum
893 1267 1011 1336 mobile
1036 1268 1223 1337 distantiam
1245 1270 1279 1335 in

113 1373 215 1441 unico
236 1377 284 1462 τῷ
305 1377 361 1440 νῦν
381 1372 585 1461 quantamvis
607 1371 799 1453 emetirctun
822 1372 964 1459 adeoque
982 1373 1076 1461 plura
1095 1374 1191 1441 simul
1209 1374 1279 1441 loca

112 1476 304 1566 possideret,
323 1476 385 1543 hoc
403 1486 462 1558 est,
480 1485 667 1562 congrueret
686 1475 790 1564 spatio
810 1474 950 1562 seipsum
970 1477 1207 1563 quantumlibet
1221 1502 1279 1547 ex-

110 1579 253 1661 cedenti,
268 1579 355 1667 quod
369 1577 495 1645 videtur
508 1576 731 1666 impossibile.)

180 1682 320 1750 Numeri
338 1704 415 1748 vero
433 1674 567 1769 possunt
585 1702 695 1747 omues
713 1679 850 1745 invicem
865 1702 934 1747 esec
948 1680 1148 1768 homogenei‚
1168 1692 1279 1773 quate·

108 1809 177 1855 aus
195 1807 309 1852 omnes
325 1782 469 1872 ejusdem
487 1782 614 1870 generis
633 1782 911 1869 magnitudinibus
929 1785 1193 1872 representendis
1210 1788 1278 1876 epti

108 1890 182 1959 nati
198 1900 277 1957 eunt
290 1888 461 1968 inservire3
484 1897 617 1975 possunt
631 1887 727 1953 etiam
741 1886 923 1975 quicunque
943 1887 1006 1954 sibi
1024 1899 1135 1957 mutuo
1154 1890 1278 1959 hetero-

106 1992 210 2083 genei
224 1992 357 2074 censen,
372 2001 530 2079 quatenus
543 1989 662 2057 diversi
675 1989 801 2077 generis
812 1989 941 2077 quantis
955 1991 1172 2080 exprimendis
1186 1994 1278 2061 edhi-

106 2098 269 2174 beentur3
288 2094 353 2161 imo
366 2092 502 2181 quilibet
515 2114 667 2160 numerus
681 2090 915 2179 quodammodo
930 2103 1034 2180 potest
1048 2094 1276 2185 heterogeneus

105 2222 182 2269 esse
197 2198 331 2265 sibimet
344 2196 418 2284 ipsi,
428 2205 586 2284 quatenus
600 2194 686 2263 idem
701 2195 910 2282 heterogcnea
924 2209 1044 2285 quanta
1058 2212 1275 2288 repraesentet;

103 2304 224 2373 nullus
239 2301 326 2369 enim
340 2321 490 2367 numerus
504 2298 624 2385 estqui
637 2320 702 2365 non
716 2297 854 2378 linearis,
876 2299 1000 2388 planus,
1016 2301 1147 2384 solidus,
1162 2304 1276 2391 plano-

104 2408 242 2495 plnuus‚
257 2402 485 2493 planosolidus,
504 2400 739 2482 solidosolidus,
759 2424 830 2469 esse
849 2404 968 2491 possit;
991 2404 1048 2490 qui
1067 2426 1133 2470 non
1151 2404 1276 2473 dimen-

105 2511 221 2577 siones
240 2527 446 2594 quaecunque
464 2502 625 2571 naturales
644 2512 699 2569 aut
716 2502 846 2571 fictitiae
866 2504 973 2573 subire
992 2504 1197 2593 concipietur,
1218 2528 1275 2595 pro

106 2611 332 2701 computantis
345 2610 511 2677 arbitratu.

175 2714 329 2781 Pondere
349 2735 434 2787 vero,
456 2710 550 2778 modo
572 2710 650 2777 solis
664 2708 777 2777 solidis
799 2708 982 2800 corporibus
1005 2710 1146 2798 gravitas
1171 2712 1275 2801 essig-

104 2829 215 2901 netur,
241 2818 291 2904 (ut
303 2825 388 2884 certe
401 2813 478 2884 solis
492 2813 674 2900 assignetur
687 2812 722 2879 in
737 2812 902 2900 Physica)
927 2825 1004 2881 suut
1020 2814 1103 2883 inter
1116 2838 1150 2883 se
1165 2818 1273 2885 omnia

105 2924 329 3011 homogenea3
359 2920 411 2987 sin
432 2917 658 3006 superficiebus
679 2926 711 2983 et
732 2916 827 2983 lineis
848 2928 885 2984 ut
906 2918 1094 3006 magnitudo
1115 2921 1272 3007 quaedam,

105 3027 152 3095 ita
178 3026 324 3115 gravitas
343 3022 500 3090 nonnulla
519 3021 678 3088 tribuatur
704 3020 750 3107 (id
770 3021 859 3108 quod
880 3032 1062 3112 supponunt
1083 3022 1272 3108 Geometras,

106 3131 187 3199 dum
202 3126 369 3215 trianguli,
384 3124 683 3215 parallelogrammi,
703 3123 793 3213 plani
812 3126 994 3213 parabolici,
1014 3126 1272 3218 reliquarumque

106 3236 281 3324 planarum
301 3230 476 3319 figurarum
483 3253 494 3310 3
523 3248 627 3315 neque
647 3249 713 3294 non
735 3228 917 3316 superficies
942 3228 1114 3317 spherica,
1144 3232 1271 3315 conica,

106 3336 306 3427 cyrineum,
335 3343 369 3401 et
388 3332 583 3421 reliquarum
604 3352 773 3397 curvarum
802 3332 1057 3421 superficierum
1087 3333 1164 3400 item
1194 3334 1272 3401 dum

106 3442 269 3509 linearum
282 3436 478 3527 quatumvis,
498 3457 556 3503 seu
575 3456 743 3501 curvarum
762 3457 820 3503 seu
840 3458 881 3501 ex
900 3435 993 3503 rectis
1014 3436 1270 3523 compositarum,

105 3555 219 3613 centn
238 3540 407 3631 gravitatis
426 3538 642 3625 inuestigant3
665 3536 735 3619 hoc,
755 3536 897 3625 inquam,
919 3538 1049 3626 posite),
1071 3560 1136 3605 non
1158 3539 1266 3607 omnia

107 3648 252 3737 pondere
266 3656 342 3713 suut
354 3645 561 3731 homogenea,
582 3640 640 3710 sed
658 3640 724 3707 ille
744 3650 871 3708 tantum
891 3663 963 3729 qua
982 3640 1126 3731 ejusdem
1144 3644 1271 3730 generis

107 3749 389 3841 magnitudinibus
402 3748 569 3815 inlrrerem.

171 3854 276 3925 Unde
295 3875 361 3921 uon
379 3850 538 3921 immerito
555 3848 724 3917 Platonem
744 3846 974 3935 reprehendere
995 3846 1123 3915 videtur
1143 3846 1271 3918 Aristo-

159 4144 254 4201 'limos
270 4158 320 4199 are
335 4143 538 4211 homogeueous
555 4142 622 4198 with
639 4142 738 4198 times:

161 4230 315 4287 Vslau‘ties
329 4227 399 4284 wita
415 4226 574 4285 reloeitr‘ss:

160 4315 302 4372 llumbere
318 4314 386 4371 with
402 4312 551 4371 numbers:

161 4402 289 4473 Welgbte
305 4400 375 4456 vim
391 4400 517 4470 weights.

163 4488 242 4545 Plato
257 4488 349 4559 justly
366 4486 507 4543 crificised
523 4486 560 4556 by
579 4485 722 4543 Aristotle.
