3167 5192
333 386 397 451 228
671 400 856 451 usorrouus
878 400 1152 452 mensurnas.
1292 385 1400 471 [uror.
1415 402 1480 452 xrv.

399 569 523 658 Neque,
539 569 626 657 quod
644 570 822 637 notandum
839 569 943 638 obiter
960 569 1233 658 prosequentibus,
1247 570 1349 637 refert
1366 573 1484 637 omuino

332 673 369 742 in
392 672 452 739 hac
474 674 656 760 acceptione
678 695 844 753 mensurae,
867 682 975 739 utrum
999 672 1188 759 magnitudo
1210 695 1374 739 mensure
1392 673 1486 738 vicen

335 777 495 842 sustineus
512 777 554 842 eit
568 777 669 864 major
683 800 724 841 an
740 776 843 842 minor
859 776 926 857 illu,
942 800 1014 863 qua
1029 788 1247 844 mensuratur:
1272 786 1312 842 ut
1332 777 1368 842 in
1387 799 1487 863 suprs-

335 878 448 967 positis
464 877 621 966 exemplis
634 878 742 945 radius
755 878 860 944 minor
873 888 922 945 est
936 878 1056 944 chorda
1070 880 1227 965 gradetun
1244 888 1317 958 120,
1333 877 1388 945 rel
1401 877 1487 943 latere

336 980 490 1067 trianguli
513 980 668 1068 regularis
687 980 805 1046 circulo
827 981 981 1068 inscripti,
1003 982 1059 1047 sed
1078 982 1180 1069 major
1198 981 1323 1047 chorda
1342 980 1489 1067 graduum

337 1092 387 1165 36,
403 1083 456 1149 vel
470 1083 567 1149 latere
582 1083 747 1171 decagoni,
763 1083 876 1149 itidem
890 1084 1008 1150 circulo
1021 1084 1178 1171 inscripti.
1200 1083 1247 1149 Et
1261 1084 1487 1151 semidiameter

337 1199 427 1254 terra
447 1188 549 1274 major
568 1196 617 1253 est
636 1186 872 1253 semidiametro
893 1187 1005 1268 Lunae,
1026 1189 1083 1254 sed
1103 1188 1205 1254 Luna
1224 1188 1386 1254 distantia
1405 1186 1488 1271 longe

337 1290 450 1355 minor.
491 1290 575 1356 Item
590 1300 753 1378 assumpto
768 1312 866 1378 passu
880 1290 1092 1370 Geometrico,
1107 1314 1164 1378 per
1178 1294 1249 1357 eam
1263 1312 1359 1377 esque
1373 1310 1487 1375 comper

337 1394 437 1459 raudo
452 1391 667 1478 dignoscatur,
683 1402 805 1481 quanta
821 1392 864 1457 sit
881 1392 1048 1478 longitudo
1062 1392 1209 1480 pedalem
1222 1414 1370 1480 aequans,
1385 1413 1423 1455 sc
1434 1388 1488 1455 alis

338 1494 440 1583 major
465 1494 567 1562 stadio
591 1496 643 1562 vel
667 1495 785 1561 miliari
810 1518 878 1584 par.
924 1495 974 1562 Ut
994 1519 1098 1583 neque
1120 1495 1290 1583 respicitur
1316 1493 1372 1559 hic
1393 1504 1488 1558 utrum

338 1599 454 1668 collata
467 1611 588 1689 quanta
602 1601 708 1667 taliter
722 1600 805 1666 inter
819 1624 862 1681 se,
878 1600 940 1667 ita¹
955 1600 997 1666 ad
1011 1600 1190 1689 expositum
1210 1600 1393 1665 afficiantur
1409 1618 1487 1663 meu·

340 1726 455 1784 suram,
472 1712 509 1769 ut
528 1704 668 1791 ipsorum
689 1704 851 1791 proportio
870 1704 1010 1769 numeris
1030 1703 1168 1791 exprimi
1186 1702 1310 1791 possit;
1333 1701 1395 1767 hoc
1412 1700 1487 1765 enim

339 1804 434 1871 modo
455 1805 692 1891 magnitudines
714 1826 824 1871 omues
849 1805 936 1890 (licet
957 1805 1098 1891 ipsarum
1116 1804 1319 1891 quarundam
1341 1801 1486 1892 proportio

340 1906 437 1971 sitin
460 1907 599 1972 numeris
621 1906 805 1991 ineffabilis)
831 1917 907 1973 sunt
928 1907 1011 1972 inter
1033 1930 1067 1973 se
1088 1906 1410 1984 commensurabiles3
1434 1903 1486 1967 hoe

340 2017 397 2087 est,
414 2007 554 2095 ipsarum
568 2032 633 2073 uua
647 2008 809 2098 designari
828 2010 953 2099 poterit,
968 2011 1010 2076 ad
1032 2033 1128 2098 quam
1150 2010 1286 2075 aliarum
1305 2008 1485 2097 quantitates

340 2107 525 2193 referantru,
546 2121 641 2198 atque
666 2134 722 2199 per
744 2136 814 2179 eam
836 2124 1067 2181 mensurentur.
1111 2113 1160 2183 Ut
1180 2113 1262 2179 radii
1285 2114 1329 2179 ad
1349 2109 1484 2177 chordam

341 2212 498 2301 graduum
525 2224 574 2295 90,
602 2216 654 2283 vel
683 2216 768 2283 lutras
794 2216 942 2304 quadrati
967 2217 1086 2284 circulo
1111 2218 1265 2305 inscripti,
1293 2217 1377 2283 ratio
1397 2212 1483 2279 nullis

341 2318 481 2385 numeris
507 2320 660 2408 explicari
687 2330 793 2408 potest
818 2321 957 2409 praecise,
982 2331 1089 2388 tamen
1114 2322 1211 2410 hujus
1236 2321 1400 2409 quantitas
1421 2337 1483 2382 curu

228 2508 231 2515 Δ
341 2422 429 2489 illius
455 2425 632 2512 quantitate
662 2426 836 2513 comparari
864 2434 979 2513 potest,
1002 2434 1035 2491 et
1056 2436 1186 2492 eatenus
1207 2425 1273 2491 illae
1301 2444 1482 2492 commensu-

340 2535 460 2594 rantrrr.

408 2638 437 2696 5.
483 2628 574 2713 Haec,
602 2631 742 2720 inquam,
770 2630 887 2698 adnoto
912 2643 1039 2720 propter
1067 2631 1157 2698 illam
1186 2654 1258 2720 quae
1284 2630 1479 2718 subsequitur,

343 2728 580 2799 Mathematicis
602 2734 804 2822 peculiarem,
819 2743 852 2799 et
872 2734 907 2798 in
929 2756 992 2799 usu
1011 2733 1267 2821 frequentissimo
1287 2736 1421 2823 positam
1439 2752 1481 2795 se·

342 2835 520 2922 ceptionem
542 2859 707 2917 mensura,
723 2837 822 2922 juxta
836 2858 942 2923 quam,
958 2837 1081 2925 quinto,
1096 2860 1246 2904 mensura
1264 2838 1402 2904 strictius
1414 2832 1479 2901 aeci·

342 2936 430 3021 pitur
445 2959 501 3023 pro
516 2939 745 3023 magnitudine,
761 2962 834 3027 quse
848 2938 944 3004 aliam
959 2938 1127 3026 aliquoties
1142 2952 1271 3029 sumpta
1283 2939 1440 3007 constituit
1453 2945 1478 3000 et

344 3039 523 3126 componit3
539 3040 591 3106 vel
602 3064 674 3127 quae
686 3042 728 3108 ab
740 3042 805 3109 alia
817 3042 986 3129 aliquoties
1001 3042 1129 3111 sublata
1141 3044 1225 3110 nihil
1239 3044 1360 3133 linquit
1370 3038 1476 3116 residui·

250 3173 259 3187 ‹
344 3140 485 3206 sedeam
503 3142 630 3227 penitus
647 3143 806 3211 exhaurit.
850 3144 915 3211 Per
933 3146 1102 3233 aliquoties
1123 3148 1370 3238 intelligendum
1387 3143 1475 3219 semel,

344 3252 400 3307 aut
422 3244 544 3330 aliquot
572 3246 706 3327 vicibus,
730 3248 903 3315 secuudum
925 3250 1090 3332 unitatem,
1112 3262 1169 3317 aut
1189 3252 1332 3341 aliquem
1352 3245 1477 3321 determi-

344 3354 456 3412 natum
469 3368 655 3429 numerum3
679 3348 763 3415 uude
778 3360 902 3417 constat
921 3352 1008 3440 quod
1029 3377 1178 3420 mensura
1198 3356 1245 3421 sic
1266 3367 1476 3446 acceptarun-

344 3472 441 3539 quam
456 3448 588 3516 excedet
603 3473 669 3517 rem
684 3463 907 3534 mensuratam,
924 3464 958 3519 st
971 3455 1025 3521 vel
1042 3467 1186 3543 sequatur
1204 3458 1244 3539 ei,
1264 3460 1319 3526 vel
1337 3461 1402 3547 ejus
1416 3474 1475 3543 μῦ
1536 3529 1537 3538 ,

344 3564 402 3635 est,
419 3576 491 3643 quae
506 3553 571 3620 dici
586 3554 667 3622 solet
681 3555 832 3643 aliquota,
848 3557 910 3622 hoc
925 3568 982 3639 est,
998 3582 1071 3646 que
1085 3560 1263 3648 aliquoties,
1274 3564 1371 3650 juxta
1384 3576 1475 3627 nume·

344 3680 415 3723 rum
442 3656 598 3745 quemvis,
624 3658 760 3745 repetita
785 3668 888 3724 totum
918 3660 1097 3748 compenit;
1127 3662 1182 3728 vel
1207 3665 1351 3750 qualium
1374 3661 1475 3747 aliquot

344 3770 447 3828 totum
459 3762 657 3827 constituunt
668 3772 700 3827 et
712 3762 900 3849 adaequant3
916 3762 969 3829 vel
979 3787 1051 3852 quae
1065 3766 1190 3832 vicibus
1204 3768 1327 3855 aliquot
1340 3769 1474 3835 ennae

345 3863 427 3929 nihil
442 3886 459 3929 e
474 3873 541 3929 toto
560 3863 723 3950 relinquit.
769 3863 821 3928 Ita
842 3886 899 3951 pes
920 3874 970 3931 est
990 3888 1138 3933 mensura
1158 3891 1271 3955 passus
1293 3861 1473 3938 Generis,

345 3988 457 4054 passus
477 3966 545 4047 iste,
563 3965 668 4045 stadii,
685 3966 815 4046 stadius,
834 3965 973 4032 miliaria
988 3977 1021 4034 et
1034 3968 1145 4050 leucae3
1167 3971 1245 4057 quia
1257 3994 1315 4060 pes
1329 3966 1473 4061 quinquies

345 4077 491 4154 acceptus
510 4089 639 4155 passum
662 4065 899 4134 Geometrieum
921 4068 1025 4148 efficit,
1041 4070 1209 4158 quinquies
1226 4096 1301 4140 eum
1322 4073 1473 4141 subductus

666 4186 675 4221 ¹
693 4188 730 4239 vel
740 4190 767 4238 in
778 4188 822 4237 the
833 4187 939 4237 editions
947 4205 955 4249 ;
972 4189 987 4238 1
999 4197 1102 4253 correct,
1116 4190 1159 4244 ite.

395 4349 425 4405 It
443 4347 538 4404 makes
556 4366 592 4403 uo
610 4350 757 4407 differenos
774 4351 899 4409 whether
915 4352 965 4408 the
983 4352 1044 4409 unit
1061 4351 1098 4409 be
1115 4357 1227 4424 greater
1242 4370 1274 4409 or
1291 4354 1348 4410 less
1362 4352 1422 4411 run
1436 4346 1472 4402 tlt

344 4434 472 4508 quantity
483 4435 634 4491 meusurad.

397 4520 431 4589 (t)
466 4517 595 4575 Moesus
611 4518 636 4574 ie
652 4534 688 4575 au
706 4520 811 4593 aliquot
828 4526 898 4597 part.
