3167 5192
103 356 203 407 suen.
219 342 314 427 vnn]
447 358 633 409 uuorlours
654 358 928 407 numennumen.
1207 343 1268 406 127

102 525 200 591 citur.
247 526 343 606 Quod
367 528 514 615 provenit
534 551 576 593 ex
597 526 750 614 trianguli
772 524 949 613 reetengnli
971 525 1054 591 cirea
1075 546 1146 590 orus
1167 546 1268 590 unum

103 630 231 716 anguli.
246 632 325 696 recti
348 632 545 697 revolutione
564 631 713 710 solidum,
736 632 913 718 appelletur
934 654 1026 697 ooaaa
1045 642 1167 696 rectae:
1195 628 1268 709 Vel,

103 731 220 799 Gonus
232 744 338 799 rectus
351 745 401 800 est
413 756 526 822 eorpus
540 732 598 799 tali
617 732 814 800 revolutione
829 744 1034 821 procreatum.
1080 731 1160 811 Quae
1174 732 1211 797 fit
1226 756 1269 798 ex

105 835 238 901 dnobus
251 837 392 903 motibus
406 837 628 917 uniformibus,
643 848 729 903 recto
745 850 778 903 et
797 837 951 917 circulari,
966 837 1052 903 linea
1071 858 1168 901 cuma
1185 834 1270 899 dice-

110 948 168 1002 tur
182 938 293 1004 heleb:
314 938 387 1020 Vel,
402 939 505 1004 Helix
524 948 573 1005 est
587 940 673 1005 linea
691 962 789 1005 curva
807 940 865 1005 teli
884 950 1027 1005 motuum
1043 938 1270 1026 compositione

105 1050 273 1125 generata.
318 1041 426 1107 Motus
447 1041 482 1107 in
503 1041 682 1130 peripherit
702 1041 812 1107 circuli
835 1043 887 1108 vel
909 1042 1041 1129 ellipsis,
1062 1040 1199 1129 aequales
1220 1064 1271 1106 re·

106 1156 224 1231 speetu
251 1146 410 1233 designati
434 1146 544 1233 puncti
566 1146 737 1213 conficiens
759 1147 894 1233 angulos
915 1147 1070 1213 vocitetur
1091 1160 1190 1212 motus
1209 1170 1272 1211 me-

106 1248 185 1315 diae
192 1276 210 1331 ,·
230 1248 285 1315 vel
299 1248 426 1315 Medius
439 1258 497 1329 est,
513 1250 569 1336 qni
583 1249 690 1315 taliter
703 1250 837 1315 afficitur
851 1248 970 1317 Motus.

175 1352 212 1416 A
236 1351 375 1437 eorporis
398 1350 507 1430 lucidi,
531 1350 585 1417 vel
608 1350 759 1415 illustrati
777 1360 896 1437 puncto
915 1374 1026 1418 versus
1049 1352 1175 1418 oculum
1199 1376 1271 1441 pro-

107 1464 205 1519 tensa
229 1462 316 1519 reeta
342 1463 541 1540 nuncupetur
565 1454 691 1519 radiae.
736 1452 815 1533 Quee
840 1454 877 1519 fit
903 1456 944 1521 ab
969 1455 1159 1542 interpositu
1186 1456 1272 1522 lunae

108 1556 251 1644 privatio
272 1556 353 1621 lueis
374 1555 554 1643 apparentis
576 1556 701 1623 dicatur
720 1557 845 1646 ocimum
865 1558 959 1625 Solet.
1004 1558 1037 1623 A
1059 1570 1176 1645 puncto
1193 1560 1272 1625 visi-

108 1658 174 1725 bili
196 1682 253 1747 per
273 1668 416 1725 nentrum
440 1658 534 1740 oculi,
559 1658 676 1724 velud
698 1670 841 1725 centrum
867 1660 978 1726 retinas
1004 1682 1139 1725 manens
1165 1660 1272 1727 radius

109 1765 239 1830 dicatur
257 1766 331 1830 ureb
350 1766 477 1852 optabas.
522 1763 647 1843 Quibus
665 1764 822 1851 exemplis
842 1765 963 1831 affatim
987 1774 1084 1852 patet,
1106 1766 1209 1853 qualis
1229 1766 1272 1831 sit

109 1868 309 1935 definitionis
325 1878 447 1949 natura,
464 1888 534 1955 qnae
554 1867 661 1953 origo:
684 1868 832 1954 quodque
849 1868 883 1933 in
899 1869 969 1957 ipst
986 1868 1141 1955 reciproce
1158 1892 1273 1935 eonve-

110 1973 207 2039 ninnt
231 1973 277 2037 rei
299 1994 425 2051 nomen,
455 1980 489 2035 et
515 1970 639 2035 nomini
664 1992 732 2051 res3
763 1993 821 2037 seu
844 1971 930 2059 quod
958 1972 1055 2059 hujus
1082 1972 1273 2059 significatio

110 2076 203 2142 illins
218 2075 397 2141 existentiae
411 2074 559 2162 pmsibili
573 2074 767 2162 adaequetur.

178 2179 237 2244 Ex
259 2178 348 2244 hisee
373 2178 498 2243 duobus
520 2200 577 2265 per
600 2177 831 2265 syllogisticam
858 2180 1113 2266 consequentiam
1139 2181 1273 2268 emergit

112 2284 245 2350 tertium
264 2304 365 2369 genus
384 2280 544 2369 principii,
563 2280 649 2368 qnod
671 2282 778 2347 vocari
802 2281 883 2348 solet
902 2285 1029 2348 ouium
1049 2284 1102 2350 vel
1123 2286 1272 2373 dipsitoa,

105 2389 364 2475 pronunotbtum,
383 2386 552 2451 commum'a
572 2386 664 2464 nobo,
683 2386 838 2472 prolepatb
863 2385 926 2468 (vel
948 2387 1155 2472 antt'eipatab).
1200 2387 1273 2453 Hoc

112 2502 222 2558 antem
241 2488 324 2554 nihil
343 2497 392 2554 est
411 2486 500 2552 aliud
514 2508 611 2572 quam
632 2485 794 2551 theorema
813 2485 974 2571 quoddam
996 2486 1032 2551 in
1051 2486 1159 2575 aliqut
1180 2512 1274 2577 supe·

111 2594 196 2660 riore
220 2590 425 2680 prmoedanet
443 2588 576 2654 soientit
593 2587 759 2674 perspicue
779 2587 949 2653 deductum
973 2597 1005 2654 et
1025 2588 1274 2658 demonstratum

112 2722 132 2763 a
147 2695 289 2784 propriis
307 2691 549 2759 definitionibus
567 2701 600 2756 et
618 2690 853 2777 hypothesibus
871 2689 964 2755 istius
983 2691 1125 2757 scientiae
1143 2694 1196 2758 vel
1214 2694 1274 2760 im·

112 2800 263 2877 mediate,
292 2795 347 2861 vel
375 2816 432 2882 per
456 2793 521 2857 alia
548 2792 737 2859 intermedia
764 2792 976 2875 theoremata;
1007 2794 1274 2884 adsumptumque

113 2902 248 2993 pminde
262 2901 332 2966 siue
347 2897 533 2987 probatione
546 2896 581 2960 in
595 2895 728 2962 seientit
742 2895 967 2978 subordinatt;
990 2897 1042 2963 vel
1061 2898 1172 2965 saltem
1188 2901 1274 2988 qnod

113 3006 250 3092 emergit
272 3026 314 3070 ex
338 2999 509 3089 hypothesi
535 3021 592 3065 seu
617 2998 801 3064 definitione
827 2998 975 3085 qutpiam
1005 3000 1039 3065 iu
1064 3003 1174 3069 etdem
1204 3004 1274 3092 ipse

114 3108 250 3177 seientia
267 3106 381 3194 positt,
402 3101 585 3169 consectarii
602 3102 644 3167 ad
662 3100 801 3181 modum,
817 3122 874 3188 per
892 3100 1075 3168 facillimam
1094 3116 1125 3171 et
1144 3106 1274 3173 eviden-

114 3214 274 3279 tissimam
303 3206 571 3293 consequentiam,
616 3201 697 3281 Quae
719 3202 888 3269 axiomatis
910 3205 1030 3291 speeies
1049 3212 1188 3296 proptrea
1210 3210 1273 3277 dici

115 3316 197 3382 solet
225 3313 283 3378 isti
310 3307 463 3399 peculiari
490 3305 641 3385 scientiae,
668 3304 751 3371 sieut
780 3304 879 3371 altera
903 3306 1059 3373 vocitatur
1087 3316 1273 3392 communem

115 3418 269 3483 nimirum
288 3412 465 3480 eommunis
483 3410 632 3477 omnibus
655 3408 746 3474 dictae
769 3408 926 3496 primarias
949 3410 1100 3496 subjectis
1123 3413 1272 3481 scientiis.

117 3522 156 3587 E.
166 3546 201 3609 g.
223 3519 307 3599 Qun
325 3517 428 3584 eidem
448 3513 583 3602 aequalia
602 3513 730 3579 sibimet
747 3521 922 3598 sequantur,
946 3534 1111 3582 commune
1131 3528 1275 3587 censetur
1328 3571 1332 3583 .

117 3623 256 3705 axioma,
291 3621 441 3709 quoniam
468 3616 618 3696 numeris,
653 3616 859 3703 temporibus,
897 3614 1045 3697 motibus,
1082 3621 1274 3706 ponderibus

117 3730 210 3815 juxta
229 3725 431 3794 convenitne
443 3719 738 3808 magnitudinibus3
760 3719 844 3785 etin
862 3718 930 3785 solt
948 3720 1052 3807 primt
1072 3723 1275 3812 philosophit

121 3833 361 3908 demonstratur,
398 3822 609 3892 eonelusionis
644 3822 764 3887 ibidem
800 3845 856 3889 seu
884 3823 1087 3891 theorematis
1120 3828 1274 3896 rationem

122 3934 258 4003 hebens:
276 3932 352 4011 Sed,
362 3929 484 3998 Omnes
498 3925 609 4012 anguli
623 3925 701 3991 recti
715 3934 791 3990 sunt
806 3924 960 4011 aequales3
980 3926 1062 3993 Duae
1075 3941 1167 3997 reeta
1183 3931 1274 4000 lineae

125 4041 257 4126 spatium
279 4060 344 4103 non
365 4031 536 4109 eontinent,
563 4037 639 4095 sunt
662 4027 825 4093 axiomata
849 4029 983 4117 propria,
1008 4043 1117 4121 utpote
1142 4058 1214 4122 quae
1239 4039 1274 4104 in

127 4140 190 4208 solt
202 4140 387 4209 Geometrit
399 4134 503 4223 primo
513 4132 618 4197 locum
633 4130 787 4212 obtinent,
806 4130 902 4217 inque
920 4138 958 4199 et
977 4158 1018 4201 ex
1038 4137 1273 4209 definitionibus

175 4370 319 4442 snmus
336 4371 557 4427 armonem

177 4454 300 4513 remim
321 4455 438 4511 suom·
457 4456 489 4511 of
505 4455 608 4527 speon
629 4454 761 4512 mm
