3167 5192
470 353 536 418 380
753 369 940 420 nummum
963 368 1240 418 usrnsusmcn.
1305 350 1408 435 [uuor.
1422 368 1505 416 ιιιι.

535 522 591 588 Ab
615 523 649 587 Z
665 521 776 588 circuli
805 531 912 588 centro
943 519 1076 588 ducatur
1105 523 1136 587 Z
1139 521 1173 586 Y
1190 521 1456 610 perpendicularis
1476 523 1507 588 ad

470 649 570 692 unum
585 626 722 712 quodvis
736 625 848 713 figurse
863 625 947 690 latus
962 626 1036 706 AB,
1052 635 1085 692 et
1107 633 1340 692 connectuntur
1353 633 1438 694 recte
1453 627 1506 704 ΖΑ,

308 750 353 799 ⁸1.
386 765 407 799 1.
471 731 538 796 ZB.
582 728 754 795 *Evidens
772 739 821 796 est
837 729 1033 816 triangulum
1044 729 1140 795 ΑΖΒ
1152 729 1275 818 equari
1293 729 1534 816 rectangulosbr

375 853 381 865 ·
471 833 540 898 ZY
555 842 587 898 et
611 833 707 918 {AB
762 832 980 921 Similiterque
1001 833 1187 900 resolvendo
1212 843 1318 900 totam
1341 832 1465 919 figuram
1483 833 1508 897 in

303 4281 411 4351 ΜΕ]

471 936 628 1024 ejusmodi
642 937 803 1024 triangula
820 937 894 1026 (ipsi
909 938 1030 1004 scilieet
1050 938 1146 1004 ΑΖΒ
1161 949 1194 1005 et
1218 939 1285 1004 sibi
1307 948 1416 1004 mutuo
1431 936 1508 1023 aequi-

471 1038 581 1122 latera)
598 1038 726 1126 singula
741 1040 952 1125 aequabuntur
965 1039 1149 1126 reetangulo
1162 1062 1206 1105 ex
1222 1039 1362 1106 dimidia
1375 1063 1429 1106 sus
1440 1039 1507 1118 huss,

471 1151 504 1207 et
518 1141 687 1207 altitudine
701 1141 818 1228 aequali
832 1145 872 1227 τῇ
886 1144 920 1207 Z
921 1142 957 1207 Y.
1003 1141 1101 1208 Unde
1116 1143 1214 1208 simul
1230 1141 1342 1208 omnia
1362 1141 1509 1230 equabus·

471 1254 524 1310 tur
546 1244 728 1332 rectangulo
751 1268 794 1310 ex
817 1244 950 1310 dimidia
971 1244 1139 1332 perimetro
1160 1245 1287 1333 figurae,
1304 1255 1337 1311 et
1356 1245 1423 1310 ΖΥ.
1461 1243 1509 1308 Vel

472 1346 642 1436 triangulo,
651 1347 741 1435 cujus
756 1348 844 1415 basis
858 1361 907 1415 est
922 1357 988 1415 tota
997 1349 1173 1436 perimetur,
1188 1348 1330 1416 altitudo
1341 1351 1374 1414 Z
1376 1349 1411 1415 Y.
1435 1345 1509 1428 Quod

471 1462 520 1516 est

904 1578 1039 1648 Tenon
1063 1581 1092 1647 I.

471 1716 592 1804 Figura
614 1715 767 1800 regularis
785 1714 903 1782 circulo
925 1715 1077 1805 inscripta
1091 1716 1143 1783 vel
1161 1716 1410 1803 circumscripta,
1424 1735 1509 1800 equs-

514 1831 566 1886 tur
581 1819 714 1886 dimidio
727 1818 911 1905 rectangulo
929 1843 971 1885 ex
984 1819 1152 1907 perimetro
1174 1829 1208 1887 et
1229 1817 1480 1909 perpendiculari,
1494 1839 1509 1880 ι

513 1932 621 1990 centro
635 1921 677 1988 sd
690 1945 789 1988 unum
804 1921 907 2002 lstus;
929 1922 982 1988 vel
996 1923 1166 2010 triangulo,
1182 1924 1278 2012 cujus
1292 1922 1379 1990 basis
1390 1929 1509 2008 equatur

513 2025 678 2114 perimetro
693 2025 814 2114 figurae,
830 2025 965 2092 altitudo
980 2025 1074 2092 dictae
1090 2027 1358 2115 perpendiculari.

534 2151 631 2220 Nota.
675 2151 717 2218 In
738 2152 842 2241 figura
861 2153 1098 2242 circumscripta
1119 2153 1390 2244 perpendicularis
1410 2159 1453 2219 est
1467 2171 1505 2215 ra·

471 2257 543 2323 dius
556 2255 676 2323 circuli.

776 2425 779 2430 ·
907 2407 1012 2477 Peon.
1036 2407 1084 2475 Π.

467 2563 616 2630 Invenire
630 2561 848 2648 rectangulum
869 2562 934 2648 (vel
947 2559 1155 2648 triangulum)
1173 2560 1298 2649 equale
1313 2556 1433 2626 circulo.
1536 2592 1537 2640 ι

532 2683 675 2750 Ponatur
701 2683 854 2749 circulum
882 2705 952 2749 esse
976 2683 1112 2770 figurem
1137 2681 1329 2769 regularem,
1358 2678 1537 2744 habentem

467 2787 568 2853 latera
581 2786 745 2853 indefinite
763 2785 930 2866 mutuet
953 2809 1069 2875 perua3
1092 2795 1126 2851 et
1146 2791 1376 2873 consequenter
1392 2778 1501 2869 perime·

466 2901 551 2957 trum
582 2890 841 2956 circumferentiae
869 2889 1170 2978 perpendicularem,
1199 2911 1218 2955 e
1245 2897 1356 2955 centro
1386 2883 1425 2950 sd
1447 2879 1501 2945 hm

465 2992 576 3073 latera,
591 2991 682 3058 radio
696 2991 890 3072 coineidere3
906 2990 983 3056 hine
997 2991 1106 3079 igitur,
1117 2992 1214 3079 juxta
1226 2987 1415 3079 precedens,

893 3159 1028 3228 Tuscu.
1051 3161 1098 3229 Π.

466 3296 612 3367 Circulos
637 3308 781 3385 aequatur
800 3295 932 3364 dimidio
949 3298 1133 3385 reetangulo
1153 3321 1195 3366 ex
1216 3293 1454 3368 circumferentit
1473 3297 1498 3354 el

508 3405 615 3472 radio:
642 3405 715 3493 (Vel
735 3403 905 3492 triangulo,
922 3404 1012 3491 cujus
1032 3403 1119 3472 basis
1142 3415 1286 3493 aequatur
1304 3399 1498 3472 circumferen-

509 3511 573 3592 tim,
589 3510 724 3577 altitudo
737 3509 851 3592 radio.)

531 3647 605 3715 Hoc
626 3657 684 3730 est,
706 3645 810 3736 posito
838 3647 886 3730 (ut
913 3669 1037 3735 semper
1065 3645 1209 3734 posthac)
1238 3637 1493 3714 circumferentiam

466 3753 572 3820 vocari
586 3777 623 3834 ιι,
638 3762 670 3818 et
683 3751 808 3817 radium
823 3751 856 3816 Il
873 3749 937 3836 (vel
950 3751 980 3834 r)
998 3759 1030 3816 et
1044 3749 1233 3818 diametrum
1247 3749 1267 3817 δ
1280 3749 1343 3838 (vel
1356 3747 1408 3832 D).

531 4123 715 4191 Corollaria
760 4122 959 4191 circulorum
992 4121 1248 4192 circumferentiae
1277 4145 1310 4189 se
1334 4117 1437 4185 habeut
1460 4115 1488 4172 ul

465 4226 557 4293 radii
602 4226 688 4293 Nam
701 4229 762 4294 hoc
775 4227 930 4293 similium
952 4226 1135 4314 figurarum,
1151 4226 1276 4293 circulis
1297 4220 1487 4307 inscriptorum

304 4365 383 4402 ιιιι.
465 4341 521 4397 aut
542 4331 857 4421 circumscriptarum,
873 4341 1049 4422 competere
1063 4331 1300 4419 perimetris,1n
1265 4313 1484 4398 inrulsmentis

465 4435 706 4502 demonstratur
