3167 5192
16 4599 18 4672 l

98 417 200 469 nncr.
218 400 296 487 rm]
450 415 640 467 nscnouns
659 414 935 469 urrunnmrcn.
1209 403 1273 471 109

99 587 281 655 evaderent
300 586 390 652 falsoe
411 583 464 653 vel
483 584 694 660 insertasse
715 595 800 651 oerta
821 608 858 651 ac
879 585 971 652 firma
992 586 1124 653 scientia
1145 588 1272 676 qualern

99 690 279 780 pollicetur
298 690 534 770 demonstratio,
556 688 613 754 sed
634 712 719 755 error
740 699 797 756 aut
821 712 936 778 anceps
959 691 1181 779 produceretur
1204 715 1274 759 sus·

99 796 201 884 picio.
250 793 418 881 Siquidem
437 792 579 858 inomni
601 791 789 879 syllogismo
809 792 991 873 scientifico,
1010 793 1066 880 qui
1087 804 1274 861 constater

99 921 168 965 nno
183 896 242 965 vel
254 897 402 985 pluribus
415 894 599 961 immediate
613 894 786 983 principiis,
802 895 993 983 principium
1014 908 1211 986 assumptum
1226 908 1274 964 est

100 1003 209 1090 major
224 999 397 1089 propositio
411 999 445 1063 in
463 998 568 1086 prims
581 997 708 1084 figura,
724 999 809 1085 quod
830 999 893 1065 nisi
915 1000 957 1065 sit
977 1001 1198 1067 universaliter
1218 1024 1273 1067 ve-

102 1128 188 1186 rum,
213 1102 446 1191 argumentatio
467 1102 599 1167 minime
619 1101 778 1183 considet,
799 1114 836 1168 ut
855 1102 1057 1169 notissimum
1077 1103 1111 1167 in
1132 1100 1271 1191 Logicis.

102 1209 154 1276 Ut
168 1219 207 1276 et
222 1207 309 1296 quod
322 1206 548 1295 principiorum
564 1206 592 1271 si
607 1228 671 1292 qua
684 1206 729 1271 sit
742 1205 892 1273 debilitas
907 1217 962 1273 aut
976 1207 1169 1295 imperfectio
1184 1210 1274 1295 (qua-

102 1314 153 1381 les
167 1311 333 1401 imprimis
348 1321 422 1377 sunt
435 1310 677 1398 particularitas,
693 1321 725 1376 et
739 1312 966 1400 contingentia)
985 1311 1073 1377 illam
1092 1313 1127 1377 in
1147 1313 1273 1380 conclu-

104 1418 220 1483 siones
234 1416 409 1482 necessario
423 1413 570 1481 derivari.

172 1519 398 1586 Nihilominus
420 1517 504 1584 circa
527 1518 610 1582 hanc
636 1518 862 1606 principiorum
888 1518 1054 1585 vamtatem
1078 1540 1120 1585 ex
1146 1541 1207 1585 usu
1232 1519 1275 1587 sit

105 1625 287 1698 advertere,
302 1621 388 1710 quod
407 1622 464 1687 illa
480 1622 606 1687 nonsit
626 1621 724 1688 unius
745 1622 881 1708 generis,
901 1644 960 1689 neo
980 1623 1108 1709 penitus
1130 1622 1273 1688 univoca.

106 1727 201 1794 Nam
223 1725 340 1791 veritas
361 1723 506 1791 absolute
527 1724 623 1812 primi
640 1724 788 1812 principii
811 1723 851 1790 de
872 1724 1182 1789 contradictoriarum
1204 1748 1276 1812 pro·

107 1830 310 1920 positionum
329 1828 582 1916 incompossibili
604 1828 766 1894 simultate
789 1827 895 1915 quoad
915 1828 1082 1895 veritatem
1107 1837 1164 1894 aut
1188 1826 1277 1893 falsi·

107 1944 225 2013 tatem,
242 1930 332 2019 quasi
347 1930 450 2019 specie
470 1930 596 1997 differre
616 1930 743 1996 videtur
756 1954 777 1995 a
790 1930 924 1997 veritus
945 1930 1138 2019 reliquorum
1159 1930 1277 2019 princi·

108 2039 253 2128 piorum.
298 2034 392 2115 Quod
406 2035 476 2121 ejus
489 2034 575 2101 enim
590 2034 745 2122 originem
765 2044 897 2123 spectat,
914 2034 1066 2123 quicquid
1081 2034 1124 2101 sit
1139 2034 1178 2102 de
1193 2035 1274 2118 aliis,

111 2141 188 2207 lurae
209 2148 294 2206 certe
313 2138 401 2203 notio
421 2136 583 2203 mentibus
603 2136 721 2203 nostris
738 2137 920 2204 immediate
942 2150 1077 2204 connata
1093 2138 1226 2214 videtur,
1245 2149 1278 2205 et

110 2244 220 2310 indita
233 2241 327 2307 nobis
341 2264 361 2307 a
374 2240 453 2321 Deo,
468 2263 620 2307 unacum
635 2240 844 2306 ratiocinandi
863 2241 1023 2322 facultate,
1039 2241 1090 2307 cui
1107 2241 1276 2309 intrinsece

112 2346 244 2412 adnexa
262 2354 328 2423 est3
350 2343 508 2431 siquidem
527 2342 617 2408 nulla
634 2351 741 2431 potest
761 2342 812 2409 edi
831 2342 1029 2409 ratiocinatio
1050 2344 1112 2410 hoc
1132 2366 1197 2409 non
1219 2346 1276 2411 ad-
1317 2408 1322 2416 .

112 2450 216 2515 misso
231 2446 385 2536 principio
393 2472 402 2527 ;
424 2447 489 2512 imo
503 2448 607 2512 omnis
621 2446 819 2512 ratiocinatio
834 2469 899 2511 non
914 2446 976 2513 alio
991 2447 1102 2527 tendit,
1121 2446 1185 2513 huc
1204 2458 1276 2513 tan-

114 2551 192 2618 dem
213 2550 377 2637 redigitur,
396 2560 433 2615 ut
454 2548 602 2634 adigatur
621 2548 820 2614 adversarius
843 2547 904 2613 sibi
926 2547 1146 2628 contradicere,
1162 2548 1195 2613 id
1218 2560 1275 2630 est,

115 2651 263 2721 omnium
291 2650 497 2719 absurdorum
526 2652 703 2717 maximum
731 2649 907 2731 admittere,
935 2650 1021 2737 quod
1047 2650 1277 2739 propositiones

114 2754 367 2823 contradictorias
389 2753 486 2820 simul
510 2753 680 2820 consistere
704 2763 848 2841 possunt.
894 2752 967 2818 Hoc
992 2752 1054 2818 nisi
1079 2754 1276 2837 concedatur,

114 2858 243 2925 inutilis
264 2858 307 2924 sit
328 2859 430 2924 omnis
451 2858 541 2940 ratio,
563 2858 671 2924 inanis
692 2858 796 2923 omnis
818 2857 1010 2947 disquisitiO,
1031 2857 1083 2924 vel
1105 2858 1277 2946 disputatio

117 2964 203 3029 circa
220 2962 398 3029 veritatem.
441 2962 517 3028 Non
535 2962 653 3051 pendet
675 2961 735 3028 hoc
758 2962 800 3029 ab
824 2962 888 3027 alia
910 2961 1059 3049 qutpiam
1082 2962 1204 3050 praevia
1221 2986 1277 3029 no-

117 3067 214 3147 tione,
238 3065 454 3154 suppositione
475 3064 528 3131 vel
549 3064 832 3152 argumentatione,
855 3063 912 3129 sed
933 3063 1106 3129 ratiociniis
1129 3064 1277 3133 omnibus

118 3169 304 3249 includitur,
328 3178 367 3234 ut
393 3167 636 3235 fundamentum
664 3166 705 3232 iis
735 3166 944 3255 suppositum,
971 3175 1007 3231 ut
1032 3156 1276 3233 instrumentum

120 3298 183 3363 quo
208 3273 334 3339 habiles
356 3270 518 3339 reddimur
542 3271 584 3337 ad
613 3270 864 3337 ratiocinandum
892 3269 933 3336 de
958 3268 1039 3336 aliis.
1084 3270 1190 3356 Igitur
1217 3272 1278 3337 hoc

121 3379 311 3469 principium
322 3400 388 3467 prae
409 3376 491 3457 aliis,
507 3386 540 3443 et
559 3373 629 3441 κατ’
644 3373 763 3464 ἐξοχὴν
777 3397 887 3441 verum
907 3374 1040 3441 videtur.
1088 3374 1229 3459 (Πάντες
1247 3374 1280 3441 οἱ

122 3481 364 3553 ἀποδεικνύντες
387 3478 433 3552 εἷς
457 3478 578 3561 ταύτην
601 3477 778 3562 ἀνάγουσιν
799 3478 946 3567 ἐσχάτην
967 3476 1072 3561 δόξαν,
1094 3477 1191 3563 φύσει
1212 3477 1277 3567 γὰρ

122 3587 208 3678 ἀρχὴ
234 3585 292 3654 καὶ
317 3587 381 3651 rulo
403 3582 519 3651 ἄλλων
543 3581 737 3668 ἀξιωμάτων
761 3580 843 3662 αὕτη
869 3578 1035 3661 πάντων’;
1066 3579 1172 3667 inquit
1196 3590 1280 3646 recte

121 3688 354 3780 philosophus.)

185 3796 378 3881 Quanquam
393 3798 570 3856 extremum
589 3786 726 3875 rigorem
743 3785 934 3867 adhibendo,
953 3785 1029 3874 quia
1049 3784 1173 3851 duabus
1192 3784 1281 3851 tibiis

125 3902 233 3966 firmus
252 3895 396 3964 incedere
415 3893 509 3960 debet
526 3891 742 3980 syllogismus,
763 3912 822 3956 nec
842 3912 859 3955 e
877 3888 1166 3977 premissisunam
1187 3888 1281 3956 indu·

125 4004 221 4071 bitate
243 4024 352 4069 veram
373 4020 442 4065 esse
463 3996 587 4078 sufficit,
609 3995 716 4062 forsan
741 3998 891 4082 praterea
914 3992 1089 4059 necessario
1113 3992 1281 4081 requiritur

255 4170 264 4202 ¹
283 4168 361 4220 Am.
372 4178 393 4217 1.
406 4166 477 4217 Post
490 4182 513 4216 ο.
528 4180 567 4226 14.
859 4160 871 4194 ¹
887 4160 946 4213 Mer.
960 4174 1001 4212 111.
1017 4176 1049 4225 3;
1070 4174 1109 4213 11.
1126 4174 1146 4225 7.

179 4446 224 4502 All
244 4445 463 4503 demonstration
483 4442 607 4515 depende
624 4459 660 4498 on
681 4440 730 4497 tlre
753 4436 943 4509 impossibility
963 4434 995 4491 ol
1014 4432 1063 4489 the
1086 4430 1282 4487 simultrureous

131 4530 205 4586 trutlr
222 4548 256 4588 or
273 4530 416 4588 falselrood
434 4530 466 4585 of
480 4528 683 4595 contradictory
703 4522 895 4595 propositione.
