3167 5192
300 393 342 459 60
633 408 819 460 anemonas
842 407 1115 459 uanunurmon.
1273 393 1382 479 [nucu.
1397 406 1455 460 ιιι.

177 552 183 564 ⁸
297 577 435 643 radicem
449 575 600 642 abstracti
614 576 737 643 numeri
752 575 797 642 2?
839 561 889 641 At·
900 574 955 642 hic
973 596 1125 642 numerus
1142 575 1205 642 isto
1225 588 1318 665 pacto
1332 577 1458 643 nullam

297 680 436 746 radicem
450 678 565 758 habet3
589 679 661 762 (hoc
676 685 724 744 est
739 677 848 743 nullus
862 699 1012 743 numerus
1030 677 1163 764 integer,
1172 678 1226 745 vel
1240 678 1359 745 fractus
1371 679 1407 744 in
1420 701 1459 744 se

299 781 413 848 ductus
434 781 530 847 efficit
548 781 601 865 23)
628 803 669 846 an
684 780 822 846 mediam
841 779 1107 866 proportionalem
1127 781 1210 846 inter
1230 789 1259 861 l,
1273 792 1307 847 et
1321 780 1365 846 2?
1407 782 1458 846 At

298 885 407 951 nullus
423 883 551 950 omnino
570 882 644 948 talis
663 884 756 949 datm
775 903 925 948 numerus
944 882 1078 948 medius.
1123 882 1179 948 Ad
1199 882 1459 969 magnitudinem

298 987 397 1074 igitur
419 985 547 1053 omnino
569 985 792 1052 recurrendum
813 995 871 1065 est,
897 994 935 1050 ut
955 985 1010 1050 hic
1030 1007 1181 1052 numerus
1206 984 1285 1074 qnid
1308 984 1461 1070 designet

298 1100 403 1158 mente
423 1089 628 1178 concipiatur.
672 1087 759 1154 Nam
779 1088 841 1154 etsi
860 1088 942 1154 inter
961 1109 1128 1154 numerum
1144 1097 1173 1169 1,
1192 1100 1225 1155 et
1242 1111 1410 1155 numerum
1425 1098 1459 1169 2,
1574 1088 1577 1101 '

299 1193 408 1260 nullus
422 1193 516 1259 datrrr
530 1192 655 1259 medius
670 1190 913 1280 proportionalis
927 1213 1087 1271 numerus,
1102 1191 1187 1257 inter
1201 1191 1461 1278 magnitudinem

298 1307 406 1364 amen
431 1295 565 1362 unitatis
589 1295 718 1362 nomine
741 1294 963 1380 significatam,
991 1304 1023 1360 et
1051 1294 1304 1381 magnitudinem
1333 1292 1462 1360 binario

301 1399 546 1480 denominatam,
585 1398 679 1464 datur
714 1397 821 1464 media
850 1397 1037 1483 magnitudo
1066 1396 1311 1484 proportionalis
1333 1395 1464 1465 ‚radicis

298 1504 415 1569 binarii
443 1502 572 1569 nomine
601 1500 765 1568 commode
794 1499 1000 1586 designanda.
1046 1499 1140 1566 Idem
1167 1509 1306 1587 arguunt
1332 1501 1464 1566 numeri

298 1607 398 1688 fracti,
421 1606 614 1695 praecipuam
636 1603 734 1671 ferme
755 1612 880 1691 partem
902 1602 1131 1670 constituentes
1152 1603 1383 1684 Arithmeticar,
1405 1615 1465 1669 ut-

298 1721 370 1800 pote
386 1711 442 1799 qui
456 1708 716 1798 compositionem
731 1729 769 1773 aa
788 1706 978 1772 divisionem
1001 1706 1156 1795 (proprias
1170 1707 1350 1773 affectiones
1365 1729 1464 1794 mag·

298 1813 464 1893 citudinis,
483 1835 542 1878 nec
556 1811 628 1877 aliis
647 1811 751 1890 rebus,
773 1809 837 1874 nisi
856 1809 1041 1876 secundario
1062 1810 1282 1897 adjunctaque
1295 1808 1464 1896 magnitu-

298 1916 383 1982 dinis
398 1915 510 2002 gratia,
532 1913 757 2000 competentes)
779 1910 893 1977 intime
910 1920 1092 1992 connotant,
1108 1912 1346 2000 implicantque.
1391 1911 1463 1993 Qui

299 2018 389 2086 verbi
414 2039 461 2105 gr.
486 2017 564 2084 dicit
589 2026 644 2082 aut
666 2015 804 2102 concipit
828 2023 857 2102 ζ,
882 2014 966 2080 nihil
989 2016 1119 2082 omnino
1142 2015 1221 2082 dicit
1241 2025 1296 2082 aut
1317 2016 1464 2103 concipit
1577 2030 1582 2071 =

299 2119 388 2186 aliud
409 2130 619 2207 praeterquam
647 2116 902 2203 magnitudinem
927 2117 1067 2204 aliquam
1092 2141 1135 2184 ex
1153 2118 1278 2185 duabus
1297 2121 1462 2206 componi,

299 2223 447 2310 qualibus
469 2246 511 2289 ex
532 2222 634 2290 tribus
657 2220 757 2287 altera
777 2219 964 2307 magritudo
986 2221 1204 2310 componitur3
1234 2221 1288 2288 vel
1315 2222 1463 2309 aliquam

299 2325 554 2414 magnitudinem
574 2325 608 2389 in
628 2333 692 2391 tres
711 2322 849 2411 aequales
868 2324 1041 2412 particulas
1059 2325 1176 2400 dirimi,
1191 2325 1231 2392 de
1245 2325 1363 2412 quibus
1376 2325 1464 2394 duas

298 2440 476 2518 assumptas
505 2428 643 2516 concipit
671 2438 726 2494 aut
754 2427 912 2494 enunciat.
957 2426 1028 2494 Nec
1055 2428 1148 2495 aliter
1176 2429 1293 2517 integri
1326 2431 1461 2496 numeri

298 2531 534 2619 magnitudines
549 2531 734 2619 exprimunt
748 2540 781 2595 et
798 2538 1042 2616 repraesentant3
1063 2531 1323 2619 compositionem
1337 2532 1463 2622 quippe

298 2637 351 2704 vel
365 2635 555 2702 divisionem
570 2633 666 2701 etiam
681 2632 717 2698 hi
731 2641 887 2718 conceptu
900 2653 958 2698 suo
972 2630 1143 2699 involvunt
1155 2643 1189 2699 et
1202 2633 1460 2720 consignificant.

384 2738 440 2804 Ex
460 2760 523 2825 quo
545 2737 648 2802 obiter
666 2735 844 2823 perspicere
864 2735 941 2801 licet
960 2735 1040 2823 quid
1056 2735 1266 2823 judicandum
1285 2737 1329 2802 sit
1341 2735 1383 2802 de
1395 2739 1461 2805 ali·

297 2839 421 2929 quoties
436 2838 600 2905 memorati
614 2838 735 2924 egregii
749 2837 812 2904 viri
827 2837 1002 2917 sententia3
1025 2837 1082 2925 qui
1096 2859 1140 2904 sc.
1156 2849 1194 2905 ut
1207 2839 1461 2907 Arithmetieam

298 2942 481 3010 Geometn't
507 2941 609 3006 multo
633 2940 729 3007 latius
755 2939 888 3007 extendi
911 2940 1008 3006 faciat
1032 2940 1247 3022 manifestum,
1272 2943 1458 3010 universam

297 3042 475 3130 Algebram
497 3041 688 3110 Geometriae
709 3041 924 3128 abjudicatam
944 3040 1063 3108 addicit
1085 3042 1325 3126 Arithmeticae3
1347 3068 1459 3134 acqua·

297 3146 400 3212 tiones
421 3144 611 3232 Algebrioas
636 3144 733 3211 altius
755 3144 923 3212 ascendere
945 3146 1067 3227 statuit,
1093 3169 1190 3234 quam
1216 3146 1456 3230 Geometricas-;

297 3257 456 3336 negatque
477 3247 693 3320 Geometriam
712 3257 760 3314 tot
781 3249 984 3337 suppeditare
1003 3249 1225 3331 dimensiones,
1242 3259 1322 3337 quot
1339 3251 1457 3318 Arith-

297 3349 412 3417 metica
432 3349 550 3436 gradus
571 3358 718 3430 ostentat,
741 3350 828 3415 etin
848 3349 937 3415 illam
961 3352 1153 3418 sententiam
1174 3351 1327 3440 pluscula.
1372 3353 1456 3434 Qua

297 3465 403 3519 umen
417 3451 567 3518 facillime
581 3450 697 3518 discuti
711 3460 846 3539 possunt
866 3451 984 3538 omnia,
1006 3451 1150 3534 dicendo,
1172 3476 1230 3541 per
1247 3455 1326 3520 istas
1344 3477 1456 3542 aequa·

295 3557 398 3624 tiones
416 3555 480 3641 (vel
495 3555 719 3639 dimensiones)
737 3554 957 3641 Algebraicas,
978 3555 1136 3641 gradusve
1151 3556 1379 3624 Arithmeticos
1399 3559 1456 3626 vel

295 3661 424 3727 omnino
439 3659 522 3725 nihil
540 3658 687 3745 intelligi,
709 3659 756 3723 nil
778 3663 888 3724 revera
908 3658 1091 3744 significari,
1114 3670 1148 3726 at
1164 3683 1274 3726 omnes
1294 3661 1457 3749 imagina-

295 3765 359 3830 rias
380 3787 449 3831 esse
468 3762 654 3842 Chimaeras,
677 3772 710 3828 et
731 3783 819 3827 mera
840 3762 1087 3849 repertapara¹;
1112 3763 1164 3829 vel
1184 3762 1306 3852 aliquid
1321 3764 1402 3852 ipsis
1417 3766 1454 3832 in

296 3867 480 3934 Geometiit
499 3864 696 3953 respondere,
717 3863 804 3950 quod
825 3863 1008 3950 significent
1030 3874 1063 3930 et
1081 3875 1314 3952 repraesentent.
1360 3865 1455 3934 Sicut

295 3975 404 4036 revera
432 3968 579 4034 desueto
604 3965 713 4033 nullus
736 3976 784 4032 est
805 3961 977 4053 quisquam
1005 3989 1165 4048 numerus,
1192 3967 1284 4034 nulla
1310 3979 1454 4057 potestas

297 4068 477 4156 Algebr‘ica
493 4070 600 4137 nullus
614 4069 732 4157 gradus
748 4069 989 4149 Arithmeticus,
1006 4071 1058 4135 cui
1072 4093 1137 4137 non
1152 4071 1363 4160 respondeant
1377 4072 1454 4138 infi-

424 4205 434 4237 ¹
452 4207 489 4254 Τὰ
500 4208 551 4267 stip
561 4207 675 4270 χαιρέτω·
692 4206 859 4268 l'epertopara
870 4205 920 4268 γάρ
931 4195 1089 4256 ἐστὶι-ΑΓ.
1102 4219 1120 4257 1.
1139 4207 1205 4257 Post.
1218 4223 1272 4273 cap.
1286 4207 1326 4256 ²8.

348 4413 539 4468 Examination
560 4414 591 4469 cf
609 4415 727 4474 Wallis's
746 4420 883 4474 assertion
901 4419 965 4474 that
986 4417 1156 4475 Arithmetic
1171 4417 1195 4472 is
1212 4431 1288 4471 more
1306 4415 1453 4471 extensive

294 4500 362 4556 than
374 4499 529 4568 Geometry,
540 4514 571 4554 as
583 4499 723 4572 including
736 4503 859 4573 Algebra
870 4505 902 4560 of
909 4504 976 4574 high
988 4504 1163 4561 dimmnona
