3167 5192
326 384 391 452 270
649 400 836 451 menoses
859 400 1130 451 unrueunrrcn.
1266 386 1368 472 [uuor.
1382 407 1460 457 rvrr.
1556 478 1557 491 ἵ

324 580 473 660 promptu
495 570 575 637 foret
597 594 635 637 eo
659 570 847 657 connitenti)
871 592 1052 659 pennensem
1076 571 1243 660 plerosque
1268 571 1416 641 studerem
1435 586 1466 641 ct

323 674 481 763 exemplis
495 674 689 741 confirmare.
1556 674 1557 681 '

388 776 520 844 Nemini
540 800 605 843 non
626 786 738 843 notum
760 786 817 857 est,
840 776 925 864 quod
943 776 1135 843 vocabulum
1154 776 1252 860 λόγος
1273 778 1468 845 communiter

323 891 484 968 utcunque
508 903 683 947 sermonem
707 880 824 945 mentis
848 879 1036 963 ἐνδιαθονόν,
1061 890 1094 948 et
1115 882 1179 948 oris
1200 883 1395 969 προφορινόο
1416 882 1471 968 (ita

323 985 511 1051 recentiores
519 983 720 1070 distinguunt
734 981 963 1069 Peripatetici),
975 984 1139 1064 sermonis,
1151 984 1292 1073 inquam,
1304 984 1469 1073 uti-iusque,

323 1098 394 1154 tum
412 1086 590 1175 conceptivi
609 1097 679 1152 tum
698 1084 863 1173 prolatitii,
882 1097 948 1151 tam
967 1085 1149 1152 facultatem
1164 1087 1368 1175 operatricem
1381 1110 1471 1176 quam

324 1191 520 1281 operationes
539 1190 636 1278 ipsos,
654 1212 713 1256 nec
734 1209 798 1255 non
820 1190 1021 1257 immediatos
1043 1191 1173 1257 effectus
1194 1192 1235 1256 ab
1256 1213 1294 1257 ec
1316 1200 1473 1257 manantes

323 1293 451 1359 denotet
475 1315 513 1359 ec
535 1292 703 1379 exprimat,
729 1292 903 1378 praesertim
926 1292 1078 1381 quicquid
1102 1292 1216 1359 horum
1238 1315 1313 1359 cum
1336 1293 1473 1360 discurm

319 1396 466 1484 jungitur
488 1394 531 1461 nd
552 1394 693 1461 hominis
715 1403 862 1460 naturam
885 1396 1095 1483 appropriato,
1116 1396 1172 1484 qni
1195 1396 1281 1462 solus
1307 1396 1389 1464 inter
1408 1398 1475 1462 ani·

238 1508 241 1513 ’
323 1498 444 1564 mantia
467 1506 610 1565 censetur
635 1498 712 1578 ζῶον
734 1496 876 1579 λογικόν,
901 1496 1020 1563 animal
1042 1497 1320 1564 sermocinativum
1341 1498 1393 1564 vel
1412 1498 1474 1565 dis·

324 1600 495 1667 cureivum.

389 1703 503 1791 Neque
526 1701 629 1789 magis
652 1724 835 1789 quenquam
858 1700 942 1789 fugit
964 1701 1065 1768 literis
1088 1702 1287 1770 mediocriter
1310 1702 1475 1785 imbutum,

323 1806 409 1896 quod
424 1805 582 1894 ,peculiari
608 1803 745 1891 quadam
771 1805 893 1871 ratione
919 1805 1039 1892 passim
1064 1806 1150 1894 apud
1176 1806 1306 1873 (lraeoos
1332 1807 1477 1874 authores

323 1909 441 1975 nedum
455 1908 619 1975 sentcntiae
633 1907 810 1993 singulares
825 1918 931 1974 mente
945 1921 1104 1997 conceptae
1121 1909 1175 1975 vel
1193 1932 1246 1975 ore
1264 1909 1404 1997 prolatae,
1419 1909 1476 1976 sed

322 2011 463 2100 plurium
484 2009 710 2076 sententiarum
730 2009 905 2097 sartagines
927 2021 959 2077 et
981 2022 1153 2099 systemata
1174 2012 1404 2095 diversimoda3
1429 2013 1475 2079 fa·

323 2113 407 2181 buln
422 2136 535 2201 nempe
548 2112 601 2178 rel
614 2111 751 2199 apologi,
771 2112 843 2197 (hoc
857 2123 914 2194 est,
931 2136 1090 2181 sermones
1104 2137 1146 2181 ex
1161 2115 1289 2182 arbitrio
1305 2125 1337 2182 et
1351 2115 1475 2202 ingenio

323 2216 449 2283 conficti
458 2217 480 2303 ς)
500 2239 595 2303 nugae
609 2225 642 2281 et
656 2215 788 2297 offuciae,
809 2215 880 2302 (hoc
894 2226 953 2297 est,
965 2238 1052 2283 mera
1065 2218 1171 2299 verba,
1187 2240 1298 2284 sensus
1312 2242 1410 2285 vaona
1424 2218 1473 2285 vel

323 2320 465 2388 veritatis
474 2321 496 2406 ς)
514 2320 637 2407 adagio,
653 2342 709 2385 seu
720 2319 849 2406 jactate
862 2320 962 2407 vulgo
976 2320 1159 2403 sententiae3
1175 2344 1314 2388 rumores
1328 2321 1409 2387 frunt
1422 2320 1474 2388 rel

322 2425 467 2514 populari
495 2447 638 2491 sermone
664 2423 808 2511 dispersi,
834 2422 976 2489 historiae
1001 2424 1200 2506 omnimodae,
1226 2426 1377 2491 orationes
1398 2426 1471 2511 jugi

322 2529 403 2595 serie
416 2535 586 2617 pertentae3
602 2526 729 2592 demum
744 2524 897 2612 quaelibet
911 2525 1011 2591 literae
1025 2523 1119 2608 λόγον
1133 2526 1289 2593 dicentur.
1317 2525 1474 2614 Exempla
1556 2574 1557 2601 ,

320 2642 436 2721 praesto
460 2643 543 2713 sunt,
568 2615 686 2719 quibus
707 2628 767 2694 hos
789 2650 851 2694 usn
874 2627 966 2695 tritos
989 2628 1087 2717 hujus
1109 2630 1259 2697 vocabuli
1282 2629 1472 2717 significetur

322 2735 455 2817 firmem,
471 2746 520 2801 ast
533 2734 606 2799 illos
620 2733 734 2798 lubens
749 2740 912 2818 praetereo.

385 2836 503 2902 Nescio
517 2846 623 2901 tamen
638 2856 680 2899 an
694 2855 798 2921 operae
811 2832 854 2899 sit
872 2831 951 2898 alias
965 2832 1130 2919 quasdam,
1145 2857 1226 2923 quas
1247 2834 1344 2901 etiam
1366 2834 1400 2900 in
1420 2856 1472 2923 po·
1556 2910 1557 2925 2

321 2938 486 3027 puleribus
500 2938 623 3003 obtinet
637 2937 762 3024 scriptis
777 2936 982 3023 acceptiones,
999 2936 1120 3003 adrem
1135 2947 1276 3003 nostram
1296 2948 1329 3003 et
1348 2956 1470 3004 sensum
1556 2992 1557 3029 3

323 3042 557 3108 Geometricum
570 3041 699 3128 propius
714 3039 896 3106 accedentes
911 3040 1021 3127 paucis
1036 3040 1254 3127 perstringere.
1292 3039 1389 3107 Tales
1404 3048 1472 3106 sunt

322 3167 422 3233 quum
443 3142 540 3226 λόγος
561 3143 707 3229 designat
725 3143 921 3209 taxationem
935 3153 967 3208 et
981 3144 1247 3231 comparationem
1261 3164 1473 3231 quemcunque
1556 3192 1557 3233 3

321 3258 426 3340 rerum
454 3247 538 3313 inter
566 3269 610 3327 se,
637 3255 731 3333 prout
754 3245 826 3311 istis
852 3246 887 3311 in
912 3246 1083 3332 phrasibus
1109 3246 1246 3328 usitatis,
1275 3244 1473 3313 Ἀποδιδόνω

321 3352 429 3435 λόγον,
456 3350 617 3438 συναίρειν
644 3348 754 3432 λόγον,
782 3347 915 3438 ὑπέχειν
942 3349 1051 3432 λόγον.
1096 3349 1256 3439 Exempla
1281 3351 1358 3417 daut
1384 3350 1472 3418 etiam

323 3457 429 3527 Secrae
453 3455 588 3537 Litcrae;
620 3452 654 3521 S.
678 3454 794 3533 Lucas,
820 3451 960 3524 Ἀπόδος
985 3451 1085 3536 λόγον
1110 3458 1167 3537 τῆς
1191 3453 1372 3539 οἰκονομίας
1394 3452 1472 3519 oov¹.

323 3562 359 3630 S.
374 3561 557 3641 Matthaeue,
576 3559 735 3647 Ἔρχεται
750 3555 768 3622 ὁ
782 3555 889 3644 κύριος
903 3558 966 3622 τῶν
980 3555 1105 3623 δούλων
1122 3557 1248 3625 ἐκείνων
1264 3558 1319 3624 καὶ
1335 3556 1471 3643 συναίρει

320 3665 390 3752 μετ’
404 3664 509 3732 αὐτῶν
522 3662 642 3747 λόγον’.
687 3658 892 3725 ’Aaronom
905 3657 1013 3742 λόγον,
1032 3660 1186 3725 rationem
1204 3658 1333 3726 reddere
1342 3684 1350 3740 ;
1368 3656 1471 3725 συνοί-

321 3798 389 3858 ρειν
404 3768 512 3852 λόγον,
531 3766 684 3833 rationem
704 3762 802 3829 inire:
825 3785 939 3849 nempe
956 3762 1095 3828 muueris
1114 3761 1337 3842 administrati,
1357 3762 1413 3829 vel
1431 3758 1472 3826 rei

321 3873 463 3961 cujusvis
491 3868 695 3948 concreditae3
726 3866 812 3954 quod
838 3866 923 3931 nihil
947 3876 996 3932 est
1017 3864 1103 3931 alind
1124 3888 1220 3953 quam
1242 3865 1385 3932 actiones
1407 3885 1473 3930 cunr
1556 3885 1557 3961 i

319 3977 440 4065 regulis
462 3975 503 4040 ad
521 3996 601 4063 quas
620 3970 786 4057 exigendae
808 3978 891 4051 sunt,
911 3992 953 4035 cx
975 3969 1157 4057 prescripto
1177 3969 1347 4058 superioris
1373 3978 1473 4058 poteo·

580 4130 590 4161 ¹
607 4130 670 4180 Luc.
682 4128 733 4177 xri.
747 4142 769 4176 a.
972 4124 984 4159 ⁵
1000 4126 1095 4178 Metu.
1109 4142 1168 4179 xxv.
1184 4140 1220 4191 19.

374 4450 404 4505 lt
422 4462 516 4502 means
534 4444 661 4513 thought,
679 4442 735 4498 and
753 4440 871 4513 apcech;

374 4536 401 4591 A
419 4531 512 4599 fahle;
530 4548 547 4587 a
564 4527 731 4597 rochoning;
