3167 5192
98 450 179 499 uror.
193 436 271 521 xm]
406 449 593 502 numinum
616 451 888 503 uaruuuumcm
1162 428 1227 503 329

96 630 167 688 tento
181 623 247 709 jam
267 625 425 691 communi
442 626 602 692 rationum
621 626 735 692 harum
758 636 978 714 consequente,
1007 624 1227 692 denominator

95 726 176 792 unius
195 736 222 808 9,
247 728 375 796 alterius
396 728 626 796 denominatori
649 738 667 796 3
691 730 823 819 duplato
844 754 909 797 nou
932 740 1084 819 equattu.
1129 730 1227 797 Unde

96 838 171 914 patet
182 829 354 898 istiusmodi
368 832 527 898 rationum
548 832 829 921 multiplicationes
849 833 891 900 ab
911 832 974 899 alia
989 838 1085 899 causa
1103 854 1226 899 nuncu·

96 931 162 1017 pari,
175 933 300 1019 posthac
313 933 509 1000 commodius
522 933 730 1023 expedienda

149 1033 185 1099 Id
211 1034 311 1101 solnm
339 1034 497 1123 adjiciam,
528 1036 677 1116 admisso,
707 1036 794 1123 quod
823 1044 962 1103 astruere
987 1045 1119 1103 conatus
1145 1059 1225 1118 sum,

96 1136 212 1203 rationes
224 1138 344 1205 nullam
360 1161 401 1204 ex
416 1161 451 1205 se
464 1137 674 1225 quantitatem
689 1138 816 1219 habere,
832 1138 923 1205 nulla
937 1139 1124 1229 quantitatis
1139 1139 1228 1205 attri-

96 1238 160 1304 buta
173 1240 270 1307 sortiri
286 1240 350 1306 nisi
370 1241 537 1321 naturalia,
558 1263 692 1328 quaeque
711 1240 828 1307 debent
848 1253 977 1331 accepta
997 1242 1110 1309 referre
1130 1241 1227 1310 deno-

95 1344 281 1412 minatoribus
302 1345 381 1426 suis,
405 1344 606 1411 difficultates
628 1344 814 1430 hujusmodi
835 1345 1000 1435 plerasque
1023 1346 1132 1413 statim
1153 1370 1228 1414 eva-

94 1467 208 1528 nescere,
223 1448 320 1516 dubia
339 1448 436 1539 plane
455 1447 525 1514 tblli
540 1448 593 1514 vel
607 1446 700 1513 facile
715 1447 807 1529 solvi,
826 1448 899 1515 lites
913 1460 946 1515 et
959 1450 1047 1517 rixas
1061 1451 1228 1539 plerasque

95 1551 246 1638 consopiri;
268 1574 341 1639 quae
358 1552 507 1617 nimirum
521 1550 610 1617 haud
628 1550 756 1618 aliunde
772 1575 870 1640 quarn
887 1575 932 1618 ex
950 1553 1159 1641 ambiguitate
1172 1578 1228 1642 per

95 1650 187 1719 falsam
204 1654 295 1723 istam
309 1654 507 1744 hypothesin
526 1653 706 1719 introduott
719 1653 870 1721 videntur
889 1655 1063 1722 emersisse.
1108 1656 1228 1736 Quam-

95 1756 184 1823 obrem
203 1758 287 1826 baud
306 1760 368 1826 abs
387 1782 422 1824 re
443 1756 523 1824 duxi
544 1756 752 1845 quaestionem
770 1759 855 1849 bano
875 1768 941 1824 tam
963 1758 1033 1824 fisse
1055 1758 1228 1849 seduloque

95 1860 233 1929 ventilare.

146 1963 293 2032 Caeterum
313 1966 395 2053 quia
412 1964 510 2052 vulgo
529 1963 632 2031 solent
651 1964 788 2030 rationes
808 1962 890 2031 inter
909 1987 943 2031 se
958 1966 1141 2055 comparari,
1157 1990 1227 2034 ver·

96 2064 178 2154 boque
195 2078 284 2137 tenus
304 2067 456 2157 aequales,
476 2069 621 2156 majores,
641 2068 778 2134 minores
793 2068 922 2150 haberi3
945 2092 1005 2135 nec
1024 2070 1226 2138 scientiarum

95 2171 230 2255 magistris
250 2171 441 2259 deneganda
462 2171 609 2238 rideatur
633 2170 771 2253 boantis,
799 2172 880 2239 tales
905 2196 999 2240 voces
1025 2173 1163 2243 cudendi
1189 2199 1227 2243 ao

95 2274 242 2361 usurpandi
247 2303 256 2359 ;
274 2276 441 2365 (doctrinm
455 2298 570 2364 nempe
580 2274 719 2342 clarioris
734 2284 766 2341 et
780 2275 997 2343 succinctioris
1008 2278 1121 2364 gratia,
1132 2279 1226 2346 modo

95 2372 126 2439 de
144 2398 174 2442 re
194 2390 324 2462 constet,
353 2402 391 2445 ac
419 2402 559 2445 errorum
584 2380 706 2445 occasio
735 2380 943 2468 praecidatur:
965 2404 1033 2457 ‚neo
1058 2380 1145 2449 enim
1166 2406 1226 2469 ego

95 2480 219 2567 vulgares
231 2482 385 2575 loquendi
400 2481 512 2549 modos
525 2482 660 2550 libenter
674 2482 827 2570 improbo,
845 2482 901 2549 sod
915 2484 1072 2571 genuinos
1085 2484 1226 2573 ipsorum

94 2602 188 2650 sensus
205 2584 374 2673 investigo,
400 2607 442 2651 ne
463 2584 562 2652 verba
582 2586 676 2651 rebus
698 2584 847 2665 officiant,
870 2594 903 2650 et
923 2608 980 2673 per
1001 2585 1111 2653 inanes
1133 2609 1228 2655 sonos

94 2680 221 2754 illudatur
234 2689 363 2756 veritati
373 2689 395 2773 3)
410 2689 489 2769 haeo,
505 2687 646 2775 inquam,
662 2710 734 2753 oum
749 2686 796 2752 ita
810 2710 843 2754 se
858 2688 1007 2769 habeant,
1024 2698 1056 2755 et
1074 2710 1138 2755 non
1153 2690 1228 2758 abs·

94 2808 142 2871 que
160 2788 360 2858 fundamento
381 2790 520 2879 quodam
542 2800 637 2877 atque
659 2794 754 2855 causa
770 2789 939 2879 probabili,
960 2790 1136 2858 locutiones
1157 2792 1227 2863 iata

95 2891 194 2975 pridem
211 2896 363 2963 admissae
382 2895 456 2976 sint,
478 2917 514 2960 ac
534 2892 655 2960 dudum
673 2893 876 2976 invaluerint,
895 2894 971 2983 quid
993 2919 1050 2982 per
1069 2894 1142 2963 illas
1161 2896 1227 2965 dis-

95 2992 172 3064 tincta
194 3000 392 3089 significetur
414 2998 618 3086 inquiremus.
664 2996 744 3079 Qua
766 3020 880 3085 nempe
902 2997 966 3065 sint
987 3000 1134 3089 aequales,
1158 3025 1226 3068 ma·

91 3092 165 3179 jores,
174 3104 309 3171 minores
322 3102 458 3169 rationes
465 3128 473 3184 3
487 3101 548 3167 hoo
558 3110 616 3182 est,
629 3100 690 3167 alio
703 3100 798 3167 modo
808 3102 948 3169 breviter
957 3126 1016 3171 nec
1027 3104 1224 3187 inconcinne,

94 3202 226 3272 rationum
245 3206 501 3295 comparationes
518 3204 597 3270 istas
616 3202 782 3285 efferendo,
804 3203 882 3292 quid
902 3204 945 3272 sit
963 3206 1122 3296 ancbpcb,
1147 3208 1226 3297 quid

94 3300 249 3397 lyperbpsb
268 3313 341 3396 (aut
349 3308 510 3399 prompto)
529 3306 607 3395 quid
621 3305 809 3395 bypobqsb,·
829 3309 987 3395 quomodo
1008 3309 1132 3375 definiri
1151 3333 1225 3399 pos·

93 3404 151 3487 sint,
167 3421 196 3477 et
213 3435 232 3477 a
250 3435 285 3479 sa
309 3412 392 3477 bene
414 3408 581 3496 distingui,
599 3407 747 3497 proxime
767 3406 919 3477 Lectione
941 3434 1137 3498 quaeremus3
1162 3419 1226 3499 qut

93 3509 165 3577 nulla
176 3513 307 3583 fortasse
322 3513 469 3582 subtilior
488 3519 543 3577 ant
560 3511 687 3597 gravior
704 3509 790 3598 apud
806 3510 1050 3578 Mathematioos
1069 3512 1226 3601 discepta-

94 3618 133 3677 tur
153 3618 370 3686 controversia.
415 3614 545 3704 Optime
570 3616 737 3703 (quantum
762 3635 814 3679 res
841 3612 911 3702 ipsa
935 3613 1063 3702 patitur,
1091 3615 1221 3704 optime)

94 3715 157 3781 nihi
169 3721 290 3789 ridetur
303 3722 347 3788 ab
360 3718 501 3786 Euclide
512 3717 712 3785 definitiones
726 3718 787 3783 has
803 3740 871 3784 esse
885 3718 1092 3799 constitutam
1113 3718 1225 3806 pleris-
1253 3712 1254 3718 '

95 3838 142 3901 qne
152 3821 215 3905 jam
233 3846 325 3891 aecus
343 3822 479 3902 videtur,
500 3842 636 3908 eumque
655 3842 749 3886 nemo
766 3819 832 3886 fere
845 3843 909 3887 non
924 3819 959 3885 in
973 3820 1035 3886 hoc
1049 3802 1179 3887 damnat
1193 3832 1226 3889 et

94 3917 203 4008 deserit3
220 3951 262 3993 an
273 3926 371 4017 justis
386 3925 426 3993 de
441 3924 545 3991 causis
559 3934 591 3991 et
605 3923 721 3990 validis
735 3922 867 3990 subnixi
881 3923 1054 3991 ratiociniis
1069 3925 1130 3990 hoo
1144 3923 1224 3991 lece·

93 4023 151 4100 rint,
169 4029 202 4096 id
221 4030 412 4099 examinatis
433 4040 466 4097 et
487 4027 637 4117 expensis
658 4050 730 4115 quae
752 4026 863 4094 dixero
884 4050 980 4117 penes
1002 4037 1143 4095 vestrum
1165 4028 1225 4096 en't

89 4121 225 4207 judicium
239 4142 388 4201 statuere.
433 4130 567 4198 Interim
582 4128 779 4217 εὖπρωγεῖτε.

92 4456 180 4596 ¹mlle
196 4477 256 4533 ιω]
265 4480 316 4521 ose
332 4463 454 4534 analogy,
465 4462 622 4533 hyperlogy,
632 4460 775 4531 bypology,
790 4458 833 4512 sor
851 4456 936 4512 ratios
954 4455 985 4511 of
1000 4454 1089 4528 equal,
1104 4458 1224 4525 greater,

163 4646 241 4699 nu,
1093 4627 1136 4691 42
