3167 5192
283 337 326 403 86
622 351 808 403 succrouss
831 350 1102 401 unruuunuon.
1281 332 1388 417 [uuor.
1401 350 1435 397 v.

281 518 444 585 evidenter
464 520 615 607 consequi
633 520 769 602 videtur,
791 544 834 587 ex
856 519 1016 587 intellecto
1037 517 1263 586 vocabulorum
1280 518 1381 596 totius,
1404 524 1438 582 et

273 625 391 712 portet,
421 623 559 709 mrporrir,
589 634 622 689 et
645 625 777 689 minoris
798 623 924 710 proprio
953 621 1143 709 significatu.
1189 620 1356 709 Siquidem
1380 643 1439 709 per

282 727 386 812 majus
400 726 500 792 altero
513 726 681 791 denotatur
695 726 738 807 id,
759 726 846 815 quod
868 726 998 791 alteram
1021 749 1088 792 rem
1108 724 1258 805 eontinet,
1273 737 1328 791 eut
1343 724 1438 791 alteri

281 852 348 895 rem
363 828 526 917 aequalem,
542 829 725 918 aliquidque
740 838 907 917 proeteree;
922 828 1099 917 perminus
1114 827 1212 895 altero
1227 829 1263 894 id
1277 828 1371 915 quod,
1384 828 1438 894 vcl

282 931 317 997 id
332 933 383 997 cui
398 933 530 1020 aequale,
546 933 724 999 continetur
737 934 772 998 in
787 933 885 999 altero
900 932 946 998 sic
964 941 1001 999 ut
1018 932 1141 1019 aliquid
1157 944 1308 1019 preterea
1327 953 1438 1019 super·

283 1034 335 1101 sit.
372 1035 492 1101 Totum
516 1060 590 1102 vero
614 1037 754 1102 strictius
774 1036 922 1122 designat
943 1035 978 1101 id
1003 1034 1088 1123 quod
1111 1035 1252 1101 continet
1275 1033 1373 1116 eliud,
1404 1046 1439 1100 et

283 1138 406 1225 aliquid
435 1139 686 1226 insupe13pars‚
713 1138 748 1203 id
772 1140 859 1226 quod
888 1138 1065 1203 continetur
1091 1138 1125 1203 in
1148 1138 1221 1218 alio,
1252 1137 1299 1203 sic
1319 1147 1357 1204 ut
1379 1136 1439 1204 illo

283 1241 409 1307 sublato
420 1252 581 1307 remaneat
594 1242 724 1328 insuper
739 1240 870 1328 aliquid.
915 1240 970 1305 Ex
984 1262 1047 1328 quo
1062 1240 1162 1328 liquet
1175 1242 1279 1329 majus
1293 1252 1439 1330 respectu

283 1344 391 1424 totius,
407 1356 439 1411 et
453 1345 559 1409 minus
573 1354 718 1431 respectu
726 1343 835 1430 partis,
845 1344 879 1409 vi
894 1344 1136 1431 significationis
1151 1344 1387 1426 vocabulorum,
1403 1368 1441 1411 se

283 1446 400 1514 habere
412 1459 450 1513 ut
469 1470 571 1535 genus
590 1447 633 1512 ad
651 1448 797 1535 speciem,
820 1470 877 1514 seu
899 1448 1002 1534 magis
1024 1447 1214 1514 universalis
1235 1447 1374 1513 nominis
1396 1446 1442 1515 cd

282 1573 399 1617 nomen
418 1552 525 1617 minus
544 1550 741 1629 universale3
762 1550 956 1638 proindeque
975 1550 1072 1637 juxta
1090 1551 1220 1637 Logicae
1238 1550 1365 1637 regulas
1387 1550 1441 1615 iu·

282 1653 444 1734 fallibiles‚
458 1664 543 1719 recte
556 1651 731 1739 predicari,
752 1653 861 1718 Totum
876 1665 920 1717 eet
933 1655 1057 1740 niuja&
1078 1653 1161 1718 Pare
1175 1667 1219 1718 eet
1232 1656 1344 1720 minor.

349 1756 449 1822 Haud
475 1756 665 1821 absimiliter
693 1755 831 1842 aequales
863 1755 929 1820 iore
958 1754 1205 1840 magnitudines,
1233 1778 1305 1843 quae
1334 1754 1441 1823 eidem

283 1859 375 1924 alteri
400 1858 615 1945 magnitudini
640 1867 816 1944 sequuntur,
846 1880 888 1922 ex
918 1857 1120 1944 esqualitatis
1150 1880 1347 1945 quecunque
1373 1868 1442 1925 sta·

283 1972 400 2041 trmtirr,
414 1961 542 2026 notione
560 1960 678 2039 statim,
694 1960 815 2047 opinor,
831 1960 1011 2027 elucescetl.
1057 1960 1105 2026 Ut
1121 1961 1236 2027 sicum
1255 1960 1441 2049 Apollonio,

283 2066 433 2152 cumque*
454 2064 526 2130 aliis
549 2062 722 2143 nonnullis,
742 2074 878 2151 ponatur
899 2064 994 2129 alteri
1011 2064 1129 2151 Quale
1154 2062 1330 2149 designare,
1353 2065 1443 2151 quod

284 2169 376 2233 alteri
390 2168 541 2233 collatum
556 2188 613 2255 per
631 2166 740 2231 omnia
758 2178 921 2252 congruet,
939 2167 1000 2233 hoc
1016 2177 1064 2233 est
1081 2166 1166 2233 idem
1185 2166 1323 2254 spatium
1337 2168 1443 2256 reple-

282 2269 341 2353 bit,
368 2271 503 2337 eundem
531 2270 636 2336 locum
665 2270 852 2357 occupabit;
883 2269 958 2335 inde
983 2292 1039 2357 per
1068 2266 1237 2358 ὥγχίνοιαν
1267 2272 1441 2358 quandam,

283 2364 446 2442 celerrimo
460 2374 576 2441 mentis
590 2374 666 2454 ictu,
682 2373 889 2461 discursuque
903 2372 993 2439 velut
1012 2373 1213 2439 insteutaueo
1232 2386 1443 2463 consequetur
1568 2424 1569 2429 η

281 2478 403 2545 dictum
417 2477 563 2543 axioma:
587 2476 698 2543 Posito
718 2475 837 2563 quippe
855 2474 1110 2562 magnitudinem
1131 2477 1278 2563 quumvis
1299 2480 1331 2543 A
1347 2502 1443 2546 occu-

280 2605 356 2670 pare
369 2582 475 2649 locum
489 2606 523 2668 χ,
547 2591 579 2645 et
599 2580 662 2666 ipsi
684 2578 840 2665 aequalcm
862 2580 895 2643 B
913 2590 1079 2666 propterca
1106 2579 1158 2664 (ob
1178 2580 1375 2667 suppositam
1394 2604 1440 2649 sc.

283 2790 316 2853 A
332 2786 486 2873 aqualem
501 2806 570 2851 esse
594 2782 629 2862 0,
647 2793 681 2848 et
696 2782 829 2870 proinde
859 2783 887 2849 0
902 2783 1006 2849 locum
1024 2783 1159 2871 xetiam
1180 2806 1342 2873 occupare,
1361 2810 1442 2873 quo·

283 2890 370 2954 niam
394 2900 556 2954 ostensum
583 2898 633 2952 est
657 2888 745 2953 Bet
774 2886 959 2953 Geundem
984 2887 1089 2953 locum
1112 2912 1316 2978 xoccupare
1347 2902 1442 2959 sumt
1563 2926 1564 2954 t

282 2994 361 3058 Bet
380 2991 409 3057 0
429 2989 567 3077 aequales
589 2988 701 3053 itidem
729 3011 772 3054 ex
802 2987 887 3054 dicte
915 2989 1100 3057 defiuitione
1129 2993 1182 3058 vel
1208 2993 1442 3079 significatione

284 3094 476 3183 aequalitatis
501 3092 741 3181 praesuppositd.
785 3090 858 3158 Niti
881 3093 1010 3180 quidem
1032 3094 1148 3183 poterit
1168 3096 1352 3185 hujusmodi
1375 3099 1441 3167 dis-

283 3221 378 3266 cursu
391 3207 477 3265 certa
491 3196 630 3282 cognitio
649 3196 743 3262 istius
762 3196 943 3278 axiomatis,
965 3207 999 3264 at
1017 3198 1110 3265 illum
1128 3222 1219 3267 meus
1234 3202 1335 3268 exerit
1349 3204 1440 3271 nullo
1558 3196 1560 3267 J

281 3302 420 3390 negotio,
436 3311 469 3367 et
482 3300 574 3389 quasi
588 3300 766 3367 virtualiter
778 3300 997 3387 potiusquam
1012 3301 1181 3390 explicite3
1197 3326 1292 3390 quem
1307 3306 1438 3393 quidem

283 3407 460 3473 discursum
490 3430 510 3471 u
537 3403 777 3492 praeclurissimo
813 3402 984 3472 Geometra
1015 3404 1188 3493 Apollonio
1223 3408 1440 3496 excogitatum

283 3511 415 3598 sugillet
429 3508 571 3589 Proclus,
586 3508 633 3573 ita
645 3517 753 3574 tamen
767 3516 805 3573 ut
820 3506 848 3573 si
862 3506 944 3573 tanti
958 3530 1008 3573 res
1028 3507 1117 3589 foret,
1133 3519 1165 3574 et
1180 3520 1355 3598 opportune
1370 3513 1439 3581 fieri

282 3626 399 3705 posset,
411 3613 498 3680 haud
509 3610 635 3677 difficile
648 3610 794 3677 videatur
804 3633 957 3697 magnum
971 3612 1077 3677 virum
1091 3635 1110 3677 a
1125 3620 1257 3679 censura
1267 3614 1439 3687 vindicare.

346 3716 377 3783 Ε
392 3716 509 3805 quibus
523 3712 624 3781 obiter
639 3712 761 3778 adverti
774 3722 880 3800 potest
901 3712 1097 3779 axiometum
1116 3713 1337 3805 plerorumque
1356 3719 1441 3786 veri·

282 3831 382 3889 tatem
399 3818 517 3887 resolvi
538 3818 573 3883 in
590 3814 801 3895 definitiones,
825 3836 882 3881 seu
898 3815 1127 3903 explicationes
1145 3819 1361 3901 terminorum,
1385 3834 1441 3889 aut

282 3922 509 3990 vocabulorum
524 3920 641 4007 quibus
654 3918 837 3998 efferuntur,
853 3926 886 3983 et
900 3918 941 3983 ab
956 3917 996 3983 iis
1008 3920 1180 3985 consectari
1195 3942 1254 3987 ceu
1267 3923 1441 4009 porismata

283 4028 369 4095 facili
379 4025 516 4114 quodam
525 4023 659 4091 ettccito
666 4019 845 4101 ratiocinio;
855 4043 934 4109 quas
942 4022 1439 4097 tameudefinitionesGeometrae

445 4169 456 4201 ¹
472 4168 548 4234 Apud
560 4168 685 4228 Proolum,
698 4182 724 4231 p.
738 4181 778 4229 54.
1017 4166 1029 4199 ¹
1045 4167 1131 4222 Hobb.
1145 4169 1171 4219 in
1183 4169 1274 4223 Pltr'lor.

335 4374 498 4445 uxnmploa:
523 4370 622 4428 Wtole
633 4372 688 4427 md
699 4374 787 4430 Part.

332 4462 435 4532 Equol.
669 4503 673 4511 .
