3167 5192
90 403 173 455 mm.
188 389 310 477 mm]
415 405 602 458 nncrrcsrs
623 404 898 458 nrnsnmcs.
1169 391 1232 458 871
1256 395 1259 400 “

88 573 199 654 delinit,
215 576 300 663 (ipso
309 576 419 664 judice
431 596 584 664 perquam
603 580 748 643 accurate
754 579 777 661 3)
794 575 876 643 ratic
893 573 1095 643 Geometrica
1115 573 1230 641 rationi

89 673 284 744 Geometricsc
297 679 407 745 cadem
419 689 478 760 ost,
498 680 627 767 qnando
645 699 741 747 causa
759 681 868 767 aliqua
887 677 1063 766 aequalibus
1078 678 1229 766 tempori-

89 780 140 844 bus
151 782 285 868 equalis
297 781 417 848 faciens
425 794 592 870 utramque
604 784 758 849 rationem
774 783 988 849 determinans
1003 781 1113 848 eedem
1128 781 1230 866 assig-

89 884 149 948 nari
162 893 272 972 potest.

144 987 191 1053 Dc
213 993 281 1074 qut
304 987 489 1054 definitione
513 997 689 1076 temperare
708 989 790 1053 mihi
815 1009 937 1076 nequeo
961 988 1040 1076 quin
1062 986 1177 1082 dicam,
1203 984 1231 1049 si

89 1087 151 1173 quis
166 1090 273 1154 omnia
286 1088 586 1155 Mathematiccrum
609 1092 774 1175 (veterum,
792 1091 1012 1173 recentiorum)
1030 1087 1146 1154 scrinia
1159 1107 1231 1173 per-

89 1189 207 1270 rolutet,
220 1211 381 1276 nusquam
396 1191 508 1277 opinor
521 1191 693 1278 comperiet
706 1191 807 1256 ullam
822 1193 878 1272 rei,
897 1213 994 1278 quam
1009 1186 1231 1254 illustrandam

90 1292 199 1379 accipit,
212 1291 409 1358 offuscandae
421 1293 525 1379 magis
538 1303 762 1380 comparatam,
777 1293 901 1360 nullam
915 1293 1060 1382 pluribus
1079 1302 1112 1357 et
1126 1289 1232 1377 gravi·

90 1391 183 1459 oribus
200 1393 291 1459 vitiis
306 1393 514 1459 laborantem.
558 1393 644 1459 Nam
663 1405 697 1460 et
714 1395 881 1461 intellectu
902 1395 1038 1460 difficilis
1059 1417 1097 1459 ac
1115 1411 1232 1478 anceps

90 1505 143 1573 est3
158 1495 246 1580 (adeo
258 1494 392 1582 quidem
405 1505 444 1561 ut
456 1495 537 1560 mihi
551 1507 674 1562 constet
686 1498 730 1562 ab
743 1498 875 1564 authore
889 1521 947 1564 suo
961 1519 1026 1563 non
1040 1496 1168 1584 penitus
1182 1495 1232 1558 in·

90 1595 261 1681 tellectam3)
283 1607 353 1663 eta
365 1598 526 1684 proposito
539 1599 722 1664 commiscet
740 1599 912 1665 admodum
932 1599 1053 1679 aliena;
1075 1609 1108 1664 et
1126 1597 1232 1662 nescio

91 1721 126 1762 an
142 1699 213 1764 ullis
236 1702 335 1785 (certe
355 1700 533 1786 perpaucis)
556 1701 697 1766 materiis
718 1701 949 1766 accommodari
970 1709 1091 1788 potest3
1114 1709 1147 1764 et
1161 1719 1231 1784 quas

92 1799 134 1865 illi
151 1803 375 1891 mperstruitnr
389 1803 532 1868 doctrina
546 1814 614 1869 tots
634 1804 681 1868 sie
702 1804 839 1883 infirma,
861 1803 1002 1884 confusa,
1026 1812 1230 1891 praepostera3

95 1905 154 1982 lucc
170 1927 232 1970 non
251 1905 288 1970 in
309 1903 474 1992 aliquibus
494 1905 606 1991 magni
628 1906 782 1972 momenti
801 1906 909 1991 falsa3)
936 1905 1019 1971 nihil
1039 1917 1076 1971 ut
1096 1927 1232 1992 usquam
1370 1973 1378 1990 ,

95 2005 185 2073 simile
195 2009 376 2096 praestitum
390 2008 526 2074 viderim
540 2008 574 2072 in
588 2007 834 2075 Mathematieis.
879 2008 974 2074 Illam
994 2018 1077 2075 certe
1100 2007 1231 2094 (Physi-

94 2129 151 2174 cam
163 2112 266 2198 potius
279 2133 380 2199 quam
390 2109 663 2196 Mathematicam)
677 2110 894 2178 definitionem
909 2112 986 2178 dum
1000 2111 1137 2190 excutio,
1148 2110 1231 2175 nihil

95 2209 173 2279 video
185 2215 268 2302 quod
287 2215 432 2303 probem
450 2215 535 2280 nihil
549 2215 613 2280 fere
627 2214 714 2303 quod
732 2214 918 2302 improbem,
939 2215 1017 2280 adeo
1031 2213 1114 2279 nihil
1128 2212 1232 2301 expli·

94 2313 176 2380 citum
188 2317 332 2383 continet
345 2327 402 2382 aut
415 2316 589 2383 evolutum.

147 2419 229 2498 Quid
240 2421 285 2487 sit
298 2421 455 2486 rationem
470 2421 513 2487 ab
526 2420 636 2507 aliqud
653 2424 751 2484 causd
768 2417 981 2498 determinari,
1002 2419 1054 2483 vel
1073 2415 1231 2504 quomodo

96 2517 311 2604 deterrumum,
328 2522 415 2589 baud
428 2523 579 2610 explicat,
593 2532 626 2588 et
640 2545 697 2610 per
710 2544 746 2587 so
758 2521 838 2586 satis
852 2521 1020 2586 obsonum
1034 2530 1092 2586 est.

149 2622 211 2690 (lor
225 2623 364 2691 eandem
376 2645 505 2690 causam
520 2624 652 2709 ingerat,
672 2644 737 2688 non
756 2622 870 2708 liquet3
896 2624 980 2706 (cum
1000 2622 1116 2709 saepius
1137 2619 1233 2686 ctiam

97 2724 235 2792 udonum
248 2726 451 2815 singularum
465 2727 653 2813 homogenei
667 2726 796 2792 termini
810 2725 1031 2792 diversimodis
1045 2724 1150 2790 causis
1163 2745 1235 2812 pro-

98 2841 239 2911 creentur3
261 2842 294 2896 et
309 2830 469 2896 ntionum
488 2830 676 2896 collatarum
698 2829 826 2894 termini
844 2829 962 2916 saepius
982 2829 1092 2894 itidem
1113 2829 1234 2894 hetero-

100 2931 176 3012 geuei
189 2933 260 3015 sint,
281 2933 444 3020 nullisque
463 2933 596 3022 proinde
615 2932 719 2998 causis
738 2931 852 2998 iisdem
872 2929 1127 2998 determinabilcs
1146 2931 1235 2997 vide-

100 3037 201 3120 antur3)
213 3059 269 3104 cur
277 3037 345 3102 ista
353 3036 673 3103 eausadcterminans
687 3036 791 3121 rigido
802 3036 874 3124 jure
885 3041 1028 3103 teneatur
1039 3036 1237 3102 uniformiter

101 3155 186 3219 δεῦε,
198 3140 250 3207 vel
263 3137 403 3227 aequalia
420 3140 615 3228 temporibus
634 3138 811 3226 aequalibus
830 3141 942 3206 effecta
956 3139 1136 3227 producere,
1152 3140 1235 3224 (cum

102 3238 220 3308 mtiones
239 3253 433 3331 quantorum
459 3242 610 3329 inaequali
635 3242 843 3328 quantumvis
869 3242 990 3330 impetu
1014 3243 1235 3330 productorum

103 3343 203 3427 cani
214 3345 361 3433 possint)
378 3345 465 3412 haud
479 3346 558 3413 adeo
572 3346 703 3412 cuilibet
716 3345 751 3410 in
765 3345 942 3433 propatulo.

155 3444 363 3525 Quamobrem
382 3446 499 3515 deinde
511 3451 670 3516 rationum
685 3449 856 3536 aequalium
871 3447 1063 3535 expositioni
1080 3447 1237 3534 generalis

105 3547 279 3629 emanans
301 3552 493 3619 interveniat
513 3563 691 3640 temporum
713 3551 934 3629 consideratio,
957 3550 1093 3637 perspici
1114 3550 1235 3637 nequit.

105 3641 224 3718 ldoerte
239 3664 364 3721 constat
383 3653 467 3720 nihil
487 3654 601 3721 borum
622 3654 665 3720 ad
685 3652 866 3738 analogiam
888 3651 1063 3718 necessario
1080 3651 1236 3738 pertinere

107 3747 148 3814 vel
159 3755 309 3825 amedee.

159 3853 235 3923 (lum
249 3882 276 3925 e.
288 3882 321 3947 g.
337 3859 409 3925 dieo
422 3860 487 3925 duo
506 3867 627 3946 quauta
645 3857 712 3924 suis
730 3856 978 3946 sequemultiplis
997 3858 1236 3946 proportionari,

108 3973 234 4038 quanam
248 3964 344 4030 isthic
357 3987 435 4051 rogo
449 3987 553 4030 causae
571 3963 714 4051 cujusvis
734 3963 878 4030 incientis
893 3961 1029 4051 aqualia
1043 3964 1238 4051 temporibus

109 4063 263 4145 equlibus
276 4068 397 4136 incidat
411 4069 540 4149 mentio,
560 4067 624 4132 nisi
643 4089 796 4154 perquam
815 4067 1052 4156 imper-timenter
1070 4077 1102 4134 et
1122 4068 1238 4155 impor-

110 4165 193 4231 tune?
233 4169 314 4237 Cum
328 4172 484 4260 sphteram
499 4181 531 4236 et
544 4168 725 4257 cylindrum
740 4169 770 4236 ei
784 4170 1052 4258 circumscriptam
1067 4173 1240 4259 proportio·

110 4264 424 4344 nuceumciobessi
443 4273 589 4352 velasci,
612 4295 708 4359 quam
730 4294 785 4338 oro
807 4273 902 4340 fuerit
923 4274 957 4341 in
979 4283 1128 4362 promptu
1144 4299 1240 4343 causa

154 4502 211 4563 'ibis
226 4511 250 4566 is
264 4529 329 4586 very
345 4514 457 4587 absurd,
474 4511 682 4585 unintelligible,
700 4509 755 4567 aud
771 4523 884 4566 narrow.
