3167 5192
328 372 392 438 124
657 385 853 435 necrronss
877 383 1150 456 usrunusrocs.
1201 450 1205 457 ἡ
1285 365 1389 451 [neco.
1403 384 1466 431 vm.

330 561 454 625 dicatur
471 558 650 647 praecipere,
670 556 771 622 veluti
792 554 928 621 subinde
948 553 1187 641 disciplinarum
1206 554 1353 641 magistri
1370 554 1469 619 dione

329 685 388 729 sne
402 661 543 727 vocitant
551 672 720 749 praecepta.
785 672 788 675 ’
1549 652 1551 673 ²

396 762 472 829 Non
486 763 571 828 mele
584 762 736 829 Rivaltns
751 760 793 827 ad
807 760 906 825 istum
923 759 1028 825 locum
1042 757 1256 825 Archimedis.
1303 760 1405 825 Petere
1412 781 1470 845 poe

331 891 438 933 eumue
453 867 508 932 Ιιοο
521 865 571 931 vel
583 864 671 930 illud
685 866 732 930 so'e
750 862 918 952 appellari,
935 874 1000 927 tum
1010 862 1075 926 'doc
1094 860 1143 926 ool
1160 859 1246 927 illud
1263 861 1351 948 quod
1369 874 1471 926 nature

333 970 449 1037 lumine
466 970 674 1056 copnoacimus
693 980 800 1033 ναιαπι
821 968 926 1045 statui,
942 964 1074 1050 dens'que
1095 964 1150 1029 Ιιοο
1171 962 1220 1031 vel
1240 964 1329 1031 illud
1340 963 1473 1051 posrsbilo

324 1073 413 1159 fieri.
457 1072 504 1137 At
517 1095 604 1137 ονιαο
618 1070 703 1158 qaod
711 1070 793 1156 fieri
809 1067 857 1133 eal
874 1069 920 1134 sic
934 1068 1096 1134 nominari
1104 1079 1207 1155 potest
1226 1067 1413 1153 dignitatem
1428 1090 1473 1153 op·

324 1175 449 1263 pellere
469 1174 641 1261 nequimus,
660 1173 876 1239 mineatem
894 1171 1045 1237 nantibus
1062 1171 1177 1237 αοοινιὶι
1196 1172 1396 1258 cognitionem
1412 1169 1473 1254 dest·

331 1280 481 1345 πίιιοαοπν
509 1300 572 1343 esee
597 1275 783 1341 mncedetur.
830 1273 918 1341 Satis
943 1273 1004 1339 hoc
1033 1272 1075 1339 ad
1103 1296 1169 1339 rem
1196 1274 1351 1360 apposite.
1394 1272 1473 1337 Addo

333 1381 501 1447 Proclum:
527 1378 616 1459 Ἤδη
639 1378 670 1444 οἱ
687 1377 747 1461 μὲν
764 1377 875 1444 πάντα
894 1375 1057 1459 αἰτήματα
1076 1381 1187 1443 καλκῖν
1207 1374 1365 1461 ἀξιοῦσιν,
1381 1374 1474 1459 ὥσπερ

334 1484 389 1550 καὶ
403 1482 627 1570 προβλήματα
641 1481 683 1547 τὰ
700 1479 873 1563 ζητούμενα
886 1480 1004 1546 πάντα.
1550 1530 1551 1533 ,

400 1585 511 1652 Potuit
540 1584 639 1671 igitur
668 1582 887 1662 Archimedes,
914 1581 1064 1648 brevitati
1089 1582 1169 1649 dans
1194 1604 1334 1669 operam,
1360 1581 1475 1666 ideoque

333 1690 489 1778 principia
503 1710 562 1755 sua
576 1687 673 1753 simul
687 1708 751 1753 nno
765 1708 894 1772 corpore
913 1684 1079 1771 complecti
1099 1685 1209 1752 volens
1219 1688 1407 1773 petitionem
1420 1682 1474 1747 illis

332 1816 447 1859 nomen
463 1792 625 1876 assignare
639 1812 704 1856 non
718 1788 937 1868 incommode;
959 1811 1024 1854 uon
1047 1812 1135 1876 aeque
1149 1790 1307 1876 potuisset
1324 1789 1370 1855 cis
1389 1786 1474 1853 omni-
1550 1824 1551 1863 ι

333 1898 394 1962 bus
417 1894 629 1980 definitsbnum
653 1902 709 1957 ant
727 1894 922 1958 ααῖοπιαααα
941 1890 1070 1957 titulum
1089 1892 1248 1979 adaptare.
1295 1890 1401 1959 Simili
1414 1890 1474 1977 jun
1550 1870 1551 1919 l

332 1999 438 2087 potuit
456 1996 618 2077 Euclides,
634 2005 762 2084 possent
784 1994 840 2059 alii
860 1995 927 2061 suis
946 1995 1110 2082 principiis
1129 1995 1238 2063 indere
1256 2018 1374 2063 nomen
1392 1996 1474 2081 hypo

201 2169 203 2172 .
333 2102 474 2167 ιῖονῖννα.
519 2097 604 2163 Nam
626 2107 658 2163 et
672 2096 870 2184 vocabulum,
883 2120 1053 2184 supponere
1067 2097 1232 2164 latissimae
1250 2122 1355 2187 capax
1373 2108 1418 2163 est
1434 2116 1475 2160 sc·

332 2201 498 2289 captionis.
542 2199 612 2267 Nec
636 2198 807 2287 improprie
836 2199 990 2287 quicquid
1017 2200 1059 2265 ed
1084 2200 1384 2269 demonstrationem
1408 2196 1473 2266 ntile

332 2304 535 2392 praemittitur
560 2303 623 2369 dici
645 2312 749 2389 potest
770 2300 971 2377 ὑποκεῖσθαι,
994 2302 1048 2369 vel
1070 2301 1291 2384 ὑποτίθεσθαι,
1318 2304 1472 2391 subjacere,
1550 2362 1551 2367 ,

331 2408 478 2497 supponi,
495 2406 655 2473 subsoemi
668 2406 769 2473 instar
783 2405 993 2487 hindamenti,
1009 2406 1061 2472 cui
1076 2418 1361 2495 superextmantur
1373 2430 1473 2494 seqnn·

331 2524 410 2580 turae
425 2510 717 2579 demonstrationes.
763 2507 950 2574 Archimedi
970 2509 1099 2577 solenne
1121 2520 1169 2576 est
1191 2510 1236 2576 its
1258 2510 1358 2599 loqni.
1400 2509 1473 2575 Ante

218 2694 222 2701 ¹
330 2618 428 2684 libros
443 2616 483 2682 de
499 2615 632 2702 Sphaerd
646 2623 678 2679 et
692 2612 859 2699 Cylindro,
875 2622 948 2701 post
962 2612 1161 2679 definitiones
1175 2624 1208 2680 et
1222 2615 1392 2694 axiomata,
1406 2608 1472 2677 Τοιῖ

329 2745 401 2799 ταν,
418 2718 531 2804 inquit,
550 2715 773 2799 ὑποκειμένων.
819 2715 907 2780 Ante
927 2713 1127 2783 definitiones
1144 2718 1325 2804 praemissas
1348 2717 1425 2783 libro
1440 2714 1472 2779 de
1549 2718 1550 2767 i

331 2820 536 2900 Concidibns,
552 2830 585 2885 et
601 2818 850 2906 Sphaeroidibus‚
866 2815 1034 2883 Ὕπέκειτο
1053 2817 1143 2884 adde:
1167 2818 1208 2884 In
1223 2819 1306 2885 libro
1321 2820 1362 2887 de
1378 2819 1472 2907 Spire-

329 2921 425 2999 libus,
441 2919 617 3007 Πρόκειται
638 2919 681 2985 τὰ
697 2919 811 3007 χρείαν
830 2917 948 3007 ἔχοντα
967 2917 1011 2990 εἰς
1029 2918 1089 3001 τὴν
1108 2918 1272 3004 ἀπόδειξιν
1289 2922 1396 2989 αὐτοῖν
1416 2916 1472 3007 (nbi
1548 3004 1549 3011 ἵ

311 3022 524 3109 ,προκεῖσθαι
542 3021 724 3109 aequipollet
741 3026 788 3109 τῷ
807 3020 1023 3105 ὑποκεῖσθαι),
1068 3022 1181 3110 Itaque
1194 3048 1366 3113 supponere
1381 3022 1472 3107 desig·
1548 3042 1549 3079 l

331 3134 387 3189 net
401 3123 574 3190 universim
592 3122 782 3210 praemittere
800 3123 852 3189 vel
872 3133 1085 3211 praesternere,
1100 3124 1300 3193 fundamenti
1314 3128 1400 3208 loco;
1420 3128 1473 3213 qul

331 3226 453 3293 ratione
467 3226 589 3293 cunctis
603 3228 749 3315 congruit
763 3228 938 3316 principiis.
965 3226 1055 3297 Sicut
1069 3238 1102 3295 et
1114 3230 1306 3315 λαμβάνειν,
1322 3252 1471 3307 meumes

329 3330 382 3397 vel
408 3353 465 3419 pro
489 3352 636 3397 concesso
659 3330 818 3417 accipere3
848 3331 924 3397 licet
949 3332 1009 3397 hoc
1031 3333 1200 3399 axiomatis
1222 3334 1411 3423 peculiarius
1429 3352 1472 3397 ac·

329 3433 561 3501 commodetur:
578 3432 627 3499 Ut
641 3432 675 3497 in
690 3432 731 3497 iis
746 3432 786 3497 de
803 3430 936 3520 Sphaera
951 3444 983 3499 et
994 3433 1159 3521 Cylindro,
1174 3446 1247 3524 post
1261 3438 1393 3505 beditas
1407 3432 1473 3500 defi·
1547 3424 1548 3481 l

328 3538 465 3606 ultiones
487 3537 649 3603 axiomata
670 3536 869 3624 subjecturus
890 3534 1110 3621 Archimedes,
1133 3540 1295 3623 λαμβάνω
1317 3540 1353 3609 δὲ
1373 3542 1470 3607 ταῦτα

328 3641 403 3708 Non
418 3642 563 3720 reticebo,
576 3642 611 3706 in
625 3650 815 3719 nansenrsu,
828 3638 936 3725 paullo
951 3663 1046 3727 supra
1060 3654 1267 3711 memoratum
1282 3640 1472 3713 Archimedis

330 3744 540 3826 Scholiasten,
562 3743 739 3823 Rivaltum,
760 3766 880 3809 novum
900 3734 1000 3811 nobis‘
1011 3768 1053 3811 ex
1073 3768 1110 3813 eo
1129 3747 1277 3834 principii
1296 3770 1405 3835 genus,
1424 3752 1472 3809 aut
1546 3730 1547 3785 l

327 3870 447 3914 novum
462 3858 545 3913 certe
559 3870 675 3913 nomen
689 3846 860 3927 extudisse,
876 3847 963 3933 quod
977 3848 1117 3935 appellet
1134 3850 1318 3918 sahsidobm.
1349 3850 1471 3917 Dixerat

328 3950 552 4017 Archimedes¹
574 3959 647 4039 post
669 3948 879 4030 definitiones,
901 3951 966 4017 alia
986 3951 1306 4023 demonstrationibus
1321 3956 1387 4023 suis
1400 3974 1471 4043 pre·

327 4052 434 4133 missa,
458 4052 720 4139 Προγράψαντες
741 4050 797 4118 οὖν
816 4052 859 4119 τά
879 4078 914 4119 τε
932 4052 1132 4141 θεωρήματα,
1148 4056 1260 4125 καὶτὰ
1276 4058 1471 4141 ἐπιτῶγματο

327 4152 497 4241 τὰχμείαν
511 4154 630 4242 ἔχοντα
644 4153 761 4227 εἰςτὰς
775 4154 954 4240 ἀποδείξεις
973 4155 1088 4239 αὐτοῖν,
1103 4159 1188 4242 μετὰ
1207 4164 1312 4231 ταῦτα
1332 4159 1470 4249 ’γραψαῖ-

665 4292 675 4323 1
693 4293 726 4341 In
740 4293 806 4344 nar.
820 4294 849 4344 α
862 4293 962 4347 conse
975 4296 1141 4361 παριααα.

377 4478 424 4534 He
434 4478 501 4535 calls
513 4478 590 4534 them
602 4478 779 4550 llypotheses
791 4486 847 4543 and
860 4487 1063 4558 Assumptions
