3167 5192
102 388 191 443 acen.
207 375 287 461 xm]
435 392 621 445 morienne
643 394 917 447 ncnnnnmcn.
1033 380 1046 399 '
1193 380 1257 447 325

99 571 146 629 est
156 584 285 631 necesse
299 586 360 652 per
372 562 546 631 locutiones
558 563 735 631 antediem
749 565 839 631 aliud
853 564 1023 654 quicquam
1037 575 1152 654 praeter
1168 578 1258 637 ante-
1290 550 1296 561 ⁸

98 665 274 732 cedentium
289 666 506 755 aequalitatem
524 676 580 732 aut
595 667 844 756 inaequalitatem
869 668 942 754 (hoc
962 679 1020 750 est,
1043 669 1184 758 ipsorum
1206 694 1257 737 ra·

98 766 222 853 tionem)
240 769 408 857 designari
417 770 470 837 vel
484 770 633 857 intelligi.
655 770 689 836 N
688 794 725 837 ee
738 770 838 858 igitur
848 772 935 838 valet
948 773 991 840 ab
1004 772 1092 840 hisce
1106 773 1257 863 loquendi

97 871 234 940 formulis
249 874 390 941 deducta
403 875 648 961 argumentatio.
1225 960 1229 969 ⁸

156 984 186 1043 t.
229 976 316 1043 Dixi
330 978 415 1044 nihil
429 988 478 1044 est
491 999 628 1059 necesse,
644 977 702 1044 sed
715 1000 818 1065 neque
834 979 874 1045 de
887 980 970 1046 iacto
985 978 1155 1067 quicquam
1170 980 1257 1049 aliud

97 1080 276 1167 wncipitur,
293 1081 382 1148 unde
396 1104 460 1170 qno
474 1082 654 1149 coronidem
675 1082 837 1170 imponam
858 1082 934 1148 buic
956 1082 1180 1165 dissertationi,
1200 1084 1257 1151 ad·

97 1192 178 1247 verto
192 1183 318 1270 quinto,
335 1184 489 1271 quicquid
503 1184 603 1272 vulgo
616 1184 795 1251 rationibus
809 1184 968 1264 tribuitur,
985 1184 1020 1250 id
1039 1206 1112 1251 vere
1130 1194 1256 1251 tantum

97 1292 126 1347 et
137 1286 263 1372 proprie
276 1288 440 1353 rationum
459 1287 760 1367 denominatoribus,
782 1286 844 1355 boc
865 1296 923 1369 est,
945 1288 1086 1375 ipsarum
1108 1288 1150 1355 ad
1171 1288 1256 1355 idem

97 1409 287 1477 consequeus
314 1391 514 1458 redacterum
540 1390 810 1471 antecedentibus,
836 1391 1013 1457 convenire.
1058 1390 1163 1471 Quam
1189 1391 1256 1457 illis

97 1493 261 1580 adsignant
276 1496 453 1584 quantitas,
467 1496 550 1562 nihil
570 1506 619 1562 est
638 1496 727 1563 aliud
745 1520 843 1583 quam
863 1496 1135 1563 denominatorum
1155 1520 1256 1584 quan-

98 1598 166 1664 titas
184 1612 217 1667 et
235 1602 341 1681 rati03
364 1622 463 1688 quum
484 1602 571 1691 ipsus
592 1600 694 1668 videri
715 1600 830 1668 volunt
851 1601 966 1668 addere
988 1601 1040 1667 vel
1062 1600 1255 1682 subtrahere,

98 1723 155 1767 non
168 1705 231 1771 nisi
246 1705 507 1772 denominatores
520 1705 600 1772 istos
618 1705 742 1772 addunt
757 1705 811 1771 vel
832 1706 1041 1784 subtrahunt3
1065 1703 1122 1771 sed
1136 1713 1168 1769 et
1183 1726 1257 1771 cnm

99 1804 176 1893 ipsas
189 1809 412 1897 multiplicant
424 1808 478 1875 vel
499 1819 702 1897 componunt,
716 1810 861 1897 partiunt
880 1817 937 1875 ant
956 1807 1129 1888 resolvunt,
1146 1807 1256 1875 eadem

99 1928 143 1973 res
159 1922 215 1976 est
262 1911 420 1999 Liquebit
440 1911 501 1977 hoc
519 1912 750 1999 propositiones
770 1911 1010 1992 Vincentianas,
1032 1910 1160 1998 egregio
1180 1933 1256 1979 sane

101 2012 165 2079 nisu
177 2024 357 2096 contextas,
369 2014 521 2081 attentius
535 2014 747 2102 expendenti3
762 2036 843 2101 quas
856 2014 984 2101 quidem
996 2014 1025 2080 is
1035 2015 1257 2083 universaliter

101 2117 248 2202 proponit,
271 2127 309 2183 et
330 2117 503 2183 secundum
525 2116 726 2184 definitiones
747 2140 785 2183 ac
806 2117 1001 2205 hypotheses
1023 2140 1096 2184 suas
1117 2119 1178 2185 rite
1200 2118 1256 2185 de·

103 2230 255 2301 monstrat,
272 2229 311 2286 at
325 2220 440 2308 siquis
454 2244 508 2287 eas
522 2222 686 2307 speciatim
706 2219 809 2288 veluti
829 2220 868 2287 de
887 2217 1058 2286 numericis
1080 2220 1255 2288 rationibus

102 2321 228 2406 prolatas
242 2324 391 2413 accipiat,
406 2322 476 2411 ejus
490 2334 590 2391 totam
605 2325 780 2390 doctrinam
801 2324 863 2391 huc
879 2323 1015 2390 recidere
1029 2323 1253 2411 deprehendet,

104 2433 135 2487 ut
146 2424 335 2494 fmetionum
350 2426 442 2514 quasi
456 2425 678 2507 numeralium,
693 2436 749 2492 aut
763 2424 975 2512 quotientium
993 2425 1149 2492 divisione
1168 2447 1254 2491 com-

103 2536 263 2611 pertorum,
276 2527 400 2594 additio
413 2536 446 2594 et
461 2528 644 2608 subtractio,
659 2526 883 2613 multiplicatio
898 2548 934 2591 ac
949 2525 1074 2606 divisio,
1087 2526 1254 2613 quoadque

104 2631 330 2716 proportionem
344 2630 547 2717 comparatio,
561 2628 732 2714 indagetur
747 2636 843 2714 atque
857 2626 1008 2693 tradatur.
1043 2626 1135 2707 Quod
1148 2638 1253 2693 autem

105 2727 366 2799 inAn'tbmeticis
379 2742 429 2799 est
442 2731 603 2799 numerica
617 2730 737 2811 fractio,
750 2730 803 2797 vel
818 2728 984 2796 divisionis
999 2728 1154 2816 quotiens,
1170 2729 1204 2795 id
1219 2730 1253 2797 in

107 2831 279 2905 Geometrit
290 2848 340 2903 est
352 2827 572 2903 denominator
584 2833 715 2900 rationis
730 2833 918 2920 cujuspiam,
931 2833 991 2899 hoc
1005 2842 1054 2899 est
1065 2832 1253 2920 magnitudo

108 2940 254 3027 quapiam
268 2941 310 3006 ad
324 2940 554 3028 homogeneam
568 2939 631 3005 sibi
645 2937 911 3024 magnitudinem,
926 2936 1058 3003 unitatis
1072 2935 1142 3003 loco
1161 2936 1252 3003 habi-

108 3052 172 3124 tcm,
194 3047 243 3112 sic
265 3047 386 3127 affecta,
404 3055 498 3134 prout
513 3044 626 3110 fractio
644 3043 698 3108 vel
716 3042 863 3130 quotiens
882 3042 1043 3109 numerica
1060 3041 1193 3109 refertur
1211 3043 1253 3110 ad

108 3146 260 3216 unitatem.
304 3149 409 3229 Quare
422 3147 506 3213 nibil
524 3146 613 3212 alind
631 3144 779 3234 prosequi
797 3144 922 3211 videtur
939 3144 1137 3225 Vincentius,
1154 3168 1251 3235 quam

109 3246 262 3318 hactiones
276 3252 512 3331 Arithmeticas‚
529 3250 631 3337 iisque
648 3247 874 3336 respondentes
893 3249 1051 3315 rationum
1071 3249 1251 3317 Geometri-

109 3372 202 3420 cerum
222 3353 491 3433 denominatoree3
521 3352 638 3440 quibus
658 3352 865 3437 congruentia
883 3372 1016 3438 quaeque
1036 3362 1251 3439 symptomata

108 3457 271 3525 rationibus
284 3458 363 3545 ipsis
377 3456 516 3524 ascribit.
562 3455 635 3523 Sint
648 3478 676 3521 e.
688 3478 720 3542 g.
741 3455 813 3520 duae
833 3454 969 3521 rationes
989 3455 1158 3521 numerica
1174 3463 1192 3520 3
1209 3455 1250 3523 ed

110 3573 134 3645 t,
146 3579 175 3633 et
188 3578 205 3635 7
219 3570 262 3635 ud
276 3578 315 3649 33
336 3568 450 3635 harum
464 3565 716 3633 denominatores
730 3573 823 3631 erunt
837 3562 1003 3629 fractiones
1017 3562 1043 3656 ff
1064 3574 1096 3629 et
1116 3564 1143 3659 a}
1160 3565 1250 3651 (qua-

109 3684 326 3780 tenusffadl,
343 3684 391 3749 ita
410 3706 444 3749 se
464 3682 560 3748 habet
579 3692 615 3747 ut
634 3689 653 3747 3
673 3679 770 3760 ada
793 3678 1071 3772 et}:1::7=3)
1089 3678 1250 3746 celredu-

110 3793 195 3858 cendo
220 3794 319 3860 dietas
344 3792 512 3860 natones
537 3790 579 3857 ad
604 3811 803 3859 communem
832 3785 1130 3869 denominationem,
1157 3797 1250 3855 erunt

110 3896 226 3968 istarum
243 3903 402 3969 rationum
421 3900 672 3968 denominatores
691 3897 815 3964 numeri
835 3895 926 3962 hecti
947 3896 999 3991 ἦ
1018 3904 1051 3961 et
1069 3894 1129 3991 ff.
1174 3895 1245 3963 Has

110 4004 195 4093 igitur
213 4012 379 4079 fractiones
400 4034 472 4076 cum
493 4008 650 4075 addiderit
671 4006 808 4088 sibimet,
831 4013 887 4072 aut
907 4026 1004 4071 unam
1026 4006 1067 4072 ab
1087 4006 1152 4073 alic
1173 4008 1249 4076 sub-

111 4106 238 4198 duxerit3
267 4139 340 4183 cnm
362 4137 459 4181 unam
481 4134 538 4202 per
560 4111 692 4178 alteram
718 4108 939 4197 multiplicarit
962 4119 1017 4175 aut
1040 4108 1191 4195 diviserit,
1215 4123 1248 4179 et

511 4302 710 4311 m-
724 4300 820 4307 --—--

152 4430 182 4494 (5)
213 4429 270 4486 'lbe
287 4428 438 4501 quantities
456 4426 562 4498 mually
580 4424 706 4481 ascribed
725 4427 756 4479 to
773 4424 860 4478 ratlos
878 4440 926 4479 are
945 4423 994 4480 the
1011 4423 1144 4481 fractiom
1159 4422 1247 4479 which

112 4524 208 4582 lborceo
218 4516 310 4573 theim
326 4514 416 4570 which
433 4514 468 4571 V.
485 4512 551 4570 calls
563 4512 612 4568 the
623 4509 846 4567 denominatorc.
