3167 5192
559 1455 691 1528 Lucu,
720 1455 748 1527 L

101 1685 133 1756 L
255 1683 581 1756 BAEFATORIO
566 1709 637 1776 Jam
657 1625 787 1756 viuculo
809 1685 944 1772 solutus,
967 1695 1001 1756 st
1019 1689 1237 1808 scopulumnt
1197 1685 1329 1801 Ὗ*

283 1797 510 1880 praetervectus
533 1788 754 1874 Rhetoricum,
780 1789 824 1858 ad
851 1791 993 1860 muneris
1021 1792 1085 1862 mei
1113 1815 1186 1882 pro·
1196 1817 1311 1894 loq

103 1892 222 1982 prium
241 1915 330 1984 opus
344 1893 501 1982 accingor.
545 1891 709 1982 Imprimis
728 1903 835 1964 autem
855 1894 931 1962 novi
952 1894 1070 1984 quod
1059 1895 1293 1963 miean
1197 1881 1329 2012 qmffig

104 1995 248 2064 consilii
269 1995 436 2076 rationem,
451 1993 562 2084 paucis
575 1996 757 2085 expediam.
794 1996 878 2066 (lum
895 1998 984 2118 prius
1002 1998 1186 2066 institutum
1197 1963 1302 2077 idapea·

103 2119 238 2188 urgens
254 2098 457 2183 adverterim,
472 2121 633 2168 occurrere
651 2100 803 2220 pleraque
824 2102 958 2169 nimiam
980 2083 1262 2170 attentionemm'

106 2200 350 2284 desiderantia,
376 2224 435 2270 nec
464 2225 507 2270 ex
532 2202 706 2292 improviso
731 2204 986 2272 auscultantibus
1007 2205 1083 2273 inde
1108 2206 1187 2274 satis

107 2317 304 2394 opportune
311 2329 321 2388 3
342 2304 579 2373 incommodum
593 2305 691 2372 etiem
712 2305 796 2372 illud
810 2331 831 2373 c
843 2329 957 2396 puram
971 2306 1187 2376 Geometriem

108 2409 367 2476 attrectantibus
395 2407 484 2475 haud
516 2430 610 2498 posse
638 2407 810 2490 declineri3
847 2407 1009 2490 constitui,
1039 2409 1189 2476 derelicti

108 2513 281 2602 tanfisper
294 2514 366 2594 istt,
381 2510 526 2600 protinus
545 2511 579 2579 in
593 2511 779 2578 ameniores
802 2510 945 2598 (floribus
966 2533 1081 2600 nempe
1097 2511 1190 2598 Phy-

111 2615 194 2684 sicis
229 2615 383 2703 depictos,
412 2624 446 2681 et
473 2614 630 2680 fructibus
663 2612 802 2682 consitos
831 2611 1040 2698 Mechauicis)
1072 2612 1190 2681 Mixtae

112 2739 225 2806 quem
266 2714 456 2804 appellitant
496 2713 680 2783 hlotheseos
717 2737 847 2804 campos
883 2714 1029 2798 devisre;
1066 2713 1191 2804 Opticae

47 2807 53 2816 ⁸
113 2819 291 2899 nimirum,
306 2816 511 2902 Mechenice,
527 2816 797 2908 cosmographiae,
813 2818 945 2907 relique
963 2819 1189 2908 cujuscunque,

114 2934 221 3010 prout
236 2921 358 2990 occasio
372 2921 460 3004 feret,
475 2933 510 2990 et
523 2921 724 2990 commodum
741 2920 914 2990 videbitur.
951 2921 1065 3012 Neque
1081 2933 1191 2992 nmen

118 3014 255 3094 animus
268 3026 329 3094 erit
342 3025 442 3094 ullius
460 3048 503 3092 ex
517 3025 569 3092 his
583 3024 679 3113 louge
693 3024 811 3092 diffuse
824 3023 997 3092 latifundis
1010 3025 1189 3116 pervagari,

118 3131 177 3198 vel
191 3141 355 3199 extremos
367 3129 448 3196 lines
463 3128 645 3210 circumire3
669 3127 726 3196 sed
740 3128 783 3195 ad
797 3128 867 3217 ejus
883 3129 976 3217 qussi
990 3128 1191 3218 metropolim

121 3234 297 3322 evestigio
316 3238 404 3302 roctt
422 3231 608 3322 procedere;
630 3230 750 3321 primes
771 3241 898 3300 nutum
917 3231 1111 3320 hypotheses
1133 3254 1192 3298 ex·

124 3349 246 3420 cutere,
265 3337 488 3427 precipueque
514 3336 644 3424 (quibus
669 3335 729 3403 illa
751 3345 819 3402 tam
844 3345 937 3402 vesta
960 3335 1191 3402 theorematum

122 3441 230 3510 moles
243 3440 412 3526 incumbit)
429 3440 638 3508 fundamenta
650 3437 832 3519 denudum
854 3448 924 3504 tum
939 3459 1015 3503 vero
1036 3435 1192 3504 nonnulle

125 3542 284 3628 palmaria
297 3542 427 3631 quidem
442 3543 510 3624 illa,
525 3540 636 3609 statim
657 3539 853 3626 emergentia
874 3537 1039 3606 corollaria
1058 3537 1193 3605 subtex-

127 3667 192 3713 ere.
236 3644 380 3726 Quorum
404 3655 488 3714 certe
511 3644 634 3732 reddetr
657 3641 802 3732 jucunda
826 3640 1011 3730 presertim,
1035 3640 1134 3724 utilis,
1159 3652 1193 3708 et

129 3746 292 3816 fructuosa
316 3749 419 3817 videri
442 3758 566 3839 potest3
592 3769 693 3836 quum
721 3769 741 3812 e
767 3744 936 3834 principiis
960 3754 1044 3812 recte
1068 3743 1191 3832 positis,

129 3853 291 3940 proboque
304 3851 462 3954 perceptis
475 3851 669 3940 reliquorum
683 3857 717 3918 et
730 3849 824 3916 firme
837 3847 927 3930 fides,
942 3856 974 3915 et
987 3845 1092 3914 facilis
1106 3868 1192 3915 com·

131 3952 298 4040 prehensio
312 3939 555 4022 subnascuntur

196 4157 245 4226 11.
290 4157 347 4226 Ab
380 4157 498 4248 Optict
531 4178 693 4226 sumemus
726 4155 912 4238 exordium
950 4153 1085 4222 scientie
1120 4175 1193 4222 oum

133 4259 245 4348 primis
266 4261 366 4328 nobili
376 4288 385 4343 3
408 4285 506 4350 quam
519 4285 593 4329 cum
611 4259 780 4348 peculiaris
800 4258 975 4340 amenitas,
990 4268 1060 4324 tum
1079 4257 1194 4345 iugens

134 4365 335 4434 commendat
348 4366 483 4436 utilitas.
526 4365 613 4434 Nam
635 4363 769 4432 Naturae
783 4365 881 4432 simul
902 4362 1087 4452 detegendis
1106 4386 1194 4431 arca·

133 4469 195 4554 uis,
217 4493 255 4538 ac
277 4469 477 4561 explicandis
499 4467 724 4540 Phoenomenis
744 4469 877 4540 minime
900 4490 959 4537 vos
978 4467 1058 4538 latet
1079 4477 1194 4558 quant·
