3167 5192
342 374 407 442 254
676 386 864 438 uucmorrus
886 386 1176 437 usuususmcsa'
1296 370 1402 457 [cuer.
1416 388 1477 438 ιιι.

339 562 416 653 quia
438 566 552 629 nauus
575 560 753 649 discrepant
775 560 863 642 adeo,
887 559 970 625 nihil
991 570 1028 625 ut
1048 580 1216 626 commune
1238 560 1387 627 metiatur
1406 560 1477 649 ipss3

339 690 398 733 nec
412 666 570 757 quomodo
585 665 709 751 possint
723 665 864 754 ipsorum
879 663 1029 752 qualibet
1042 664 1197 745 mnnecti,
1213 686 1394 751 congruere,
1408 686 1478 731 com

339 770 479 859 positum
494 770 624 856 aliquod
638 792 702 835 non
717 768 890 835 admodum
904 768 1049 835 difforme
1063 776 1096 835 et
1110 767 1337 834 Ghimaericum
1351 768 1478 855 ingredi3

338 875 467 941 sibimet
481 873 650 960 adaequari,
671 896 706 939 se
725 894 883 960 superare,
903 872 1021 937 mentis
1040 872 1123 937 acies
1142 871 1272 938 omnino
1292 871 1380 937 valet
1396 872 1478 937 attiu-

338 1000 422 1066 gere.
467 976 547 1058 Quis
577 976 662 1042 euim
691 974 849 1062 intelligat
877 975 982 1063 qualis
1011 972 1138 1040 summ
1160 974 1345 1040 conficiatur
1369 974 1479 1041 duobus

338 1081 431 1148 annis
453 1082 495 1147 ad
519 1080 581 1145 tria
605 1078 754 1145 milliaria
778 1079 958 1166 adjunctis;
987 1088 1107 1165 quanto
1131 1088 1196 1144 tres
1219 1077 1323 1143 unciae
1346 1077 1479 1166 ponderis

337 1184 493 1252 excedant
508 1183 571 1249 duo
587 1181 711 1249 minuta
724 1182 893 1269 temporis3
916 1180 996 1269 quid
1016 1181 1154 1269 supersit
1170 1181 1199 1247 si
1217 1204 1259 1247 ex
1272 1181 1376 1247 tribus
1388 1180 1478 1268 cylin-

337 1288 403 1353 dris
433 1287 614 1353 animantur
642 1294 778 1373 quatuor
807 1284 924 1371 gradus
952 1284 1156 1352 velocitatis?
1184 1307 1248 1350 non
1269 1284 1374 1373 magis
1393 1307 1477 1372 quam

336 1400 414 1478 quot
428 1388 496 1456 toni
510 1388 624 1455 musici
637 1398 685 1454 tot
699 1387 804 1455 radios
818 1387 901 1454 lucis
915 1386 1092 1476 adaequent,
1104 1396 1183 1475 quot
1195 1387 1308 1454 odores
1322 1397 1370 1454 tot
1379 1387 1478 1455 colori·

336 1493 399 1563 bus
414 1492 655 1581 aequiparentur.

402 1596 483 1662 Haec
502 1618 615 1683 nempe
635 1616 698 1682 quo
718 1595 826 1659 minus
844 1593 884 1659 ad
906 1616 940 1659 se
954 1594 1052 1680 juxta
1068 1594 1277 1681 quantitatem
1294 1591 1476 1681 intelligibili

336 1700 487 1789 quopiam
508 1699 602 1765 modo
624 1698 806 1778 referantur,
833 1697 948 1784 ingens
970 1698 1099 1765 obsistit
1118 1707 1241 1764 naturus
1266 1696 1476 1763 dissimilitudo

335 1814 431 1890 atquc
447 1802 606 1868 distantia.
650 1800 885 1888 Magnitudiuis
903 1802 1066 1888 quantitas
1084 1802 1235 1868 contiuua
1257 1810 1359 1869 estet
1379 1799 1476 1867 simul

335 1914 437 1986 tanea
468 1904 622 1984 absoluta,
652 1904 799 1973 sensibus
827 1906 1035 1972 attrectabilis
1064 1917 1097 1973 et
1122 1905 1312 1994 conspicua;
1341 1904 1476 1993 temporis

334 2006 432 2087 flama,
448 2006 635 2087 successiva,
656 2006 756 2072 menti
770 2012 896 2073 tantum
910 2008 1138 2095 imaginabilia,
1155 2018 1278 2075 motum
1296 2030 1475 2095 consequeus

334 2120 367 2177 et
381 2118 571 2191 connotans3
594 2108 772 2177 velocitatis
786 2112 947 2198 quantitas
961 2135 982 2178 a
995 2112 1146 2201 temporis
1160 2121 1193 2179 et
1206 2112 1301 2200 spatii
1315 2112 1476 2200 conjunctis

333 2212 509 2279 rationibus
522 2211 658 2299 pendet;
680 2211 816 2299 pondus,
837 2213 897 2295 vis,
917 2224 951 2282 et
969 2214 1157 2297 resistentia,
1177 2214 1333 2304 quasdam
1352 2213 1474 2280 actiones

333 2314 507 2403 implicant,
531 2320 563 2380 et
577 2336 619 2380 ex
640 2314 804 2381 effectibus
826 2314 1017 2403 quibusdam
1036 2326 1212 2385 censentur.
1256 2317 1310 2383 Ita
1326 2315 1473 2384 dissonant

333 2418 402 2485 hoec
416 2418 556 2500 interce,
572 2418 656 2484 utin
675 2440 775 2484 unum
789 2417 950 2506 refingiant
964 2420 1137 2508 compingi.
1181 2420 1263 2486 Haec
1279 2420 1382 2507 prima
1396 2420 1434 2485 sit
1445 2428 1472 2483 et

333 2523 498 2612 potissima
512 2524 569 2602 τῆς
584 2521 795 2610 ἑτερογενείως
808 2544 913 2590 causa

277 2714 281 2721 ‚
397 2631 428 2695 2.
474 2628 587 2695 Altera
607 2626 687 2693 ratio
710 2626 904 2693 discriminis
926 2626 1019 2694 istius
1044 2636 1170 2717 petatur
1195 2651 1237 2696 ex
1261 2629 1360 2695 variis
1380 2626 1468 2717 quood

331 2734 542 2822 quantitatem
562 2732 654 2820 quasi
670 2730 823 2819 gradibus
837 2729 1051 2818 perfectionis3
1074 2741 1231 2820 quatenus
1248 2732 1356 2820 aliqua
1367 2742 1468 2821 quanta

329 2835 475 2923 pluribus
496 2834 598 2901 modis
619 2834 846 2915 extenduntur,
877 2844 909 2900 et
928 2835 1125 2923 plurifariam
1151 2837 1253 2903 dividi
1275 2837 1397 2925 possint
1414 2858 1466 2923 pra

331 2935 413 3017 aliis,
428 2936 475 3001 sic
492 2944 530 3001 ut
544 2935 613 3002 haec
629 2935 762 3002 istorum
780 2947 925 3023 respectu
942 2936 1007 3003 sint
1024 2937 1256 3025 quodammodo
1269 2960 1335 3006 uon
1348 2948 1465 3027 quanm

329 3060 388 3105 nec
402 3038 525 3126 possint
539 3038 617 3104 adeo
632 3060 706 3104 cum
720 3039 785 3105 illis
801 3039 974 3105 secundum
988 3040 1199 3127 quantitatem
1213 3042 1394 3131 compared.
1424 3040 1465 3106 Its

329 3140 475 3229 pluribus
488 3140 592 3207 modis
607 3140 779 3206 divisibilis
795 3149 843 3206 est
853 3141 1034 3230 superficies
1047 3163 1144 3229 quam
1158 3142 1376 3234 linea‘corpus
1385 3164 1463 3231 quau
1546 3221 1547 3232 ἵ

329 3242 528 3333 superficiem
551 3264 610 3309 nec
623 3242 716 3309 aliter
730 3266 764 3309 se
778 3243 876 3311 habet
889 3245 975 3312 linea
988 3244 1030 3311 ad
1045 3245 1252 3335 superficiem,
1270 3258 1304 3315 ct
1317 3249 1357 3314 ad
1370 3266 1465 3335 corpus

328 3344 509 3437 superficies
523 3368 619 3435 quam
639 3355 794 3436 punctum
814 3348 856 3413 ad
875 3348 1002 3429 lineam,
1022 3348 1084 3414 hoc
1102 3359 1160 3430 est,
1176 3372 1273 3438 quam
1288 3349 1464 3418 indivisibile

328 3451 371 3519 ad
385 3450 555 3533 divisibile,
571 3451 623 3518 vel
645 3460 682 3516 ut
701 3474 766 3518 uon
780 3460 936 3539 quantum
958 3453 1000 3518 ad
1022 3464 1194 3541 quantum;
1217 3454 1315 3541 (linea
1326 3453 1465 3543 siquidem

327 3564 471 3644 respectu
484 3554 661 3643 superficiei
675 3554 758 3620 nihil
772 3554 861 3623 aliud
874 3561 924 3621 est
937 3554 1003 3621 fere
1016 3576 1112 3643 quam
1126 3566 1279 3645 punctum
1293 3557 1426 3645 longum,
1438 3564 1466 3621 ct

327 3658 507 3747 superficies
521 3667 664 3746 respectu
683 3658 821 3747 corporis
840 3658 888 3723 nil
907 3656 996 3725 aliud
1009 3680 1105 3747 quam
1119 3659 1204 3725 linea
1221 3660 1297 3741 lata,
1318 3660 1368 3727 val
1381 3680 1465 3749 pune

325 3770 395 3829 tum
417 3760 509 3849 quasi
531 3760 774 3849 longo-latum)
807 3760 906 3849 igitur
931 3760 1133 3846 ἀσύμβλητα
1157 3773 1233 3829 sunt
1257 3764 1350 3859 linea,
1371 3784 1464 3851 super·

326 3865 423 3947 ficies,
439 3888 561 3954 corpus,
578 3865 720 3952 adeoque
734 3863 952 3951 heterogenea.

390 3968 511 4035 Evenit
532 3969 616 4035 enim
637 3966 712 4035 inde
733 3967 818 4055 quod
840 3966 908 4033 hac
929 3967 1103 4034 secundum
1121 3970 1335 4057 aequalitatem
1353 3979 1384 4035 et
1398 3969 1463 4035 ine

325 4070 511 4158 qualitatem
524 4070 606 4137 inter
621 4093 654 4137 se
668 4079 827 4158 nequeant
840 4071 1023 4157 comparari,
1041 4094 1100 4136 nec
1113 4072 1158 4137 ita
1171 4073 1328 4160 componi,
1342 4083 1377 4139 ut
1390 4091 1462 4137 scm-

324 4194 410 4238 mam
430 4172 570 4260 aliquam
593 4173 770 4255 conficiant,
794 4196 853 4239 nec
873 4194 973 4239 unum
995 4173 1037 4240 ab
1058 4174 1121 4240 alio
1142 4176 1287 4242 subtrahi
1306 4178 1353 4244 sic
1369 4187 1402 4243 ut
1414 4172 1463 4240 ali-

324 4297 388 4362 qua
412 4275 542 4342 resultet
567 4275 752 4357 differentia,
782 4299 842 4343 noc
870 4276 1097 4343 incrementum
1123 4278 1248 4364 pariant
1274 4280 1388 4359 addita,
1415 4298 1462 4341 nec

375 4520 408 4587 (t)
443 4514 525 4573 Some
536 4514 619 4572 kinds
631 4482 662 4573 ol
671 4518 798 4587 quantity
809 4534 871 4587 may
881 4518 918 4575 be
930 4516 1042 4574 divided
1054 4517 1082 4573 in
1094 4534 1171 4576 moro
1182 4535 1254 4590 ways
1265 4520 1333 4577 than
1344 4519 1435 4577 otim
