3167 5192
290 381 353 447 128
622 397 808 448 metrosus
830 396 1103 445 nsrnnunmcn.
1244 378 1352 464 [enen.
1370 396 1447 443 mir.

287 567 365 635 recti
380 566 500 654 anguli,
516 576 549 633 et
562 574 655 631 recta)
668 563 761 631 lineae
776 574 1005 645 consectantur,
1021 575 1054 629 et
1067 565 1302 651 quodammodo
1317 566 1449 633 demon-

288 680 436 736 strantur.
481 668 547 737 Sed
560 669 630 734 haec
644 667 722 733 satis
741 678 835 733 antea
849 667 1009 733 luculente
1026 668 1158 755 prolatis
1175 669 1448 758 exemplisexpo-
1567 734 1569 775 Ι

287 796 421 839 surmus.

351 876 405 941 Ita
419 875 548 943 demum
561 875 667 964 quoad
679 875 907 964 principiorum
927 898 1094 941 numerum
1113 896 1243 961 prorsus
1263 874 1449 942 accedimus

286 979 470 1045 Aristotelis
482 979 594 1068 primae
608 978 768 1057 divisioni,
789 979 824 1042 in
844 978 982 1043 secundo
997 978 1100 1065 capite
1119 977 1214 1065 primi
1230 976 1448 1043 Posteriorum

286 1082 449 1163 exhibite,
470 1083 504 1147 in
522 1082 725 1170 hypotheses,
746 1080 957 1161 definitionea
978 1081 1148 1160 axiomata,
1170 1080 1245 1145 licet
1259 1103 1370 1146 eorum
1383 1083 1449 1147 mi-

286 1210 347 1252 nua
357 1196 543 1267 accuratam,
556 1185 669 1251 saltem
683 1185 790 1250 minus
805 1184 958 1271 liquidam
974 1184 1203 1271 expositionem
1218 1183 1447 1271 improbemus.

284 1288 475 1355 Accedimus
497 1310 623 1375 quoque
644 1290 839 1375 στοιχειωτῇ
861 1296 978 1367 nostro,
1005 1286 1116 1351 itidem
1141 1286 1297 1373 principia
1321 1287 1356 1351 in
1379 1298 1448 1353 tres

285 1391 402 1457 classes
420 1390 628 1478 (impertienti,
649 1389 859 1469 definitiones,
879 1386 1049 1475 postulata,
1069 1389 1286 1476 pronunciata.
1334 1388 1446 1476 Siqui-

285 1495 358 1563 dem
386 1494 518 1583 perinde
549 1505 598 1561 est
626 1515 668 1558 an
697 1492 930 1581 suppositiones
965 1491 1260 1559 indemonstrabiles
1295 1492 1448 1558 dicantur

283 1599 477 1687 hypotheses
491 1623 534 1665 an
547 1598 724 1687 postulata3
746 1596 841 1662 modo
856 1618 920 1661 uon
935 1595 1006 1660 ideo
1022 1595 1190 1661 credantur
1204 1594 1267 1660 dici
1281 1597 1448 1683 postulata

284 1702 371 1790 quod
392 1703 450 1768 illa
475 1702 704 1768 demonstrator
730 1698 865 1785 accipiat
889 1696 1039 1786 precari0,
1069 1707 1101 1763 et
1124 1697 1216 1785 quasi
1244 1698 1444 1765 emendicet:

283 1806 416 1871 Habent
440 1807 525 1871 enim
548 1802 797 1890 irrefragabilem
827 1802 898 1889 ipsa
924 1801 1155 1881 certitudinem,
1186 1824 1222 1867 ac
1246 1802 1444 1869 evidentiam
1567 1792 1569 1857 l

282 1908 479 1974 axiomatum
497 1908 633 1974 claritati
651 1906 742 1972 nullt
761 1928 803 1971 ex
820 1916 910 1993 parte
929 1904 1109 1985 cedentem3
1133 1906 1198 1970 imo
1218 1906 1329 1971 multis
1348 1908 1444 1973 axio-

282 2010 378 2075 matis
395 2008 527 2075 clariora
543 2008 701 2087 videntur,
722 2017 832 2096 utpote
854 2029 925 2072 cum
948 2005 1016 2072 haee
1038 2028 1080 2071 ex
1101 2006 1167 2071 illis
1188 2007 1388 2095 dependeant
1409 2022 1444 2075 et

282 2112 473 2179 deriventur.
519 2110 655 2176 Possent
668 2111 764 2176 etiam
783 2110 979 2176 axiomatum
998 2110 1131 2175 formam
1151 2110 1289 2191 induere,
1308 2112 1394 2178 sicut
1408 2126 1445 2179 et

282 2215 480 2304 problemata
501 2214 731 2280 theorematum
742 2238 752 2294 ;
774 2234 833 2277 nec
855 2212 919 2278 fere
941 2212 1091 2277 differunt
1112 2212 1154 2278 ab
1175 2213 1225 2293 iis,
1247 2214 1310 2279 nisi
1331 2216 1443 2302 quoad

281 2320 425 2400 formam,
445 2329 478 2386 et
492 2319 568 2407 quia
581 2327 753 2405 nequeunt,
773 2326 811 2382 ut
825 2316 892 2396 illa,
913 2316 1130 2384 demonstrari.
1176 2316 1349 2406 Utcunque
1367 2342 1441 2385 mo-

280 2424 383 2491 destia
396 2424 535 2489 nominis
549 2422 594 2488 rei
608 2420 799 2511 praestantiae
814 2442 878 2485 non
893 2419 987 2485 dehet
1001 2418 1172 2486 detrahere.

345 2526 628 2593 Animadvertatur
645 2533 761 2601 autem,
780 2522 816 2587 id
835 2522 920 2609 quod
935 2521 1028 2587 dictis
1048 2522 1142 2608 objici
1163 2532 1276 2609 potest,
1296 2522 1376 2589 duas
1395 2528 1439 2591 ab

280 2631 417 2699 Euclide
437 2629 666 2720 propositiones
686 2625 856 2714 postulatis
878 2624 1044 2705 accenseri,
1067 2623 1184 2711 quibus
1207 2624 1304 2691 allata
1324 2636 1440 2713 postu-

279 2734 337 2801 lati
365 2734 418 2801 vel
442 2731 631 2821 hypothesis
658 2728 829 2817 explicatio
857 2727 989 2792 minime
1011 2728 1177 2809 convenit3
1208 2728 1280 2793 illas
1308 2752 1437 2819 nempe,

279 2835 397 2902 Raetos
412 2858 521 2901 omnes
540 2833 676 2919 angulos
694 2832 833 2897 invicem
853 2830 981 2917 aequari,
1002 2840 1034 2895 et
1055 2828 1091 2897 Si
1111 2830 1197 2895 linea
1210 2840 1294 2896 recta
1308 2831 1438 2899 duabus

279 2936 352 3001 aliis
365 2936 460 3001 rectis
474 2935 623 3000 insistens
638 2933 772 3021 angulos
786 2933 828 2998 ad
843 2932 968 2998 easdem
983 2932 1158 2998 insistentis
1173 2944 1277 3021 partes
1292 2934 1437 3004 internos

278 3039 403 3105 dnobus
423 3039 517 3103 rectis
538 3038 676 3103 minores
697 3038 844 3118 effecerit,
868 3036 939 3101 illas
962 3036 1040 3101 duas
1062 3046 1163 3103 rectas
1186 3037 1368 3124 aliquando,
1393 3042 1436 3107 ad

277 3142 356 3207 istas
375 3148 481 3228 partes
500 3140 678 3227 productas,
699 3162 891 3206 concurrere.
937 3140 1127 3229 Respondeo
1152 3142 1257 3207 minus
1283 3141 1317 3206 id
1341 3166 1436 3211 accu-

277 3251 345 3309 rate
358 3243 477 3308 lactum
498 3242 540 3308 ab
554 3240 793 3308 Elementorum
808 3241 975 3327 Digestore
993 3242 1032 3327 (si
1048 3242 1175 3329 quidem
1191 3243 1304 3308 abillo
1322 3252 1436 3311 revera

276 3350 406 3432 factum,
420 3350 528 3415 necin
543 3349 682 3415 alienum
696 3348 801 3414 locum
817 3348 886 3412 istae
900 3348 1127 3434 propositiones
1142 3348 1333 3435 irrepserint,
1352 3350 1434 3416 alic-

275 3477 348 3520 rum
362 3454 468 3543 culpa)
483 3454 662 3541 rectiusque
677 3452 809 3540 proinde
829 3474 849 3515 a
868 3448 1015 3530 Gemino,
1037 3450 1159 3533 Proclo,
1180 3461 1213 3517 ct
1227 3452 1300 3517 ahie
1318 3452 1433 3539 pleris-

275 3581 338 3645 que
357 3558 580 3646 interpretibus
603 3579 658 3624 eaa
677 3554 847 3621 axiomatis
870 3556 1086 3633 annumerari3
1113 3564 1188 3620 sunt
1212 3556 1298 3621 enim
1321 3562 1434 3622 revera

274 3662 478 3744 theoremata,
497 3658 713 3747 rectianguli,
733 3658 889 3743 lineaeque
907 3656 1066 3744 parallelae
1081 3658 1283 3726 definitiones
1303 3684 1432 3729 cousec-

274 3765 386 3831 tantia.

339 3868 514 3957 Postquam
529 3868 598 3935 haec
612 3867 652 3932 de
666 3864 829 3953 principiis
844 3886 1014 3951 eorumque
1028 3866 1197 3951 partitione
1215 3869 1429 3956 concepissem

273 3970 391 4050 animo,
406 3972 584 4058 chartaque
598 3968 879 4047 commendassem,
900 3967 980 4032 forte
999 3968 1170 4055 conjiciens
1190 3970 1298 4035 oculos
1318 3970 1352 4035 in
1370 3996 1429 4038 ex·

273 4072 491 4139 callentissimi
517 4071 696 4139 Geometras
720 4068 881 4158 Alphonsi
905 4068 1024 4137 Borelli
1050 4069 1168 4137 libnrm
1193 4072 1427 4161 perelegantem

325 4318 445 4376 Euclid’s
457 4319 573 4376 dimsion
584 4322 615 4376 ot
624 4321 796 4392 Definitions,
810 4323 965 4380 Postulates
976 4324 1032 4379 and
1044 4325 1167 4381 Axioms.

324 4404 443 4461 Euclid’s
455 4404 598 4461 Postulate
607 4422 640 4461 cr
652 4407 754 4462 Axiom
765 4409 851 4465 about
863 4408 1002 4465 Parallels.

323 4490 450 4547 Bcrelll’s
459 4490 594 4547 Euclida
604 4492 771 4549 Battara.
