3167 5192
395 321 459 390 176
698 335 885 388 memoras
907 335 1146 388 cucurreram.
1303 317 1413 404 [anon
1424 337 1469 386 11.

397 493 433 558 in
453 514 531 560 mox
550 491 748 581 precedente
768 491 925 576 discursu)
944 489 1094 578 quoniam
1108 489 1173 554 ΕΒ
1188 511 1281 578 pares
1301 512 1338 556 ac
1357 491 1468 578 paral-

395 595 466 662 lelae
488 605 582 676 snnt;
613 596 753 684 adeoque
774 595 846 676 EE,
870 596 933 660 BB
952 617 1077 682 quoque
1098 615 1200 680 pares,
1224 615 1262 658 ac
1280 594 1464 680 paralle1ae3

232 749 269 783 ro.
312 771 318 784 ,
396 699 537 780 similes;
553 700 726 787 *quoniam
740 700 837 766 etiam
849 698 959 785 anguli
971 698 1073 778 ΕΕΕ,
1089 696 1217 784 angulis
1228 698 1321 762 BBB
1333 720 1467 785 sequan-

265 816 314 854 Μ·
394 812 457 868 tur.
504 801 688 882 Quinetiam
722 802 879 890 reciproce
909 801 1105 866 describatur
1134 799 1245 866 eadem
1281 801 1466 888 superficies

393 906 541 994 ponendo
562 929 692 972 curvam
708 906 772 972 ΒΟ
791 928 848 992 per
869 914 986 972 rectam
1005 904 1073 970 AB
1091 903 1267 991 parallelos
1289 903 1461 992 deportari.

395 1007 561 1088 Quomodo
576 1009 705 1095 singula
715 1031 840 1097 qnoque
855 1031 959 1074 curvae
971 1008 1036 1074 BG
1043 1018 1163 1096 puncta
1173 1019 1275 1074 rectas
1290 1008 1463 1096 parallelas

394 1121 426 1177 et
445 1134 536 1198 pares
553 1111 734 1197 interceptis
754 1111 939 1198 respectivis
960 1121 1052 1176 rectae
1068 1110 1136 1176 AB
1153 1111 1299 1197 partibus
1319 1111 1462 1178 delinea-

393 1213 485 1293 bunt,
501 1213 617 1300 pariter
631 1223 668 1278 nt
682 1213 816 1278 antehac
837 1213 871 1278 in
886 1213 997 1300 figurae
1012 1213 1117 1300 planae
1131 1212 1280 1300 exemplo
1295 1237 1460 1282 common·

361 1299 366 1310 ⁸
393 1325 527 1383 stratum
541 1326 608 1398 est;
635 1317 720 1383 unde
735 1317 763 1384 si
778 1317 960 1405 superficies
971 1316 1031 1382 hoo
1042 1315 1136 1382 modo
1148 1326 1311 1404 procreata
1325 1341 1345 1382 a
1359 1317 1459 1406 plano

392 1421 539 1508 quolibet
553 1420 596 1487 ad
614 1430 732 1486 rectem
753 1442 810 1486 seu
827 1419 1029 1506 genetricem,
1053 1442 1109 1486 seu
1130 1419 1326 1486 directricem
1350 1422 1460 1509 (quam

393 1524 512 1611 ubique
542 1523 637 1588 sitam
667 1521 845 1609 superficiei
874 1519 1035 1609 productae
1065 1520 1151 1587 latus
1176 1521 1338 1610 appellare
1364 1522 1453 1607 licet)

394 1625 547 1714 parallelo
567 1636 698 1706 secetur,
723 1625 820 1692 sectio
840 1625 1017 1691 communis
1036 1625 1159 1690 duabus
1178 1624 1273 1691 rectis
1291 1625 1456 1714 parallelis

391 1729 551 1796 constabit
570 1729 747 1816 equalibus
768 1729 850 1794 inter
870 1750 914 1794 se.
967 1727 1018 1793 De
1037 1728 1263 1816 superficiebus
1283 1739 1391 1796 autem
1410 1730 1457 1796 ita

391 1833 566 1922 progenitis
589 1835 758 1900 observatu
783 1833 917 1919 dignum
943 1842 1002 1912 est,
1026 1833 1095 1916 (nec
1121 1831 1206 1896 enirn
1232 1831 1328 1920 plane
1353 1834 1456 1900 nudas

392 1935 651 2020 magnitudinum
680 1934 900 2020 generationes
934 1931 1113 2019 indigitare,
1145 1934 1202 1999 scd
1230 1942 1263 2000 et
1291 1933 1455 2021 generales

392 2036 563 2104 nonnullas
585 2037 725 2125 ipsarum
747 2037 929 2104 affectiones
951 2060 969 2103 a
991 2035 1126 2102 diversis
1147 2035 1337 2104 resultantes
1358 2060 1455 2123 gene·

392 2137 483 2204 randi
498 2137 601 2204 modis
615 2138 777 2204 insinuare
790 2137 987 2226 propositum
1007 2146 1055 2202 est
1075 2136 1190 2220 nobis)
1214 2137 1299 2224 quod
1319 2137 1347 2204 si
1369 2138 1454 2205 linea

392 2241 542 2308 directrix
555 2251 641 2308 recta
659 2241 702 2307 sit
719 2243 767 2327 (ut
786 2242 822 2308 in
841 2241 945 2328 figura
963 2264 1019 2329 per
1036 2241 1160 2306 literam
1174 2242 1207 2306 Z
1221 2240 1448 2326 discriminate)

391 2343 568 2432 superficiei
595 2343 758 2432 productae
786 2353 892 2431 partes
921 2342 1082 2432 parallelis
1111 2342 1207 2408 lineis
1235 2344 1449 2430 genetricibus

391 2447 761 2536 interjectarespectivis
777 2447 950 2514 directricis
968 2446 1060 2512 lineae
1078 2445 1221 2534 partibus
1242 2469 1365 2534 semper
1378 2469 1451 2534 pro·

390 2551 683 2638 portionalessunt3
702 2550 895 2640 (superficies
906 2572 1020 2637 nempe
1031 2547 1346 2636 BOGBrespectivis
1357 2551 1449 2616 rectis

389 2653 478 2737 BB).
501 2653 550 2720 At
564 2653 593 2720 si
607 2653 692 2719 linea
706 2677 803 2720 curva
817 2676 875 2741 pro
890 2651 1051 2718 directrice
1066 2651 1222 2716 habeatur
1236 2653 1284 2737 (ut
1299 2652 1333 2716 in
1348 2652 1450 2742 figura

397 2757 442 2839 Y)
471 2779 536 2822 non
561 2779 684 2844 semper
705 2756 839 2837 eveniet,
863 2766 899 2823 ut
920 2756 1101 2843 interceptae
1123 2755 1336 2842 genetricibus
1357 2757 1448 2824 rectis

389 2858 570 2944 superficies
609 2858 791 2945 interceptis
820 2880 925 2924 curvae
955 2857 1126 2924 directricis
1151 2857 1295 2946 partibus
1320 2881 1449 2948 propor-

387 2958 566 3039 tionentur;
590 2970 624 3025 at
645 2957 757 3024 saltem
778 2958 901 3024 accidet
922 2959 992 3042 hoc,
1016 2983 1089 3026 cum
1111 2971 1196 3026 recta
1217 2961 1362 3046 genetrix
1384 2963 1451 3026 AB

387 3059 550 3148 aqualiter
564 3061 606 3126 ad
624 3084 754 3127 curvam
768 3060 834 3126 ΒΟ
850 3061 977 3150 ubique,
997 3061 1059 3128 vel.
1069 3063 1243 3128 secundum
1258 3063 1365 3128 omnia
1379 3065 1447 3152 ejus

386 3173 506 3252 puncta
530 3163 718 3244 inclinatum
743 3163 901 3251 quomodo
927 3164 965 3230 fit
992 3164 1026 3228 in
1055 3165 1194 3252 cylindri
1223 3165 1446 3254 cujuscunque,

386 3266 461 3332 laxe
475 3266 527 3332 vel
545 3266 654 3332 stricte
673 3267 759 3348 dicti,
780 3267 858 3333 recti
873 3267 1038 3356 superficie
1047 3294 1055 3350 ;
1080 3269 1155 3358 quia
1169 3278 1238 3334 turn
1252 3279 1337 3336 recta
1351 3293 1448 3357 gene·
1564 3277 1565 3303 l

386 3368 454 3434 trix
468 3369 614 3434 omnibus
629 3390 734 3434 cinnae
750 3370 877 3458 punctis
896 3372 968 3456 (hoc
982 3383 1030 3438 est
1045 3373 1192 3440 omnibus
1212 3395 1282 3440 eam
1300 3373 1341 3440 ad
1361 3373 1447 3442 dicta

386 3484 507 3561 puncta
530 3473 746 3560 tangentibus,
770 3473 841 3540 eive
867 3474 1026 3540 subtensis
1048 3475 1142 3542 rectis
1167 3487 1217 3542 est
1238 3476 1446 3564 perpendicu-

271 3639 277 3651 ,
307 3637 315 3651 ,
386 3576 487 3661 laris).
532 3575 653 3643 Verum
675 3577 713 3657 si,
736 3576 985 3665 inexemplum,
1006 3578 1333 3667 curvaBOponatur
1354 3601 1445 3647 arcus

386 3679 557 3760 circularis,
580 3681 636 3767 qui
656 3679 818 3746 dividatur
836 3680 998 3767 aequaliter
1016 3679 1058 3745 ad
1072 3691 1190 3767 puncta
1203 3683 1243 3762 B,
1266 3704 1331 3748 non
1352 3694 1445 3750 erunt
1562 3663 1563 3740 l

384 3781 559 3850 necessario
574 3782 755 3870 superficies
769 3784 896 3848 ABBA
918 3783 1104 3871 peripheriis
1124 3783 1300 3872 aqualibus
1314 3786 1378 3851 BB
1394 3785 1444 3852 in·

383 3887 532 3953 sistentes
546 3885 628 3952 inter
643 3909 677 3952 se
691 3909 792 3973 pares,
809 3885 885 3973 quia
903 3887 1123 3974 (praeterquam
1143 3887 1179 3953 in
1198 3909 1274 3953 casu
1293 3887 1442 3976 praedicto

382 3990 520 4078 cylindri
547 3990 636 4075 recti)
660 3999 753 4056 rectae
772 3990 840 4054 AB
859 3989 977 4076 ubique
999 3989 1040 4056 ad
1061 4001 1178 4078 puncta
1192 3992 1225 4056 B
1245 3991 1443 4078 inaequaliter

328 4098 331 4104 '
382 4094 577 4160 inclinantur
608 4095 717 4178 (unam
745 4093 893 4180 quamvis
922 4092 1158 4162 inclinationem
1183 4117 1256 4160 cum
1282 4095 1346 4162 alia
1367 4117 1441 4160 con-

380 4197 521 4281 ferendo)
539 4195 673 4284 angulos
688 4219 802 4283 nempe
816 4219 888 4261 cum
903 4197 1108 4284 tangentibus
1120 4197 1160 4264 ad
1175 4199 1209 4263 B
1219 4196 1292 4264 aliis
1308 4221 1345 4263 ac
1359 4197 1439 4279 aliis,

380 4307 500 4365 etcum
514 4299 674 4366 subtensis
689 4299 751 4364 BB
770 4299 943 4386 inaequales
958 4299 1108 4368 efficiunt.
1152 4301 1183 4368 E
1198 4307 1263 4390 qua
1277 4325 1310 4368 re
1325 4300 1441 4390 pendet

381 4399 604 4490 inseperabilab
618 4400 680 4466 illa
693 4399 868 4488 siffredus,
885 4405 1020 4490 quacum
1036 4402 1265 4485 conflictantur,
1279 4403 1334 4492 qui
1343 4403 1441 4492 cylin-
