3167 5192
312 373 376 439 116
515 393 517 396 ’
650 385 837 437 nucr1onns
859 384 1132 437 nsrsnunrrcn.
1283 368 1391 455 [uuor.
1404 388 1462 437 vu.
1560 362 1561 369 ’

311 569 344 625 et
365 558 525 645 supponit,
548 568 617 623 tum
640 558 795 644 affingens
816 564 849 622 et
870 556 1075 645 approprians
1097 556 1143 622 eis
1168 556 1333 638 vocabula,
1356 557 1464 625 defini-

310 661 413 726 tiones
434 661 595 740 efformat;
619 682 660 725 ex
682 658 734 723 his
755 658 1039 745 quomodocunque
1060 658 1203 739 versatis,
1227 669 1260 725 et
1281 660 1464 748 comparatis

310 764 393 829 inter
414 788 457 844 se,
478 763 717 850 consequentias
735 762 831 843 elicit,
852 773 885 827 et
903 762 1098 828 theoremata
1119 763 1236 845 condit,
1259 786 1279 827 e
1295 764 1463 851 quibusin

311 879 396 933 certa
410 878 583 955 systemata
597 865 826 952 coagmentatis
841 865 1015 931 conflantur
1029 864 1235 951 particulares
1250 866 1404 932 scientim.

378 971 474 1037 Unde
493 982 644 1059 praeterea
663 969 814 1055 consequi
834 969 971 1048 videtur,
993 967 1079 1055 quod
1097 991 1162 1033 non
1183 990 1264 1056 opus
1284 970 1336 1049 sit,
1358 969 1465 1035 saltem

311 1098 368 1163 pro
384 1075 523 1141 scientiis
538 1072 717 1139 theoreticis
734 1075 821 1157 (nam
840 1070 879 1136 de
898 1072 1054 1159 practicis,
1071 1070 1205 1137 morales
1225 1074 1403 1159 praesertim
1422 1072 1466 1137 in-
1559 1061 1560 1092 ³

311 1178 433 1264 tehigo,
456 1177 521 1242 alia
542 1198 593 1241 res
612 1187 677 1241 est:
709 1175 825 1240 etenim
846 1174 958 1239 harum
978 1173 1134 1262 principia
1152 1197 1217 1239 non
1239 1184 1306 1239 tam
1327 1175 1467 1241 discursu

312 1280 430 1366 colligi,
446 1302 542 1367 quam
557 1300 599 1343 ex
613 1277 757 1363 appetitu
770 1276 825 1341 rel
838 1275 991 1340 instinctu
1005 1275 1141 1340 naturali
1158 1298 1344 1364 premanere
1360 1276 1466 1342 viden·

312 1394 374 1449 tur.
419 1384 460 1449 E.
476 1406 509 1469 g.
533 1381 612 1447 talia
639 1380 797 1467 principia
823 1379 961 1444 scientiae
985 1379 1131 1445 moralis:
1166 1378 1327 1466 Quicquid
1349 1393 1466 1447 nature

313 1488 514 1567 conveniens,
530 1486 665 1551 innocue
684 1494 819 1570 gratum,
836 1482 923 1557 utile,
939 1482 1074 1548 amabile
1091 1492 1148 1562 est,
1165 1482 1421 1569 amplectendum
1439 1496 1468 1550 et

312 1588 582 1678 persequendum:
613 1586 717 1652 Omne
739 1595 860 1650 naturae
885 1586 1029 1665 noxium,
1053 1584 1272 1673 injucundum,
1296 1586 1468 1653 incommo-

314 1692 391 1759 dum
417 1692 515 1778 (quod
537 1692 700 1769 damnum,
722 1688 871 1769 dolorem,
896 1688 1067 1775 perniciem
1091 1687 1192 1771 affert)
1221 1688 1466 1754 abominandrnu

314 1805 363 1861 est
386 1805 419 1860 et
441 1793 686 1880 defugiendum
712 1791 800 1871 talia,
824 1792 966 1877 inquam,
987 1791 1148 1857 axiomata
1170 1812 1235 1855 non
1258 1790 1408 1856 videntur
1429 1793 1467 1857 ab

314 1897 422 1984 aliquo
441 1895 605 1959 ratiocinio
626 1893 801 1979 dependere
820 1892 1038 1972 valdemari,
1059 1892 1114 1957 sed
1136 1914 1173 1957 eo
1194 1893 1288 1958 modo
1311 1896 1465 1982 cognosci,

314 2021 377 2086 quo
388 2022 408 2062 a
417 1997 520 2063 brutis
531 1996 628 2062 etiam
643 1994 859 2059 animantibus
870 1993 1056 2059 discernitrr
1070 2016 1192 2059 amaros
1207 2017 1344 2081 sapores,
1360 1997 1467 2064 odores

315 2100 452 2180 foetidos,
476 2099 619 2164 dissonos
641 2098 799 2186 strepitus,
823 2098 950 2163 horrida
965 2097 1159 2184 spectacula,
1182 2097 1304 2185 reliqua
1326 2102 1467 2166 sensibus

314 2203 440 2290 ingrata
464 2201 529 2268 fore
555 2200 734 2282 devitanda,
761 2201 864 2289 iisque
890 2202 1045 2267 contraria
1070 2201 1290 2288 amplectenda
1314 2226 1401 2283 eese3
1429 2204 1466 2270 de

314 2305 434 2371 talibus
453 2304 552 2391 igitur
575 2303 715 2369 scientiis
739 2303 786 2368 nil
810 2304 1018 2383 affirmamus3
1049 2313 1082 2368 at
1101 2302 1142 2369 de
1162 2327 1247 2370 mere
1267 2307 1466 2392 speculativis

315 2409 456 2476 scientiis
471 2407 672 2475 obtendimus
686 2406 812 2480 edictis
832 2406 1003 2472 consectari
1022 2406 1109 2493 quod
1125 2429 1189 2473 non
1209 2430 1288 2495 opus
1310 2410 1364 2493 sit)
1387 2411 1466 2498 phy·

315 2515 396 2581 sicas
418 2514 542 2602 aliquas
563 2510 759 2599 προλήψεις,
782 2532 965 2575 communes
990 2510 1119 2590 ἐννοίας,
1142 2512 1327 2598 congenitas
1352 2516 1465 2603 speeies

314 2640 500 2706 supponere,
516 2639 588 2682 cum
603 2616 674 2703 ipsa
692 2636 783 2679 ruens
805 2614 925 2701 absque
947 2612 1012 2677 illis
1034 2613 1222 2680 sufficienter
1243 2615 1397 2683 instructa
1416 2618 1464 2692 sit,

315 2731 347 2786 et
361 2723 473 2786 nativa
485 2720 602 2807 polleat
621 2717 771 2784 facultate
789 2716 964 2782 necessaria
983 2716 1112 2782 sibimet
1131 2716 1172 2782 ad
1195 2718 1361 2785 scientiam
1383 2722 1465 2809 prin·

316 2825 400 2911 cipia
413 2847 450 2889 ac
469 2823 575 2889 media
591 2821 806 2909 conquirendi,
827 2820 922 2886 modo
935 2820 1003 2907 jam
1023 2821 1178 2908 exposito.
1223 2822 1465 2901 Nonobstinate

313 2948 452 3014 pernego
471 2927 551 2990 tales
568 2925 712 2991 notiones
734 2924 820 3005 dari3
849 2924 906 2990 sed
923 2943 959 2990 eo
978 2924 1128 3011 proclivis
1150 2948 1220 2990 sum
1236 2938 1273 2991 ut
1291 2928 1463 2997 existimem

310 3020 389 3096 'illas
407 3027 493 3093 haud
512 3026 687 3092 necessario
709 3026 863 3114 supponi;
887 3023 1003 3091 nedum
1026 3035 1062 3091 ut
1083 3026 1144 3091 hdc
1165 3027 1204 3093 de
1225 3036 1321 3095 eausa
1342 3032 1464 3098 omnino

315 3141 457 3219 oporteat
473 3129 654 3194 Platonicae
670 3128 755 3195 ullas
773 3127 974 3211 ἀναμνήσεις,
991 3138 1022 3194 et
1041 3130 1147 3195 nescio
1166 3153 1245 3217 quas
1265 3133 1379 3200 animae
1397 3134 1465 3201 dor·

315 3234 458 3301 initantis
473 3231 653 3318 ἀνεγέρσεις
667 3231 855 3318 confingere,
872 3232 926 3298 vel
940 3231 1143 3300 comminisci.

381 3336 565 3418 Quinetiam
579 3357 643 3399 non
657 3335 763 3399 minus
778 3334 853 3399 hinc
868 3333 986 3421 liquere
1000 3333 1134 3416 videtin,
1146 3337 1232 3423 quod
1245 3340 1464 3431 principiorum

315 3442 432 3509 veritas
443 3463 507 3506 non
522 3442 570 3524 (ut
580 3437 738 3503 censuisse
748 3436 875 3502 videtur
885 3438 1101 3523 Aristoteles¹)
1119 3439 1308 3512 Inductione
1322 3448 1388 3513 solt
1404 3446 1464 3533 (rel

317 3544 526 3632 singularium
545 3540 762 3606 observatione
781 3545 933 3627 perpetua
953 3562 1009 3605 seu
1028 3542 1147 3627 crebra)
1169 3542 1306 3628 nitetur;
1337 3570 1405 3613 cum
1424 3546 1464 3612 ad

313 3672 423 3716 veram
443 3643 665 3713 stabiliendam
685 3644 889 3731 hypothesin,
911 3642 952 3709 ad
972 3666 1080 3710 veram
1099 3646 1317 3715 definitionem
1333 3649 1463 3716 forman·

316 3751 399 3833 dam,
412 3749 452 3815 ad
465 3771 542 3814 vera
556 3745 688 3834 proinde
702 3738 863 3831 principia¹
872 3746 1092 3813 constituenda
1104 3749 1158 3814 vel
1171 3749 1301 3817 unicum
1314 3750 1463 3818 suffecerit

797 3909 806 3941 ¹
823 3908 888 3959 Post.
900 3922 930 3959 11.
947 3924 984 3975 19.

368 4196 425 4251 For
435 4195 597 4251 theoretical
610 4197 717 4252 sdenoe
727 4198 751 4252 it
761 4198 786 4251 is
797 4200 847 4252 not
859 4212 1003 4268 necessary
1013 4201 1044 4253 to
1056 4214 1174 4268 suppose
1190 4214 1242 4267 any
1253 4197 1360 4253 natural
1375 4194 1461 4251 enfid-

314 4282 432 4353 pations,
451 4295 575 4335 common
595 4283 712 4352 notions,
729 4282 824 4338 innata
844 4282 938 4338 ideas:
956 4282 1004 4339 the
1022 4282 1100 4338 mind
1118 4282 1169 4337 has
1188 4299 1206 4337 a
1224 4282 1316 4339 native
1332 4296 1421 4352 power
1435 4276 1465 4331 oi
1560 4312 1561 4329 ι

314 4368 458 4441 acquir-ing
468 4366 623 4438 principles.

365 4453 519 4526 Principles
528 4469 577 4508 are
588 4456 638 4509 not
649 4454 790 4524 required,
801 4472 833 4510 as
846 4454 982 4511 Aristotle
995 4472 1064 4527 says,
1077 4456 1113 4525 by
1126 4455 1274 4512 Induction
1286 4454 1356 4523 only.
