3167 5192
132 368 235 418 neon.
253 351 322 438 111.]
488 365 674 418 anemonas
697 365 970 418 nnnnnnsrucm
1253 353 1299 419 55

132 542 230 624 tales,
246 565 301 610 eos
317 541 372 608 rel
391 564 433 608 ex
448 563 508 608 usu
529 542 699 624 communi,
723 545 831 630 (penes
845 563 940 630 quem
957 541 1013 629 jus
1033 550 1084 608 est
1104 550 1137 609 et
1157 550 1298 630 potestas

133 646 280 712 numeris
290 647 389 734 juxta
402 667 439 711 ac
453 645 525 711 aliis
543 647 638 712 rebus
656 645 910 712 nomenclaturae
926 645 1098 732 affigendi)
1114 645 1167 710 vel
1182 644 1297 710 saltem

136 772 180 815 ex
194 749 298 838 prims
317 747 520 836 philosophit
540 749 688 828 mutuari,
704 749 744 814 ad
766 771 863 835 qnam
884 749 1021 836 pertinet
1041 749 1297 835 generalissimas

135 852 277 918 rationes
298 875 402 918 rerum
424 852 631 933 considerare,
654 876 691 918 ac
713 852 863 933 delinito3
886 851 972 920 unde
990 852 1138 919 ridemus
1158 852 1296 920 multum

135 965 171 1021 et
184 975 270 1042 saepe
284 954 338 1041 agi
353 954 394 1020 de
407 954 557 1036 numeris,
572 955 607 1020 in
622 955 812 1042 Philosophi
826 953 1067 1042 Metaphysicis.
1105 954 1296 1042 Quanquam

135 1057 261 1145 alioqui
284 1057 447 1126 fatendum
473 1057 525 1138 sit,
551 1059 723 1146 perfectam
748 1057 966 1126 Geometriam
991 1067 1025 1125 et
1052 1058 1119 1124 suis
1148 1060 1297 1126 omnibus

135 1161 280 1228 numeris
294 1160 481 1240 absolutam,
496 1160 709 1226 Arithmetict
723 1159 875 1247 indigere,
890 1160 1096 1228 veruntamen
1110 1162 1197 1228 haud
1208 1162 1298 1228 velut

135 1264 274 1332 scientit
295 1264 433 1330 totaliter
451 1287 471 1329 a
487 1287 522 1330 se
541 1264 676 1345 diverse,
696 1287 733 1330 ac
752 1263 867 1344 salient,
882 1263 940 1331 sed
955 1273 994 1331 ut
1013 1275 1103 1352 parte
1120 1266 1180 1347 sui,
1202 1266 1298 1352 (siout

135 1379 251 1456 postea
261 1368 440 1434 videbimus
450 1368 473 1452 3)
489 1367 647 1456 quomodo
658 1367 699 1434 ad
712 1366 967 1434 Stereomotriam
980 1367 1168 1454 (doctrinam
1179 1368 1298 1436 solido-

135 1473 223 1555 rum)
242 1493 313 1558 quae
328 1493 401 1559 pars
415 1480 464 1538 est
478 1471 670 1538 Geometriae
684 1470 787 1558 magis
802 1471 985 1560 composita,
1000 1472 1235 1559 proeetemenda
1248 1496 1298 1541 re·

135 1577 278 1664 quiritur
293 1575 550 1664 Empedometria
567 1576 722 1663 (doctrina
735 1575 915 1664 planorum)
932 1598 1006 1663 pare
1023 1577 1164 1664 ejusdem
1183 1583 1299 1644 natent

134 1679 226 1768 prior
240 1690 273 1746 et
287 1679 471 1767 simplicior.

205 1781 276 1849 Nec
290 1783 397 1849 minus
416 1781 492 1847 hinc
511 1781 612 1869 liquet
631 1781 710 1871 quid
728 1780 912 1869 responderi
931 1781 1033 1870 possit
1052 1781 1204 1870 praedicto
1223 1782 1298 1849 doc·

135 1887 266 1954 tissimo
294 1887 364 1952 viro
392 1886 440 1953 sic
470 1885 664 1974 disputanti:
702 1887 762 1952 Est
795 1887 925 1954 οοοοτιοο
957 1887 1020 1953 illo
1051 1887 1089 1953 de
1122 1887 1298 1975 oeqruslitote

135 1992 268 2058 mmai
285 1991 431 2078 quinarii
449 2014 519 2057 ααα
538 1991 677 2056 numero
699 1991 825 2058 binario
845 2003 874 2058 et
891 1992 1028 2057 temoni>
1048 1992 1225 2078 οονρααοιοζς,
1245 2015 1299 2057 aa·

134 2096 235 2162 sertio
250 2094 418 2182 generales,
438 2095 667 2181 quotuscunque
687 2094 763 2160 aliis
783 2095 876 2162 robae
894 2119 957 2160 αοα
977 2097 1083 2162 manaa
1104 2119 1199 2183 picam
1218 2095 1298 2162 Geo-

135 2199 277 2266 ταοοηοιὶς
292 2197 511 2286 applicabilia,-
532 2223 607 2264 οααο
620 2211 648 2264 et
662 2197 776 2286 anqele',
792 2199 855 2264 duo
868 2211 897 2264 et
911 2211 973 2265 trea
989 2212 1063 2265 aunt
1081 2198 1189 2286 anpali
1204 2201 1299 2286 quin·

136 2302 225 2389 quel
271 2300 461 2388 Respondeo
476 2299 632 2368 breviter:
666 2301 710 2386 (1)
736 2299 786 2367 Ut
796 2301 865 2388 jam
880 2311 964 2382 ante,
980 2301 1066 2388 quod
1086 2301 1296 2389 tangeli÷3

136 2405 249 2492 angeli
258 2404 376 2470 faciant
391 2403 559 2491 tangelos,
570 2404 735 2491 provenire
747 2427 812 2470 non
826 2427 869 2471 ex
883 2406 1040 2471 abstractt
1053 2406 1173 2472 ratione
1186 2429 1298 2472 nume·

135 2531 259 2590 rorum,
284 2507 341 2575 sed
363 2526 406 2574 ex
429 2530 466 2574 eo
491 2507 577 2596 qnod
599 2517 731 2594 uterque
756 2530 917 2589 numerus,
941 2507 1083 2574 binarius
1105 2508 1161 2574 ille
1182 2517 1216 2574 et
1236 2518 1298 2575 ter·

136 2611 260 2692 narius,
276 2610 419 2698 ejusdem
433 2611 558 2698 generis
572 2622 605 2678 et
618 2611 758 2677 nominis
774 2610 841 2677 enti
859 2611 1027 2678 tribuatur.
1067 2610 1110 2696 (2)
1136 2609 1231 2690 Quod
1244 2611 1299 2677 isti

137 2717 276 2795 numeri,
294 2725 451 2802 quatenus
470 2715 593 2802 angelis
615 2715 807 2795 tribuentem
825 2714 892 2780 sint
912 2714 1210 2795 transcendentales,
1232 2737 1298 2780 non

138 2819 282 2906 aliquam
297 2817 493 2904 singulorum
509 2818 693 2905 angelorum
708 2818 791 2885 inter
804 2840 839 2884 se
858 2816 1071 2904 aequalitatem
1091 2817 1217 2905 proprie
1231 2817 1299 2884 dic·

139 2933 218 3003 tam,
242 2931 276 2988 at
296 2932 418 2987 natura
440 2922 597 2988 duntaxat
618 2920 860 2988 similitudinem
882 2921 1068 3002 innuentes3
1095 2921 1236 3009 adeoque
1255 2921 1298 2988 ad

139 3025 403 3092 Mathematioam
433 3025 714 3092 considerationem
742 3025 873 3092 minime
903 3025 1090 3112 pertineant.
1138 3023 1297 3092 Caeterum

140 3129 235 3209 lianc,
251 3152 348 3217 quam
362 3131 531 3196 subnotavi
546 3129 781 3195 distinctionem
796 3151 1006 3211 numerorum,
1019 3139 1109 3196 acute
1124 3131 1296 3218 perspexit,

140 3245 174 3300 et
197 3233 315 3300 diserte
338 3233 478 3321 prodidit
503 3231 605 3313 Plato,
630 3233 665 3298 in
689 3229 844 3313 Phileb03
878 3231 1019 3299 Recitari
1043 3241 1203 3298 merentur
1227 3232 1297 3320 ejus

139 3339 259 3405 verba:
282 3336 606 3426 'Aptdpmtmiv-*dp'
626 3335 684 3404 οὐκ
702 3337 810 3418 ἄλλην
827 3336 887 3420 μέν
905 3363 980 3404 τινα
999 3335 1059 3419 τὴν
1080 3341 1145 3404 τῶν
1161 3341 1297 3403 πολλῶν

141 3440 273 3530 φατέον,
293 3441 401 3524 ἄλλην
425 3441 452 3507 δ’
474 3440 516 3508 αὖ
537 3441 682 3524 τὴντῶν
703 3438 996 3528 prinoipem-ori
1018 3438 1153 3526 σμικρὸς
1174 3437 1297 3527 dpoe‚ol

142 3546 341 3636 Πρώταρχε·
372 3543 419 3611 Οἱ
444 3543 503 3627 μὲν
529 3543 594 3633 γάρ
618 3541 845 3628 roemvillam
870 3541 1000 3610 ἀνίσους
1027 3540 1298 3628 καταριθμοῦνται

140 3654 208 3717 τῶν
220 3649 297 3735 περὶ
326 3646 471 3736 ἀριθμόν·
494 3645 576 3712 Otov
605 3645 812 3734 στρατόπεδα
839 3643 905 3724 δύο,
937 3641 992 3708 καὶ
1019 3644 1101 3722 βοῦς
1130 3641 1198 3708 δύο·
1229 3644 1297 3711 Kal

142 3753 200 3821 δύο
224 3751 268 3819 τὰ
286 3751 496 3840 σμικρότατα,
513 3749 533 3834 ἢ
556 3748 599 3815 τὰ
619 3748 751 3815 πάντων
770 3747 924 3831 μέγιστα·
961 3743 1009 3811 Οἱ
1028 3742 1055 3810 δ’
1077 3744 1135 3812 οὐκ
1155 3744 1196 3812 ἂν
1216 3748 1297 3815 τοτὲ

144 3857 252 3928 αὐτοῖς
274 3854 597 3937 σννακολουθήσειαν,
621 3852 650 3920 εἰ
677 3853 722 3937 μὴ
751 3849 876 3935 μονάδα
902 3848 1039 3934 μονάδος
1067 3849 1205 3933 ἑκάστης
1233 3856 1298 3918 τῶν

145 3960 265 4049 μορίων
285 3957 443 4043 μηδεμίαν
457 3957 564 4040 ἄλλην
581 3955 686 4040 ἄλλης
705 3952 922 4043 διαφέρουσάν
935 3974 984 4024 τις
997 3951 1120 4036 θήσεθ·
1141 3954 1173 4020 h.
1183 3978 1210 4021 e.
1226 3956 1298 4022 Δα-

145 4091 205 4133 οοα
225 4065 464 4132 adrimeticum
486 4063 585 4129 aliam
606 4061 703 4151 ονῖρί,
722 4060 823 4128 aliam
845 4059 1103 4147 Philosopdomm
1122 4073 1296 4129 statuamus

337 4210 347 4242 ¹
366 4210 428 4275 Pag.
444 4221 481 4274 73.
494 4208 600 4260 Aritlm.
874 4205 886 4246 ¹
902 4208 964 4272 Pag.
979 4221 1035 4273 399.
1045 4205 1098 4257 Flo.

194 4395 310 4451 Wall'n’s
321 4393 485 4463 arguments
496 4389 644 4446 mswered.

192 4481 294 4540 Plato’s
305 4480 399 4537 notice
411 4478 442 4534 of
449 4476 645 4548 philosophical
658 4475 834 4532 Arithmetic
