3167 5192
97 431 192 480 narr.
211 415 285 499 111.]
446 435 633 484 aecrrouss
655 435 929 485 uurnauarrca.
1215 421 1258 485 63

159 599 213 665 Ne
236 623 306 667 rem
328 601 456 689 longius
478 603 643 670 extraham
664 613 697 669 et
717 603 813 670 taedio
835 603 915 684 sim3
945 603 1067 670 nemini
1091 627 1156 670 non
1181 607 1259 672 satis

95 701 245 788 liquebit,
263 704 385 792 opinor,
402 705 556 793 hecquae
572 706 790 793 suggessimus
805 716 837 773 et
850 705 929 773 talia
944 707 1025 773 serio
1039 709 1257 795 perpendenti,

95 828 267 872 numerum
295 807 412 895 (qualis
438 809 550 876 saltem
575 833 594 874 s
618 809 854 875 Mathematicis
877 812 1095 897 pertractatur)
1121 813 1163 878 ab
1188 813 1259 901 ipat

95 908 248 975 continua
263 911 487 997 magnitudine
508 911 755 999 haudquaquam
770 913 875 1002 reipst
889 912 1033 994 differre3
1054 937 1115 979 nee
1128 915 1258 980 aliunde

94 1033 172 1097 quas
202 1012 324 1080 habere
350 1014 476 1080 videtur
504 1016 711 1103 proprietates
743 1015 1026 1103 (compositionem,
1057 1017 1256 1099 divisionem,

95 1117 343 1204 proportionem,
365 1129 460 1208 atque
479 1119 670 1203 consimiles)
692 1141 789 1206 quam
805 1118 928 1199 abilis,
948 1121 1002 1186 vel
1016 1131 1143 1208 propter
1156 1123 1256 1203 illam,

95 1231 252 1305 quatenus
269 1222 360 1288 illius
379 1223 481 1288 ricem
496 1223 579 1309 gerit
592 1232 624 1288 et
638 1243 816 1310 personam,
834 1222 928 1311 quasi
942 1225 1088 1305 sustinet,
1107 1224 1255 1314 adipisoi3

96 1347 152 1390 nee
165 1326 303 1412 proinde
324 1348 490 1392 numerum
510 1347 579 1392 esse
593 1325 730 1412 speciem
745 1326 933 1412 quantitatis
951 1328 1167 1414 magnitudini
1182 1354 1256 1396 eon-

95 1427 343 1508 tradisfinctam,
364 1452 423 1494 neo
442 1429 603 1516 objectum
617 1428 752 1516 alicujus
772 1429 913 1496 scientie
932 1453 953 1494 a
966 1429 1152 1499 Geometrit
1173 1434 1256 1520 (quae

97 1529 175 1595 circa
189 1530 449 1617 magnitudinem
463 1539 607 1596 versatur
620 1529 814 1614 universam)
828 1531 971 1613 diversae,
983 1533 1040 1598 sed
1054 1533 1155 1621 ipsius
1169 1557 1256 1621 quae-

96 1655 216 1722 eunque
242 1635 288 1700 sit
319 1633 616 1721 oontemplationem
646 1631 687 1698 ad
713 1631 931 1700 Geometriam
960 1636 1125 1721 pertinere,
1156 1643 1256 1724 esque

98 1735 225 1804 includi.
273 1736 416 1803 Proinde
440 1759 498 1802 nee
519 1735 698 1802 inconsulte
727 1735 840 1802 fecisse
869 1737 1085 1825 στονχειωτήν
1112 1749 1255 1806 nostrum

100 1839 259 1927 (quioquid
275 1841 441 1929 obstrepat
455 1839 578 1906 Remus
593 1839 684 1906 illum
699 1840 856 1926 sugillans
870 1840 931 1907 hoe
945 1841 1086 1926 nomine)
1103 1843 1157 1930 qui
1169 1843 1255 1911 Geo-

98 1944 232 2009 metriois
261 1944 431 2010 elementis
456 1943 684 2010 Arithmetieas
714 1943 882 2010 inseruerit
907 1944 1159 2033 speculationem
1190 1947 1255 2014 imo

98 2045 198 2130 potius
211 2047 257 2112 rei
274 2045 514 2112 Mathematioae
529 2044 701 2132 plurimum
720 2046 882 2127 interesse,
903 2070 944 2114 ue
959 2049 1099 2116 scientiae
1114 2050 1184 2116 istae
1198 2073 1256 2118 seu

99 2155 205 2214 uaturt
219 2149 394 2238 disperatae
409 2159 613 2236 segregentur
628 2157 685 2215 ant
699 2148 893 2215 divellantur
905 2173 926 2215 a
939 2173 974 2216 se
988 2151 1144 2232 inrioem3
1161 2153 1256 2220 adeo-

101 2270 158 2334 que
178 2251 217 2318 de
238 2253 322 2340 ipsis
340 2252 582 2340 promeriturum
604 2251 740 2338 egregie,
764 2253 820 2339 qui
842 2254 1039 2321 commodam
1060 2255 1095 2320 iu
1117 2254 1255 2323 Geome-

100 2350 156 2418 trit
168 2353 275 2420 sedem
290 2353 504 2441 assignaverit
519 2352 764 2420 Arithmeticee¹.
811 2354 877 2422 Sed
891 2355 944 2421 hio
958 2356 1072 2443 pedem
1085 2356 1173 2423 sisto.

466 2643 880 2654 W

558 2856 690 2925 Lucu.
715 2855 798 2922 Ill.l

174 3015 203 3082 E
227 3013 529 3084 Mathematicarum
555 3011 766 3080 Scientisrum
788 3011 958 3099 partitione
982 3034 1053 3100 quae
1074 3013 1154 3080 mihi
1181 3016 1250 3082 visa

195 3132 268 3188 sunt
287 3143 333 3188 ex
353 3141 414 3184 usu
434 3115 592 3205 proposui.
638 3113 742 3194 Quam
762 3137 837 3180 vero
856 3113 998 3203 plerique
1017 3115 1146 3182 tradunt
1165 3117 1250 3206 ipsa-

106 3245 168 3288 rum
189 3223 381 3290 divisionem
399 3219 433 3284 in
451 3216 640 3284 theoreticae
658 3225 691 3283 et
710 3216 864 3303 practices
887 3218 1030 3285 consulto
1050 3220 1247 3305 praetermisi,

105 3344 155 3390 ceu
169 3349 278 3414 parum
293 3325 429 3414 probam
444 3332 476 3388 et
490 3321 596 3424 minus
610 3320 835 3400 neeessariam
857 3329 966 3408 utpote
980 3343 1051 3407 quae
1065 3344 1130 3386 non
1145 3322 1249 3390 diver-

106 3447 151 3492 sus
169 3429 327 3509 scientias,
349 3427 405 3494 sed
423 3424 564 3514 ejusdem
584 3423 741 3489 duntaxat
754 3422 895 3489 scientiae
913 3423 1055 3489 diversos
1074 3423 1181 3490 innuit
1199 3449 1248 3492 re·

106 3539 228 3612 speetus.
272 3531 458 3610 Enimvero,
474 3550 544 3594 meo
554 3525 686 3614 jndicio,
702 3525 806 3593 omnis
821 3519 1039 3591 scientiarum
1054 3525 1249 3612 speculativa

107 3641 156 3711 est,
170 3643 234 3700 tum
249 3635 408 3724 practica:
433 3630 646 3721 speculativa,
662 3638 817 3718 quatenus
832 3627 981 3694 veritates
1004 3627 1076 3712 (hoo
1094 3637 1143 3708 est
1156 3651 1247 3696 veras

108 3737 334 3824 propositiones)
348 3737 471 3825 objecto
482 3757 539 3802 suo
555 3734 776 3800 convenientes
791 3731 980 3820 speculatum,
993 3730 1053 3797 hoe
1064 3740 1112 3797 est
1123 3732 1246 3818 querit,

149 3887 160 3920 ¹
175 3891 274 3950 Qualem
285 3897 354 3944 eeu-ta
364 3892 463 3943 videtur
473 3889 613 3954 antiquitus
623 3887 775 3948 obtinuissar
792 3884 914 3950 siquidem
925 3884 965 3934 val
975 3883 1028 3950 ipse
1038 3899 1146 3949 magnus
1157 3885 1248 3936 Orator

111 3962 137 4013 ⁶0
149 3967 283 4024 (iturum
298 3975 381 4025 obiter
391 3977 512 4033 mamma,
525 3970 556 4020 de
572 3973 672 4033 recepto
689 3967 778 4032 opinor
788 3982 837 4015 usu
848 3967 1017 4031 potiusquam
1033 3981 1065 4015 ex
1079 3965 1181 4032 ingenio
1197 3984 1244 4018 suo

112 4045 175 4112 dieat,
189 4051 340 4106 amm
351 4055 380 4104 t„
390 4067 502 4104 numm
511 4049 684 4114 aspersos-urar
694 4063 740 4098 ease
750 4047 1001 4107 divium-Quintil.
1013 4060 1032 4097 1.
1048 4062 1086 4097 ιο.

157 4269 246 4331 Euclid
257 4278 406 4347 (whatever
422 4277 526 4332 Ramus
536 4291 599 4350 may
610 4273 671 4344 say)
682 4274 733 4330 has
748 4273 821 4328 done
835 4269 939 4342 rightly
950 4270 979 4326 in
994 4268 1134 4340 including
1145 4269 1244 4328 Arith-

116 4356 208 4415 metim}
219 4364 395 4432 masnhtious
406 4363 435 4419 in
446 4362 495 4419 tlre
506 4362 648 4418 Elements
659 4361 689 4416 ot
698 4361 854 4430 Geometry.

159 4437 172 4466 ⁹
188 4443 270 4520 lirery
282 4451 386 4509 seienoa
396 4451 421 4506 is
432 4449 500 4506 both
513 4447 680 4521 speculative
692 4445 747 4503 and
757 4445 895 4517 praetioal
