3167 5192
365 354 407 421 14
714 369 901 423 sscnonns
922 367 1064 420 omos.
1272 349 1381 436 [sacr.
1398 365 1424 416 1.

429 537 471 606 V.
516 536 600 605 Cum
614 561 690 606 rere
700 539 808 608 >multa
828 541 934 608 nsum
949 538 1088 606 afficiant
1107 535 1330 618 diversimode,
1344 545 1427 625 puta

363 641 432 722 lux,
461 640 580 723 lumen,
611 642 689 725 dias,
720 643 949 733 crepusculum,
975 641 1103 721 colores,
1127 661 1231 712 rerum
1256 638 1425 726 imagines,

364 744 550 832 phasmata;
580 767 640 811 nec
667 753 776 814 tamen
808 745 928 832 absque
956 743 1036 818 lnce,
1070 745 1235 830 (prasente
1271 739 1426 806 nimirum

365 858 421 914 aut
434 849 564 936 praevit)
582 848 711 936 quidvis
729 848 843 915 horum
859 846 981 934 aliquid
998 854 1138 934 peragat,
1154 841 1356 931 perspicuum
1376 851 1427 908 est

365 951 445 1020 lucis
460 952 514 1019 hic
524 951 700 1040 praecipuas
714 959 830 1039 partes,
842 949 1024 1038 primariam
1035 946 1205 1016 efficaciam
1216 943 1291 1012 lore.
1321 942 1427 1026 Quin-

365 1055 430 1120 imo
459 1078 525 1120 rem
561 1055 670 1124 sedulo
695 1054 904 1142 pensitantes,
936 1075 973 1120 ec
1000 1050 1215 1129 deveniemus,
1242 1047 1366 1136 opinor,
1388 1057 1428 1114 ut

365 1156 471 1222 varias
484 1156 537 1223 bis
555 1156 704 1222 omnibus
718 1155 860 1222 adnexas
880 1153 1081 1242 apparentiae
1096 1173 1160 1218 non
1180 1149 1308 1217 aliunde
1328 1172 1427 1238 qnam

365 1281 407 1324 ex
422 1258 636 1326 diversimode
657 1258 738 1325 lucis
760 1258 857 1326 nnius
883 1256 1062 1346 operatione
1085 1265 1234 1343 putamus
1256 1253 1425 1343 proficisci.

366 1360 450 1429 (tum
464 1383 579 1448 nempe
592 1359 652 1428 lux
666 1360 710 1426 sit
719 1359 803 1426 illud
816 1358 968 1448 quicquid
984 1359 1027 1426 sit
1041 1358 1127 1446 quod
1142 1381 1161 1422 a
1175 1379 1303 1445 corpore
1317 1355 1426 1424 lucido

368 1462 474 1550 (quale
488 1463 591 1543 stella,
616 1463 712 1550 ignis,
735 1463 876 1548 flamma)
903 1461 1093 1550 proveniens
1116 1459 1298 1528 immediate
1319 1459 1427 1526 visum

366 1564 472 1646 afficit,
497 1564 606 1632 lumen
631 1565 679 1632 nil
708 1565 837 1632 videtin
861 1563 950 1630 aliud
979 1585 1076 1651 quam
1099 1561 1158 1628 lux
1182 1562 1216 1628 in
1241 1560 1429 1650 corpuscula

365 1668 513 1756 quaedam
547 1691 648 1757 opaca
679 1671 748 1756 (seu
771 1669 877 1736 lucem
899 1690 965 1736 non
993 1666 1121 1755 penitus
1150 1666 1354 1755 excipientis)
1380 1667 1429 1756 τῷ

366 1770 551 1860 περιέχοντι
565 1772 756 1860 interspersa
775 1772 968 1862 impingens,
986 1793 1127 1838 necnon
1147 1772 1188 1837 ab
1208 1771 1249 1836 iis
1268 1770 1303 1838 in
1316 1791 1430 1838 omnes

365 1875 507 1962 undique
529 1886 635 1963 partes
663 1876 827 1958 resiliens3
858 1900 932 1966 qua
954 1877 1077 1945 scilicet
1098 1876 1133 1942 in
1163 1875 1289 1942 oculum
1318 1873 1428 1942 itineri

366 1999 424 2042 sno
438 1977 620 2064 expositum
634 1977 841 2047 tumultuarie
856 1979 986 2069 delapsa
1006 1979 1170 2046 contrusam
1187 1976 1347 2066 quandam
1369 2000 1428 2066 ap-

365 2078 542 2166 parentiam
561 2079 700 2161 excitat3
722 2103 830 2168 qnam,
853 2082 882 2148 si
903 2081 1012 2150 fortior
1031 2082 1083 2163 sit,
1106 2081 1199 2170 sique
1220 2080 1428 2170 proroganda

365 2180 476 2248 lucens
494 2191 610 2270 presto
633 2183 685 2263 sit,
710 2184 907 2272 appellamus
930 2186 1036 2268 diem
1058 2193 1092 2252 at
1114 2184 1143 2250 si
1166 2183 1300 2250 debilior
1320 2181 1427 2264 fuerit,

367 2282 499 2371 ejusque
535 2283 607 2353 fons
644 2285 840 2366 abscesserit,
877 2285 1089 2375 crepusculum
1126 2285 1272 2352 dicimus.
1315 2281 1429 2350 Etiam

367 2384 454 2457 color
467 2385 515 2450 nil
528 2385 626 2454 ferme
640 2387 767 2455 videtur
783 2386 882 2468 aliud,
897 2410 993 2475 quam
1007 2387 1067 2453 lux
1081 2409 1101 2454 a
1114 2387 1296 2476 corporibus
1310 2385 1429 2472 quibus

368 2486 503 2554 occurrit
516 2488 712 2576 majusculis,
724 2497 758 2556 et
771 2477 972 2577 aliquatenus
983 2488 1131 2556 stabilem
1145 2511 1274 2556 suarum
1288 2489 1428 2576 partium

368 2587 467 2654 sitnm
488 2589 698 2656 retinentibus
724 2592 794 2678 (pro
816 2589 906 2656 varia
930 2588 1166 2678 particularum,
1193 2613 1211 2656 e
1233 2588 1351 2676 quibos
1370 2586 1429 2654 illa

368 2703 608 2779 componuntnr,
637 2693 750 2779 figura,
780 2692 997 2781 dispositione,
1027 2698 1165 2774 exunt,
1194 2692 1256 2758 hoo
1286 2689 1340 2758 vel
1369 2689 1428 2758 illo

368 2793 475 2878 modo)
492 2794 625 2875 detorta,
640 2795 694 2861 val
711 2804 874 2883 utcunque
894 2817 1076 2884 repercussa
1085 2821 1094 2878 ;
1117 2795 1268 2862 nimbum
1289 2804 1326 2862 nt
1343 2795 1429 2884 ejus·

368 2896 456 2962 modi
471 2898 653 2986 corporibus
667 2899 784 2986 illapsa
803 2899 863 2966 lux
880 2900 934 2968 vel
951 2910 1041 2967 motu
1061 2921 1130 2982 sno,
1153 2901 1207 2968 vel
1227 2901 1344 2988 agendi
1363 2901 1430 2966 vir-

368 3007 448 3079 tute,
463 3000 516 3065 vel
530 2999 601 3089 ipst
614 3002 793 3088 quantitate
808 3007 877 3083 sut,
897 3003 1014 3090 (quoad
1027 3005 1189 3070 raritatem
1204 3003 1360 3091 intelligo,
1375 3003 1429 3072 vel

318 3130 322 3136 ¹
369 3101 569 3183 densitatem,
587 3105 746 3170 radiorum
761 3105 896 3194 copiam,
913 3117 968 3172 aut
981 3107 1198 3195 paucitatem)
1216 3103 1290 3174 talis
1301 3107 1427 3190 evadat,

369 3218 402 3275 et
427 3231 484 3296 pro
507 3209 595 3276 modi
623 3209 806 3280 discrimine
836 3212 978 3301 dispares
1006 3225 1147 3301 procreet
1175 3216 1386 3304 apparentiae,
1408 3240 1430 3282 a

369 3309 487 3397 quibus
509 3332 580 3376 eam
604 3310 702 3376 variis
713 3313 862 3400 colorum
885 3315 1069 3384 nominibus
1093 3316 1296 3404 insignimus.
1341 3317 1429 3384 Ima·

369 3415 461 3502 ginea
475 3423 580 3481 antem
595 3413 642 3480 nil
663 3415 759 3504 plane
772 3427 849 3484 sunt
863 3416 960 3499 aliud,
976 3441 1076 3506 quum
1095 3419 1154 3488 lux
1173 3422 1215 3487 ab
1235 3421 1368 3510 objectis
1383 3421 1430 3488 ita

369 3519 498 3600 reflexa,
521 3517 574 3586 rel
597 3517 738 3599 refracta,
764 3530 802 3585 ut
824 3542 933 3588 rursus
954 3520 988 3586 in
1011 3543 1111 3588 nnnm
1133 3521 1248 3605 locum,
1268 3523 1429 3611 talemque

369 3620 571 3708 recolligatur
589 3623 697 3703 sitnm,
711 3621 839 3709 qualem
854 3631 931 3690 tunc
945 3622 1094 3704 obtiniut,
1109 3645 1209 3711 quum
1223 3626 1265 3691 ab
1280 3624 1429 3712 originali

369 3724 537 3812 proflueret
551 3725 693 3813 object03
716 3725 898 3812 duectaque
913 3747 1023 3793 versus
1037 3726 1164 3794 oculum
1186 3727 1299 3796 itinere
1320 3749 1429 3816 proce·

370 3829 476 3910 deret;
499 3852 562 3917 quo
581 3831 619 3896 fit
633 3840 670 3898 nt
683 3829 831 3898 similiter
845 3829 979 3915 objecta,
995 3830 1052 3896 sed
1073 3841 1225 3918 tanquam
1240 3831 1319 3900 alibi
1334 3832 1430 3900 collo-

369 3942 442 3998 cata
476 3944 709 4021 repraesentent
756 3925 931 4000 Phasmate
965 3933 1103 4020 denique
1139 3943 1216 4000 sunt
1251 3934 1428 4022 imaginum

371 4033 464 4122 quasi
482 4035 612 4117 colores,
638 4059 695 4124 pro
718 4036 798 4103 lucis
824 4035 949 4104 diversa
973 4037 1080 4104 madia
1093 4037 1290 4126 'trajicientis
1312 4038 1376 4104 alis
1391 4060 1429 4104 ac

372 4135 436 4200 alia
463 4135 570 4223 quoad
598 4149 731 4219 motum,
759 4138 839 4221 vim,
869 4139 1080 4227 quantitatem
1109 4141 1275 4208 affcctione
1304 4141 1430 4208 diverat

372 4237 498 4303 variati.
531 4236 749 4306 Orassinsonle
766 4239 837 4328 jam
851 4240 913 4307 ista
926 4241 1151 4330 proponimus;
1175 4265 1309 4330 quornm
1324 4243 1429 4310 forsan

372 4337 482 4424 aliqua
495 4338 607 4408 saltem
621 4341 656 4410 in
670 4341 874 4412 dicendorum
887 4365 1056 4431 progressu
1070 4345 1175 4432 magis
1188 4344 1377 4414 elucescent.
