3167 5192
320 355 384 422 232
655 371 842 426 cuc-uonna
864 371 1136 427 muneramus.
1293 356 1405 442 [uuor.
1425 371 1494 422 xv.

321 540 477 608 vocabulo
486 542 508 627 ;)
534 565 606 630 quae
624 541 708 608 nihil
731 541 862 610 denotat
885 542 983 624 aliud,
1007 567 1102 632 quam
1125 543 1380 631 magnitudinem
1411 565 1494 608 cum

320 644 393 710 ahie
403 644 547 732 ejusdem
562 644 688 731 generis
699 643 976 732 magnitudinibus
991 647 1165 733 comparari
1176 668 1279 734 posse,
1291 645 1336 713 sio
1347 655 1386 712 ut
1403 647 1491 734 ejus,

320 747 463 834 alioquin
486 747 604 834 ignota
623 758 656 814 et
676 746 939 828 indeterminatae,
958 749 1119 836 quantitas
1137 771 1179 814 ex
1196 748 1356 830 relatione,
1382 771 1492 836 quam

320 851 362 916 ad
376 850 449 915 illas
464 849 605 938 aliquam
620 850 759 930 sortitur,
773 861 933 938 utcunque
949 851 1093 938 dignosci
1108 851 1209 939 possit
1222 861 1254 918 et
1265 851 1489 920 determinari.

321 951 395 1018 Hoc
418 953 504 1018 enim
529 953 742 1040 omnieunque
771 954 986 1041 magnitudini
1012 965 1183 1020 connatum
1212 965 1245 1020 et
1270 955 1491 1022 essentialiter

320 1079 500 1123 connexum
520 1068 578 1139 est,
588 1071 754 1146 quatenus
770 1057 874 1124 omnis
889 1056 1076 1142 magnitudo
1091 1057 1194 1122 cuivis
1209 1056 1299 1124 alteri
1316 1058 1488 1144 magnitu-

320 1160 390 1226 dini
419 1159 622 1247 homogeneae
650 1158 748 1244 (linea
776 1159 879 1240 lineae,
910 1159 1091 1247 superficies
1121 1159 1308 1248 superficiei,
1340 1160 1489 1226 solidum

320 1264 434 1349 solido)
463 1263 637 1330 necessario
660 1261 714 1328 vel
743 1262 876 1349 aequalis
905 1272 963 1342 est,
990 1262 1043 1328 vel
1066 1263 1233 1350 inaequalis
1262 1263 1371 1350 aliquo
1397 1277 1488 1330 certo

320 1367 424 1442 modo,
445 1365 502 1454 qui
515 1365 629 1432 modus
644 1387 686 1431 ex
701 1374 789 1451 parte
804 1365 850 1431 rei
871 1364 1034 1430 noscibilis
1057 1375 1106 1430 est
1120 1375 1152 1431 et
1167 1365 1423 1432 determinabilis
1444 1390 1490 1432 ex

320 1493 364 1550 se,
384 1469 510 1536 tametsi
525 1492 665 1558 persaepe
683 1467 851 1534 difficulter
869 1468 1049 1554 acquiratur
1068 1468 1137 1556 ejus
1157 1468 1281 1549 notitia,
1302 1491 1363 1534 nec
1382 1469 1488 1536 inter·

321 1571 398 1638 dum
413 1572 480 1638 ullo
494 1571 588 1638 modo
602 1583 699 1658 queat
713 1595 733 1636 a
747 1571 838 1637 nobis
854 1581 997 1638 accurate
1011 1571 1244 1658 comprehendi.

385 1673 455 1740 Nec
474 1673 535 1739 soli
554 1673 770 1760 magnitudini
789 1674 937 1740 convenit
957 1674 1026 1740 haec
1041 1673 1175 1752 affectio,
1196 1672 1252 1738 sed
1270 1673 1378 1760 (quale
1394 1675 1487 1762 quod

321 1779 355 1845 in
378 1778 449 1845 aliis
472 1778 691 1845 affectionibus
711 1777 881 1864 sigillatim
902 1777 1109 1860 ostendimus)
1132 1777 1228 1842 etiam
1250 1777 1322 1844 aliis
1345 1779 1487 1866 quibus-

320 1904 444 1969 cunque
462 1880 592 1967 quantis
615 1879 777 1966 (motibus,
792 1881 999 1969 temporibus,
1020 1879 1250 1960 velocitatibus,
1270 1881 1480 1969 ponderibus)

320 1984 486 2068 ἀναλόγως
500 1995 532 2050 et
543 2007 600 2051 suo
616 1983 729 2064 modo,
748 1994 906 2071 quatenus
921 1985 1061 2072 ipsorum
1076 1996 1187 2051 mutua
1200 1985 1360 2073 proportio
1376 1987 1483 2052 deter-

319 2087 444 2167 minari,
457 2085 612 2166 exhiberi,
624 2085 761 2174 exprimi
776 2095 890 2175 potest,
906 2087 1046 2174 adeoque
1057 2088 1219 2174 quantitas
1231 2087 1325 2153 unius
1340 2111 1384 2155 ex
1399 2088 1483 2154 rela-

319 2191 406 2257 tione
421 2212 517 2276 quam
532 2189 630 2255 habet
644 2189 685 2255 ad
699 2199 808 2255 notam
822 2188 953 2270 alterius
967 2189 1176 2276 quantitatem
1191 2188 1333 2256 indicari.
1382 2189 1480 2255 Tem-

319 2318 380 2384 pus
399 2317 428 2362 e.
438 2317 470 2381 g.
490 2293 649 2374 metimur,
670 2317 769 2381 quum
789 2294 987 2361 ostendimus
1008 2293 1090 2360 illud
1103 2303 1151 2360 tot
1165 2294 1287 2376 diebus,
1304 2295 1402 2376 horis,
1418 2297 1480 2362 mi·

319 2399 406 2465 nutis
429 2397 557 2485 aequari,
581 2396 635 2463 rel
652 2396 693 2462 ad
711 2408 822 2464 notum
842 2395 931 2462 aliud
950 2406 1076 2485 tempus
1097 2397 1143 2464 sic
1162 2396 1288 2480 habere,
1312 2399 1394 2466 sicut
1413 2399 1476 2464 ista

318 2511 404 2568 reeta
424 2499 519 2581 linea,
541 2498 594 2566 vel
614 2498 676 2564 ista
695 2498 806 2564 circuli
825 2499 1005 2587 peripheria
1023 2499 1065 2565 ad
1083 2499 1176 2580 hanc,
1199 2524 1333 2587 quarum
1354 2503 1477 2568 scilieet

319 2603 403 2670 inter
424 2626 458 2669 se
478 2602 711 2691 proportionem
733 2601 972 2688 cognoscimus:
1003 2601 1214 2683 velocitatem,
1237 2604 1363 2691 quando
1391 2629 1475 2672 com-

319 2716 531 2773 monstramus
549 2705 584 2770 in
602 2715 742 2793 tempore
761 2704 858 2770 talem
877 2703 1014 2771 habente
1034 2708 1267 2794 proportionem
1287 2708 1329 2774 ad
1343 2708 1474 2796 aliquod

319 2810 449 2875 aliunde
470 2819 581 2874 notum
602 2819 737 2896 tempus,
761 2809 901 2896 spatium
922 2819 1067 2897 respectu
1088 2811 1184 2898 spatii
1207 2812 1326 2898 cogniti
1349 2823 1472 2878 tantmn

319 2911 447 2998 peragi3
470 2911 530 2977 hoc
550 2920 607 2990 est,
628 2910 731 2998 ipsam
753 2911 795 2976 ad
815 2921 923 2976 notam
943 2911 1143 2979 velocitatem
1163 2913 1280 2982 habere
1299 2915 1473 3004 proportio-

319 3034 393 3077 nem
408 3011 580 3098 cognitam.
625 3011 756 3079 Pondus
776 3011 913 3100 denique
933 3037 1161 3096 mensuramus,
1182 3039 1255 3082 cum
1275 3028 1471 3105 perspectum

319 3114 483 3193 habemus,
509 3125 662 3200 quantam
688 3126 856 3202 compertae
882 3116 1048 3203 gravitatis
1073 3119 1325 3205 magnitudinem
1351 3122 1472 3190 elevare

319 3215 435 3304 poterit
448 3227 504 3282 aut
517 3216 681 3296 sustinere,
698 3217 758 3281 hoc
773 3227 832 3299 est,
849 3243 945 3306 quam
959 3221 1113 3288 rationem
1129 3222 1226 3292 habet
1239 3223 1281 3289 ad
1294 3224 1385 3290 aliud
1398 3246 1468 3309 cog·

319 3321 423 3386 nitum
447 3319 581 3408 pondus.
627 3316 812 3405 Pariterque
834 3321 965 3408 reliquis
990 3323 1024 3388 in
1047 3325 1175 3410 quantis
1200 3349 1339 3392 sosares
1362 3327 1465 3392 habet.

321 3425 387 3493 Sed
402 3435 439 3491 ut
457 3423 553 3510 hujus
573 3422 798 3509 symptomatis
819 3423 922 3490 adhuc
942 3425 1112 3492 dilucidius
1132 3427 1316 3511 innotescat,
1338 3431 1379 3498 de
1399 3429 1468 3496 talis
1553 3455 1554 3518 q

320 3551 475 3595 mensurae
494 3525 739 3614 proprietatibus
753 3525 956 3612 quibusdam,
978 3537 1011 3594 et
1030 3529 1069 3594 de
1088 3531 1324 3618 magnitudines
1344 3532 1465 3599 dimeti·
1553 3519 1554 3524 ¹

320 3631 395 3698 endi
409 3629 503 3696 modo
518 3627 672 3693 nonnulla
686 3628 927 3715 subjungemus.

387 3740 415 3798 1.
460 3730 570 3796 Prima
583 3752 747 3810 meusurae,
763 3731 890 3817 qualem
902 3732 971 3821 jam
986 3733 1158 3819 innuimus,
1173 3738 1347 3826 proprietas
1362 3751 1417 3820 est,
1432 3749 1465 3804 ut

319 3837 362 3901 sit
382 3835 578 3921 homogenea
600 3833 646 3899 rei
670 3845 878 3915 mensuratae3
909 3838 969 3903 hoo
998 3847 1055 3920 est,
1085 3851 1122 3906 ut
1144 3864 1216 3908 oum
1239 3844 1464 3910 sesecundum

319 3938 557 4025 congruentiam
572 3946 605 4003 et
620 3936 918 4024 discongmentiam,
937 3941 1151 4028 equalitatem
1166 3955 1199 4010 et
1212 3945 1463 4034 inequalitatem,

320 4065 484 4108 excessum
505 4050 538 4106 et
559 4039 726 4119 defectmn,
756 4040 951 4110 additionem
980 4056 1074 4133 atque
1099 4049 1350 4130 subductionem,
1375 4052 1464 4138 juxta

375 4265 441 4320 'l'his
456 4265 481 4320 io
496 4267 625 4321 aasentinl
641 4272 671 4323 to
688 4271 724 4326 all
741 4275 900 4344 quantities,
911 4292 942 4332 aa
957 4277 1068 4348 already
1079 4278 1191 4335 shown'

373 4353 407 4406 In
419 4349 487 4404 such
497 4359 700 4412 measuroment

372 4434 418 4506 (l)
453 4434 512 4488 'l'he
523 4451 649 4492 measure
662 4446 737 4497 must
748 4444 784 4500 bo
796 4446 996 4516 homogeneous
1008 4450 1074 4504 with
1087 4451 1135 4507 tho
1149 4453 1227 4524 thing
1239 4456 1388 4510 moasurod.
