3167 5192
285 353 305 416 6
672 367 798 418 enarro
821 367 1056 418 sucessorem.

283 537 368 604 dinis
382 537 515 620 intersit,
532 537 657 626 meique
672 540 846 627 praesertim
864 537 899 606 id
910 539 1021 628 exigat
1034 538 1129 606 officii
1142 537 1260 627 privati
1273 538 1366 620 ratio,
1380 537 1451 604 etsi

282 641 466 708 facultatem
489 650 638 730 praestare
661 665 732 725 non,
749 664 891 730 possum,
915 643 1113 710 voluntatem
1134 652 1241 708 tamen
1263 640 1448 722 ostendam,
1575 706 1577 737 Ι

284 744 390 832 aliquo
418 745 531 811 saltem
561 746 756 834 (imperfecto
785 745 861 813 lieet
885 756 918 814 et
946 746 1147 829 inconcinuo)
1167 744 1273 832 elogio
1296 744 1450 833 proeclari
1575 750 1577 825 ξ

283 847 490 915 benefactoris
501 849 684 916 memoriam
698 848 936 916 cohonestandi.

348 948 426 1017 Fuit
449 951 477 1016 is
496 951 663 1038 (assurgite
673 960 830 1040 quotquot
843 951 919 1018 estis
934 951 1115 1032 Auditores,
1130 959 1283 1038 tantoque
1297 949 1447 1017 debitam

282 1052 404 1118 nomini
423 1053 632 1119 reverentiam
654 1053 818 1138 exhibete)
837 1053 996 1120 Henricus
1019 1053 1141 1134 Lucas;
1165 1053 1280 1134 Lucas,
1295 1052 1444 1140 inquam,
1575 1110 1577 1143 :

282 1154 432 1221 Martiam
459 1157 557 1222 simul
579 1157 730 1222 virtutem
753 1157 966 1237 effulminaus‚
991 1167 1024 1224 et
1047 1157 1227 1223 Palladiam
1250 1156 1445 1244 sapientiam
1575 1250 1576 1255 η

281 1258 431 1326 blandius
460 1261 610 1348 expirans
639 1284 754 1329 nomen
766 1288 776 1345 ;
807 1263 885 1330 belli
910 1272 1058 1351 togaeque
1087 1260 1238 1327 laudibus
1271 1271 1444 1348 utramque

282 1364 433 1451 paginam
468 1364 608 1432 historiae
640 1365 845 1452 repleturum,
879 1365 1084 1454 futurumque
1113 1364 1199 1453 apud
1226 1374 1370 1452 posteros
1399 1387 1444 1430 an
1575 1370 1577 1383 '

282 1465 416 1533 heroicae
441 1467 637 1535 fortitudinis
664 1469 780 1551 nescio,
811 1469 864 1536 vel
886 1469 1005 1536 dirinae
1031 1467 1258 1535 munificentia
1280 1467 1441 1555 exemplis

282 1571 482 1638 celebratius.
528 1571 687 1638 Henricus
709 1572 834 1654 Lucas3
858 1573 908 1639 vir
929 1596 950 1638 a
969 1572 1124 1660 prosapiae
1144 1571 1300 1658 dignitate
1314 1571 1441 1659 prolixe

282 1675 551 1742 commendandus
566 1678 687 1764 (utpote
698 1676 754 1764 qui
764 1675 956 1762 praenobiles
966 1674 1105 1741 familias
1117 1674 1264 1763 proximi
1271 1675 1439 1761 sanguinis

281 1779 451 1864 agnatione
470 1779 649 1866 contigerit)
671 1779 734 1846 nisi
750 1779 838 1868 quod
852 1778 1057 1867 amplitudini
1072 1778 1197 1865 generis
1216 1777 1321 1866 potior
1338 1777 1441 1844 animi

281 1882 519 1969 magnificentia
533 1882 714 1964 detraxerit,
730 1893 763 1950 et
780 1885 938 1949 virtutum
952 1881 1143 1950 excellentia
1155 1880 1312 1946 natalium
1332 1880 1442 1967 splen·

281 1984 389 2052 dorem
404 1985 608 2052 obumbrarit.
652 1985 798 2052 Medicas
818 1986 869 2051 illi
889 1985 1056 2054 facultates
1078 1983 1230 2050 nascendi
1256 2005 1325 2049 sors
1348 1983 1443 2048 attri-

279 2086 362 2168 buit,
378 2109 519 2175 quasque
535 2087 631 2154 etiam
652 2087 777 2176 pupillo
795 2086 930 2175 litigiosi
944 2087 1004 2153 fori
1023 2085 1185 2153 subtraxit
1206 2085 1441 2172 importunitas,

276 2190 422 2279 jurisque
444 2191 562 2279 injuria
590 2191 761 2280 surripuit;
785 2196 938 2280 prospere
960 2189 1020 2256 fati
1045 2189 1224 2278 iniquitate,
1248 2210 1289 2254 ne
1314 2187 1441 2255 scilicet

279 2294 467 2360 inconsultae
502 2293 638 2360 fortunae
670 2293 786 2382 potius,
823 2316 919 2380 quam
947 2292 1106 2360 laudabili
1133 2291 1269 2359 solertiae
1298 2314 1357 2358 sua
1384 2293 1440 2359 rel

279 2397 412 2464 honeste
432 2396 563 2464 vivendi
584 2397 685 2486 copia,
707 2397 761 2464 rel
783 2398 920 2486 gloriose
940 2395 1158 2466 benefaciendi
1172 2395 1308 2462 bouiltas
1329 2406 1439 2484 posset

280 2503 440 2594 imputari.
486 2503 616 2570 Etenim
638 2526 658 2569 a
680 2504 865 2593 parentibus
886 2503 1088 2571 transmissas
1109 2502 1271 2592 possidere
1295 2501 1437 2585 divitias,

280 2631 367 2697 purae
381 2608 541 2676 felicitatis
556 2616 621 2689 est3
644 2608 804 2696 acquirere
819 2608 893 2688 sibi,
909 2608 1054 2695 perfectae
1068 2606 1192 2672 laudis:
1215 2628 1288 2693 quae
1308 2605 1440 2673 aliunde

280 2712 353 2798 quis
371 2711 534 2800 acceperit,
554 2711 626 2776 aliis
646 2711 808 2798 impertire
822 2711 920 2798 justae
940 2710 1149 2776 restitutionis
1169 2711 1307 2798 speciem
1327 2711 1438 2792 habet3

279 2835 338 2880 suo
361 2825 466 2880 autem
488 2815 596 2879 labore
617 2823 708 2900 parta
727 2814 857 2879 comiter
878 2813 1017 2899 elargiri,
1041 2814 1170 2880 titulum
1190 2815 1302 2881 merito
1317 2838 1383 2903 prae
1403 2839 1439 2882 se

279 2917 361 2982 ferat
385 2915 526 2982 liberalis
551 2915 708 2982 beneficii.
753 2915 932 2982 Maximam
958 2916 1035 2983 iude
1059 2928 1182 3005 partem
1208 2917 1318 3006 gloriae
1343 2941 1437 2985 casus

227 3093 230 3100 Ι
281 3017 437 3105 decerpat,
452 3017 613 3105 integrum
628 3017 704 3082 binc
715 3018 777 3085 sibi
792 3018 894 3084 virtus
908 3018 1080 3107 adjudicet.
1110 3020 1201 3086 Talis
1215 3031 1331 3102 noster,
1343 3023 1438 3090 sortis

281 3134 389 3190 auctor
411 3123 555 3211 proprioe,
579 3145 645 3189 suae
666 3123 795 3189 virtutis
818 3123 929 3204 haeres,
952 3124 1085 3212 privata
1108 3126 1234 3192 soboles
1259 3125 1436 3209 industriae,

281 3251 323 3295 ex
343 3232 526 3314 augurare
540 3227 582 3292 ad
601 3227 722 3317 amplas
742 3250 818 3317 opes
837 3228 954 3310 misus,
970 3230 1013 3296 ab
1027 3230 1143 3296 humili
1161 3241 1247 3298 statu
1265 3231 1300 3296 in
1314 3241 1440 3320 specta·

281 3331 380 3400 bilem
405 3329 539 3418 gradum
564 3341 692 3398 evectus
718 3343 775 3398 est.
825 3331 897 3411 Quo
922 3343 1025 3421 pacto,
1044 3332 1257 3409 sciscitemini,
1278 3336 1438 3422 quibusve

280 3434 380 3502 fretus
400 3433 627 3502 adminiculis?
648 3458 688 3501 an
710 3436 831 3524 rapinis
854 3436 1036 3523 grassando,
1056 3436 1193 3503 fovendo
1214 3437 1296 3520 lites,
1317 3460 1437 3507 merces

280 3538 513 3620 commutando,
532 3539 704 3608 illiberales
727 3550 868 3627 quaestus
889 3539 1089 3607 exercendo?
1116 3540 1207 3606 nullt
1229 3541 1353 3623 barum,
1379 3544 1437 3612 sed

281 3642 540 3724 innocentissime
562 3643 693 3724 ratione,
709 3643 943 3730 probatissimis
965 3643 1096 3722 artibus,
1120 3643 1299 3731 quibusque
1319 3655 1435 3711 natura

280 3749 425 3815 homines
439 3747 481 3812 ad
500 3746 714 3835 propulsanda
727 3747 805 3812 vitre
825 3746 1026 3813 incommoda
1040 3747 1248 3813 sanctissimis
1270 3749 1366 3815 armis
1384 3750 1435 3815 in·

279 3853 406 3932 struxit,
423 3850 581 3938 elegantia
597 3849 729 3937 ingenii,
745 3850 866 3938 linguae
879 3849 988 3931 suada,
1004 3874 1127 3917 morum
1141 3851 1308 3940 probitate.

344 3953 555 4042 Amplissimo
569 3976 682 4041 nempe
697 3951 843 4041 Collegio
861 3953 971 4022 Sancti
985 3953 1156 4035 Johannis,
1175 3954 1272 4042 (quod
1292 3977 1365 4022 cum
1384 3956 1436 4022 iu·

279 4079 426 4124 numeros
448 4057 608 4124 addixerit
629 4057 793 4139 Ecclesiae,
808 4057 984 4145 permultos
1005 4057 1206 4144 Reipublicae
1227 4058 1435 4127 commodarit

279 4161 421 4248 insignes
436 4160 531 4240 viros,
546 4159 681 4242 nullum,
696 4184 774 4244 reor,
793 4160 977 4228 Academiae
991 4160 1144 4227 enutrivit
1157 4160 1317 4229 utiliorem
1332 4161 1437 4228 alum·

278 4263 380 4346 num,)
398 4261 483 4342 huic,
498 4261 639 4348 inquam,
657 4263 753 4330 feraci
772 4263 941 4330 seminario
962 4263 1180 4351 implantatus,
1199 4263 1278 4330 adeo
1300 4264 1435 4333 feliciter

278 4364 427 4448 adolevit,
451 4365 498 4431 its
520 4363 614 4432 bonis
637 4365 759 4432 artibus
784 4368 950 4455 ingenium
974 4366 1126 4450 excoluit,
1152 4367 1262 4457 probis
1289 4367 1433 4434 animum

279 4468 396 4536 imbuit
414 4468 565 4553 moribus,
581 4477 618 4535 ut
632 4491 705 4536 cum
719 4469 802 4536 nulli
821 4493 886 4537 non
904 4480 998 4559 aptus
1018 4470 1151 4553 muneri,
1172 4469 1287 4557 quevis
1307 4493 1435 4557 promo·
