3167 5192
104 429 195 478 uuor.
212 409 281 496 111.]
441 425 628 476 urorroras
650 424 924 475 munausmca.
1214 408 1255 473 (tl

104 595 184 674 uita,
203 593 318 681 quovis
332 593 367 659 iu
381 613 506 680 genere,
521 592 768 680 magnitudines,
790 613 871 680 quas
884 592 934 659 illi
949 593 1072 659 numeri
1087 615 1259 680 represen-

105 706 170 762 taut
182 707 215 762 et
228 697 413 784 exprimant
427 695 581 784 apposite.

164 799 333 866 Instantiae
353 803 449 865 causa
467 807 663 887 proponatur
681 797 837 885 quadrato
855 797 1044 885 quadratum
1067 797 1132 882 (vel
1146 809 1260 884 quarta

105 905 251 992 potestas)
270 903 396 970 numeri
410 903 539 970 ternarii
549 927 558 984 ;
580 903 631 970 vis
651 903 733 969 hanc
753 913 943 991 potestatem
962 903 1108 970 exhiberi
1122 902 1260 970 Geome-

104 1009 199 1074 trice?
244 1007 398 1075 Sumatur
412 1015 575 1092 utcunque
595 1005 782 1092 magnitudo
803 1006 925 1093 quavis
946 1006 1091 1094 (perinde
1108 1005 1204 1073 fuerit
1218 1029 1260 1072 an

105 1111 227 1190 lineam,
250 1107 460 1197 superficiem,
481 1117 537 1174 aut
556 1107 694 1175 solidum
715 1108 863 1196 accipias,
881 1109 927 1192 at)
951 1107 1131 1196 simplicius
1153 1107 1214 1175 erit
1231 1111 1261 1177 si

105 1213 243 1300 capiatur
256 1221 345 1278 recta
359 1209 454 1290 linea,
474 1220 553 1297 puta
566 1211 610 1276 A.
648 1207 756 1297 Hujus
771 1221 878 1276 autem
893 1200 991 1299 tripla
1004 1211 1048 1278 sit
1062 1213 1112 1292 B;
1134 1220 1167 1278 et
1185 1233 1261 1278 con·

105 1318 241 1384 tinuetur
259 1316 344 1382 ratio
358 1313 460 1402 ipsius
474 1315 508 1379 A
523 1313 565 1380 ad
578 1315 613 1379 B
629 1313 675 1379 sie
695 1323 733 1380 ut
753 1322 772 1380 5
787 1326 881 1381 rectae
900 1316 944 1396 A,
959 1316 1000 1396 Β,
1022 1315 1058 1397 0,
1073 1317 1118 1397 D,
1134 1317 1174 1397 E,
1195 1316 1261 1384 sint

106 1421 250 1486 continuo
274 1417 545 1506 proportionales;
568 1417 693 1504 eritque
714 1418 749 1482 Ε
767 1427 854 1484 recta
876 1439 933 1506 per
954 1417 1084 1484 ternarii
1096 1419 1261 1506 ¹quadrato

107 1523 292 1610 quadratum
323 1521 387 1606 (vel
412 1531 558 1609 quartem
585 1523 787 1608 potestatem)
819 1521 1024 1589 denotabilis.
1068 1521 1155 1588 Nam
1177 1522 1205 1588 si
1226 1524 1260 1587 A

107 1626 224 1691 dicatm
243 1634 272 1706 1,
294 1625 410 1705 eritB‚
432 1633 470 1705 ὃς
492 1633 526 1690 et
542 1624 580 1704 0,
602 1632 639 1704 93
662 1625 753 1704 etD‚
774 1629 834 1704 273
857 1625 944 1704 eth]
960 1633 1018 1705 813
1041 1625 1102 1691 hoc
1120 1636 1262 1712 estque·

108 1728 191 1794 drato
214 1727 407 1815 quadratum
432 1727 557 1792 numeri
581 1734 611 1792 3.
657 1725 805 1793 Habetur
828 1727 928 1813 igitur
951 1727 1106 1815 quadrato
1128 1728 1262 1815 quadra-

107 1841 171 1896 tum
191 1831 431 1898 Geometricum
451 1829 576 1896 numeri
591 1837 621 1909 3,
642 1828 695 1896 vel
714 1829 832 1895 lineam
853 1831 892 1910 B,
915 1853 1012 1917 quam
1032 1831 1093 1898 iste
1111 1853 1262 1898 numerus

109 1933 258 2020 designat
308 1930 383 1997 Pari
401 1931 523 1998 ratione
537 1927 674 2018 quilibet
688 1931 920 1999 Arithmeticus
941 1933 1069 2019 gradus,
1089 1934 1142 2000 vel
1161 1933 1264 2021 Alge-

110 2035 194 2102 briea
212 2044 356 2123 potestas
375 2033 576 2102 Geometrice
598 2041 703 2120 potest
728 2035 882 2103 exhiberi.
927 2035 1021 2103 Nihil
1042 2038 1141 2125 igitur
1162 2039 1263 2104 validi

109 2139 264 2206 continent
274 2137 434 2226 ejusmodi
444 2136 618 2204 ratiocinia.
649 2136 780 2204 Possem
792 2139 856 2204 huc
866 2139 992 2206 inhanc
1004 2153 1144 2208 mentem
1152 2141 1262 2229 plura:
1301 2147 1309 2162 ’

110 2242 161 2308 sed
179 2244 275 2330 piget,
295 2251 387 2306 extra
405 2240 557 2321 ordinem,
570 2241 604 2305 in
618 2263 653 2307 re
666 2250 733 2305 tam
748 2240 872 2328 liquida
885 2240 1007 2308 diutius
1021 2243 1192 2311 immorari.

169 2346 263 2426 Quod
282 2367 362 2410 vero
383 2341 600 2431 Philosophus
619 2344 866 2410 Arithmeticam
885 2346 1073 2432 pronunciet
1091 2348 1265 2414 accuratio-

110 2473 172 2516 rem
187 2449 393 2518 Geometrid:
417 2446 463 2513 At
475 2447 539 2535 γὰρ
556 2448 684 2534 (inquit)
705 2448 743 2530 ἐξ
756 2447 937 2514 ἐλαττόνων
950 2447 1181 2537 ἀκριβέστεραι
1200 2454 1266 2517 τῶν

113 2553 146 2617 ἐκ
158 2552 370 2640 προσθέσεως
382 2548 573 2633 λεγομένων,
589 2549 657 2616 οἷον
671 2547 866 2637 ἅριθρητωῆ
881 2550 1103 2637 ιγεωριετρέαςέ·
1126 2551 1173 2617 Et
1187 2552 1265 2618 alibi

113 2655 320 2744 explicatius:
350 2653 394 2718 ‘H
422 2653 458 2737 ἐξ
482 2651 662 2720 ἐλαττόνων
687 2651 866 2738 (ἐπιστήμη
892 2651 1122 2744 ἀκριβεστέρα)
1151 2657 1209 2736 ’τῆς
1229 2655 1267 2720 ἐκ

114 2758 317 2845 προσθέσεως
332 2755 399 2822 οἷον
411 2755 604 2843 γεωμετρίας
619 2753 827 2843 ἅριθροητιιεή·
843 2755 937 2840 Λέγω
952 2754 987 2821 δὲ
1001 2756 1038 2821 ἐκ
1047 2756 1265 2844 προσθέσεως,

114 2860 175 2927 οἷον
195 2859 296 2943 μονὰς
319 2856 416 2924 οὐσία
435 2856 556 2938 ἄθετος,
576 2855 699 2941 στιγμὴ
715 2857 749 2924 δὲ
773 2855 868 2925 οὐσία
883 2857 997 2930 terte.
1041 2858 1088 2924 Et
1112 2881 1184 2926 eum
1209 2885 1267 2928 ex·

115 2985 228 3050 ponens
250 2961 404 3029 Proclus:
431 2959 643 3047 Ἀριθρωρτιιτῆ
665 2959 725 3044 μὲν
747 2959 966 3049 ἀκριβεστέρα
985 2963 1192 3051 peremptae·
1222 2964 1269 3032 Αἱ

115 3065 174 3153 γὰρ
192 3066 313 3148 ἐκείνης
332 3063 434 3153 α’ρχοὶ
452 3067 492 3149 τῇ
510 3061 674 3144 ἁπλότητι
695 3062 892 3152 διαφέρουσι·
936 3064 980 3130 Ἡ
1002 3065 1062 3151 μὲν
1082 3065 1147 3155 γὰρ
1167 3066 1267 3150 μονὰς

118 3167 225 3240 ἄθετός
250 3169 353 3246 ἐστιν,
377 3163 398 3247 ἡ
422 3164 457 3232 δὲ
477 3163 599 3248 στιγμὴ
623 3164 713 3230 θέσιν
739 3163 872 3254 ἔχουσα,
892 3165 947 3232 aeal
970 3165 1072 3257 ἀρχαὶ
1094 3168 1155 3252 μὲν
1180 3171 1266 3234 Γεω-

116 3273 240 3360 μετρίας
273 3269 458 3358 (legendum
488 3265 588 3358 ἀρχὴ)
620 3267 641 3352 ἡ
672 3267 795 3354 στιημὴ
824 3272 1044 3359 προλαβοῦσα
1072 3272 1132 3355 τὴν
1160 3272 1261 3348 θέσιν,

116 3370 321 3459 ἅριθρωητιιιῆς
341 3370 375 3436 δὲ
393 3369 561 3452 vipereis&
585 3370 655 3436 Ista
674 3395 733 3438 nec
748 3372 875 3438 veritati
899 3383 1110 3440 consentanea
1134 3385 1218 3456 sunt,
1233 3386 1267 3442 et

116 3475 328 3542 infirmissimo
347 3473 479 3540 tibicine
498 3473 644 3539 nituntur
664 3473 781 3540 omnia.
827 3463 907 3554 Quae
926 3475 1011 3539 enim
1033 3475 1166 3541 scientia
1180 3477 1267 3543 Geo-

117 3579 223 3645 metria
237 3601 307 3646 esse
322 3577 438 3665 poterit
453 3576 649 3642 accuratior?
693 3575 848 3656 Quanam
868 3577 932 3643 sibi
951 3588 1119 3664 praestruat
1138 3579 1268 3646 eviden-

117 3681 192 3746 tiora
213 3681 266 3748 vel
290 3679 423 3747 certiora
451 3679 556 3766 (addo'
571 3679 624 3744 vel
647 3679 852 3768 simpliciora)
879 3679 1036 3767 principia
1058 3679 1267 3749 Geometricis

118 3782 352 3868 pronunciatis?
394 3781 457 3848 Vel
480 3782 514 3848 in
540 3781 706 3849 eliciendis
735 3781 992 3848 conclusionibus
1020 3783 1088 3848 suis
1113 3783 1267 3870 Logicam

119 3898 256 3954 exerceat
277 3885 476 3965 strictiorem,
497 3895 530 3951 et
548 3884 684 3972 rigidius
702 3884 905 3950 accuratam?
946 3883 995 3952 At
1015 3886 1266 3975 simpliciorem,

121 3988 262 4076 inquiunt
291 3988 480 4082 Aristoteles
514 3999 546 4054 et
575 3987 717 4068 Procles,
747 3988 854 4054 unitas
883 3988 1104 4057 Arithmctioae
1140 3992 1267 4078 (rectius

151 4125 192 4178 ¹1.
205 4128 262 4178 Met.
275 4145 330 4194 cap.
343 4143 366 4179 τ.
443 4124 491 4178 ¹1.
504 4127 578 4177 Διιαέ.
592 4126 657 4176 Post.
671 4141 725 4190 esp.
739 4137 779 4187 27.
855 4124 1073 4178 ⁸Initiosecnndi
1086 4128 1265 4182 Commentarii.

171 4323 299 4380 Answer:
316 4324 493 4395 geometricul
506 4323 700 4380 exhibitiones
713 4323 885 4394 biquadrate.

126 4410 323 4548 futkrpkristotle's
336 4411 445 4480 opiuiou
456 4411 518 4467 that
530 4409 698 4467 drithmetio
708 4409 734 4466 is
744 4425 822 4465 more
833 4412 960 4465 accurate
972 4410 1039 4466 than
1058 4410 1207 4478 Geometry
1224 4423 1267 4463 re
