3167 5192
95 382 180 432 secr.
195 366 288 453 xus]
420 384 608 436 marones
629 384 904 437 semermes„
1173 366 1239 437 339

149 549 266 618 Verum
285 574 353 618 uon
373 552 467 620 eliber
483 552 598 621 melius
612 555 788 623 illustretur
802 556 872 623 haec
890 554 1043 637 definitio,
1062 576 1160 643 quum
1180 576 1238 622 ex·

91 654 188 741 empla
204 656 428 744 preponendo,
448 657 565 745 quibus
579 660 816 728 evidentissime
835 660 1009 728 dilucescat
1029 660 1112 727 hene
1126 660 1237 727 condi·

90 757 198 823 tionem
219 758 335 824 multis
359 766 471 826 revere
492 762 621 848 quantis
643 772 830 851 competere,
856 761 1005 851 quodque
1029 762 1146 850 poterit
1167 760 1237 829 bec

91 860 223 926 definitio
241 860 334 926 fusili
346 862 476 948 negotio
489 863 583 929 rebus
601 864 773 952 appliceri3
796 864 882 953 quod
901 864 944 930 ed
962 864 1157 931 intellectum
1175 864 1237 930 mi·

90 964 167 1030 nime
179 964 330 1046 difficilis,
349 966 393 1032 ud
410 988 505 1033 usum
525 968 604 1035 satis
623 978 772 1058 prompta
790 970 843 1037 sit.
888 968 1058 1037 Ordiemur
1071 970 1113 1037 ub
1127 990 1236 1037 exem-

88 1066 144 1153 plis
156 1068 408 1156 specialioribus.

459 1224 480 1267 t
737 1228 757 1271 Ζ

416 1626 585 1670 ΟΝΠ
657 1624 849 1668 DCBA

147 1808 217 1879 Sint
236 1808 305 1879 duo
323 1809 485 1899 triangula
497 1809 600 1890 ΖΑΒ,
622 1810 726 1875 YMN
740 1830 831 1897 aeque
845 1808 911 1875 alte
929 1809 993 1896 (vel
1008 1808 1090 1877 inter
1108 1807 1234 1878 eusdem

91 1914 244 1999 parallelus
258 1915 445 1999 constitute)
459 1936 553 2003 super
562 1912 657 1980 bases
670 1912 744 1994 ΑΒ,
759 1912 840 1980 ΜΝ.
878 1912 1048 1981 Habentur
1061 1914 1168 2002 itaque
1181 1914 1233 1981 bis

93 2012 145 2080 duo
158 2028 296 2104 quanta3
316 2016 378 2083 duo
392 2040 507 2105 nempe
519 2014 647 2102 trigona
664 2014 765 2095 ΖΑΒ,
788 2014 893 2080 ΥΜΝ
906 2026 938 2081 et
955 2014 1027 2083 duae
1046 2016 1138 2083 besee
1158 2016 1233 2099 AB,

94 2116 167 2200 ms}
199 2120 320 2208 quibus
350 2142 454 2187 assero
479 2117 672 2185 definitionis
700 2130 817 2184 nostroe
846 2118 1059 2185 conditionem
1083 2118 1233 2186 accidere.

95 2216 167 2286 llam
178 2234 342 2310 utcunque
360 2244 419 2311 pro
434 2221 541 2287 lubitu
559 2242 648 2307 eque
668 2220 921 2308 multiplicentur
936 2220 1153 2288 antecedentes
1171 2230 1234 2287 ter-

94 2322 171 2404 mini,
189 2324 387 2413 triangulum
407 2324 501 2390 ZAB
516 2325 647 2412 ejusque
664 2323 752 2390 basis
770 2323 844 2404 ΑΒ,
862 2324 958 2411 juxte
974 2346 1140 2389 numerum
1155 2333 1234 2411 pute

95 2428 263 2510 ternarium,
281 2425 474 2494 adsumendo
493 2436 594 2493 rectus
613 2425 684 2506 ΒΟ,
710 2424 770 2491 OD
789 2424 926 2511 aequeles
946 2424 1007 2513 ipsi
1025 2424 1098 2505 AB,
1117 2423 1236 2490 ducen-

95 2524 187 2615 doque
212 2540 315 2598 rectas
345 2530 413 2611 ΖΟ,
443 2530 504 2597 ΖΙ)
539 2528 651 2616 (liquet
680 2526 766 2594 enim
795 2528 837 2592 ob
867 2526 1080 2613 aequalitatem
1108 2526 1235 2593 basium

96 2629 159 2712 AB,
174 2632 241 2716 Bu,
264 2634 326 2701 01>
338 2632 434 2700 etiam
448 2630 609 2718 triangula
625 2630 725 2710 ZAB,
741 2629 840 2709 ΖΒΘ,
856 2628 889 2693 Z
890 2628 949 2695 01)
963 2626 1105 2716 aequeri).
1151 2626 1235 2694 Item

98 2730 132 2796 ud
169 2736 333 2803 arbitrium
377 2732 719 2821 equemultiplieentur
760 2740 997 2818 consequentes,
1039 2731 1234 2818 triangulum

104 2833 197 2917 YMN,
216 2838 348 2925 ejusque
366 2836 453 2903 basis
467 2835 547 2916 MN,
563 2844 642 2925 putu
658 2856 715 2923 per
734 2833 902 2915 binarium,
919 2833 1100 2922 accipiendo
1117 2844 1234 2900 rectem

100 2934 131 2998 N
131 2938 279 3021 O=MN,
301 2950 335 3007 et
355 2937 568 3006 connectendo
588 2946 707 3003 rectam
734 2936 769 3002 Y
768 2936 805 3004 0.
850 2932 927 3003 Jem
949 2958 991 3003 ex
1013 2936 1235 3004 demonstratis

100 3034 286 3109 inelemento
299 3042 403 3130 primo
416 3040 601 3131 planissime
620 3039 729 3127 liquet,
751 3039 837 3127 quod
856 3038 885 3105 si
904 3040 1118 3107 antecedentis
1136 3042 1235 3107 trian-

102 3139 158 3223 guli
172 3144 286 3234 triplex
308 3144 403 3210 ZAD
423 3150 549 3231 superet
570 3142 790 3230 consequentis
811 3140 965 3229 trianguli
984 3141 1105 3231 duplex
1126 3143 1234 3226 YMO,

102 3242 182 3311 etism
197 3246 408 3315 antecedentis
422 3246 509 3314 basis
528 3245 625 3334 tripla
641 3245 710 3311 AD
728 3245 890 3334 superabit
908 3248 1129 3335 consequentis
1148 3250 1235 3316 basis

103 3342 216 3434 duplum
236 3350 325 3433 M03
348 3351 376 3417 si
399 3350 540 3417 defectus
559 3350 602 3415 sit
620 3350 724 3431 isthic,
748 3350 846 3417 etiam
868 3350 921 3415 htc
943 3350 1083 3417 defectus
1105 3352 1184 3430 erit3
1206 3352 1235 3418 si

103 3446 183 3517 isthic
201 3453 373 3543 equalitas,
391 3454 489 3520 etiam
510 3462 543 3519 et
563 3452 616 3518 hle
637 3452 802 3541 equalitas
824 3452 1003 3539 reperietur.
1049 3451 1137 3537 Ergo
1157 3474 1236 3541 que-

104 3558 163 3619 tuor
173 3554 238 3624 hec
253 3567 372 3646 quanta
386 3556 597 3624 conditionem
613 3555 759 3622 obtinent
777 3553 813 3619 in
827 3554 888 3619 hec
902 3553 1085 3620 definitione
1099 3554 1235 3643 requisi-

104 3661 174 3739 tam3
194 3684 251 3727 nec
268 3660 302 3728 id
321 3683 364 3729 ex
381 3659 564 3727 inductione
583 3659 745 3748 qutpiam,
768 3666 879 3725 estex
896 3656 1069 3724 universali
1090 3656 1234 3727 discursu

106 3754 267 3831 abenton
321 3760 329 3775 '

156 3862 282 3949 Rursus,
301 3867 344 3935 sit
363 3866 498 3935 circulus
517 3866 608 3956 cujus
630 3874 772 3934 centrum
792 3864 829 3947 Ζ,
850 3874 883 3933 et
903 3865 944 3932 ed
962 3872 1104 3965 centrum
1124 3864 1234 3951 anguli

106 3960 157 4031 duo
174 3970 268 4053 ΑΖΒ,
289 3972 396 4053 ΜΖΝ,
418 3972 602 4039 insistentes
623 3968 759 4037 arcubus
782 3970 857 4051 AB,
884 3970 972 4037 MN:
1003 3970 1234 4039 ostendendum

106 4077 146 4131 et
156 4068 339 4142 definitionis
353 4075 485 4163 hujusce
499 4072 711 4141 conditionem
726 4072 823 4139 etiem
838 4072 909 4139 istis
924 4074 1091 4141 convenire
1106 4072 1234 4163 ungulis

99 4172 133 4234 'tt
143 4176 275 4247 arcubus.
318 4175 470 4250 Sumatur
483 4184 574 4245 arctis
588 4177 655 4243 AB
666 4175 949 4266 quomodocunque
963 4177 1139 4267 multiplus,
1157 4186 1236 4267 puta

150 4504 207 4566 TW
216 4513 345 4589 meles
354 4518 386 4575 ol
394 4519 474 4590 equal
485 4516 618 4577 altitudes
628 4534 677 4575 ere
688 4514 875 4590 proportionul
886 4520 916 4573 to
928 4516 1001 4575 their
1012 4516 1100 4575 beses.
