3167 5192
104 379 200 430 naor.
218 363 291 446 rra]
445 379 631 430 saoneres
655 379 927 429 narnauarrcru.
1220 365 1263 428 59

100 545 230 633 triplam
251 546 331 633 ejus.
376 544 422 612 Et
440 545 533 612 radis
553 555 665 634 quarta
680 541 751 633 ⁰(vel
771 545 926 633 quadrato
945 545 1139 634 quadratica,
1164 569 1260 634 quam

99 647 158 712 etsi
179 647 293 712 minus
313 646 476 714 commode
498 647 601 712 solent
622 647 794 736 appellare)
819 647 943 712 numeri
963 655 993 727 5,
1015 647 1177 734 significat
1195 648 1261 734 pri·

100 773 183 814 mam
203 773 248 818 ex
270 750 374 818 tribus
393 749 506 816 mediis
525 750 816 838 proportionalibus
836 750 920 824 inter
933 751 1081 837 quamvis
1099 751 1261 838 magnitu-

100 851 205 918 dinem
220 861 255 920 et
271 852 474 941 quintuplam
490 851 568 939 ejus,
584 861 617 918 et
632 852 677 920 sic
691 852 810 940 pariter
823 852 863 918 de
877 851 1009 918 caeteris.

162 953 260 1034 Quod
275 977 352 1022 vero
366 965 488 1042 spectat
507 955 547 1020 ad
567 953 678 1022 surdos
697 954 792 1020 hosce
810 977 958 1022 numeros
980 957 1072 1043 (quos
1086 965 1119 1020 et
1132 956 1260 1022 irratio·

100 1055 192 1136 mles,
217 1056 406 1144 inffabilcs,
427 1054 624 1144 irregulares,
645 1055 890 1146 inexplicabiles,
908 1055 997 1122 nullo
1011 1079 1069 1122 suo
1083 1057 1205 1137 meritc,
1225 1067 1258 1123 et

99 1159 188 1244 quasi
213 1183 274 1247 per
296 1159 476 1226 convicium
499 1169 594 1246 atque
617 1159 810 1226 calumniam
838 1159 1038 1247 appellitant)
1070 1160 1143 1225 illos
1172 1183 1257 1226 eom·

99 1260 203 1347 plnres
218 1261 349 1349 proprie
367 1283 515 1328 numeros
535 1283 604 1327 esse
623 1271 751 1348 negant,
772 1272 806 1327 et
824 1262 866 1327 ab
886 1261 1100 1328 Arithmetica
1118 1262 1256 1328 seclusos

100 1364 138 1428 sd
161 1365 270 1446 aliam,
300 1367 383 1452 (quac
408 1375 516 1429 tamen
539 1363 629 1428 nulla
650 1363 710 1446 est)
736 1364 911 1445 scientiam,
935 1363 1112 1451 Algebram
1131 1388 1255 1454 nempe,

33 1511 36 1522 ·
101 1468 200 1534 solent
214 1469 377 1556 ablegare.
422 1467 494 1547 Quo
508 1477 601 1554 pacto
616 1489 705 1534 suam
721 1467 967 1533 Arithmeticam
986 1469 1127 1535 membro
1146 1469 1257 1536 demu-

100 1569 190 1635 tilant
204 1571 417 1658 amplissimo,
426 1582 459 1638 et
473 1570 658 1650 utilissimo;
678 1571 806 1659 (saepius
821 1571 916 1652 enim,
928 1570 1005 1637 dum
1021 1571 1258 1658 magnitudines

101 1674 255 1756 metimur,
280 1684 316 1742 et
339 1674 422 1740 inter
445 1695 480 1741 se
505 1695 733 1761 comparamus,
758 1674 801 1739 ad
825 1673 921 1740 hosce
946 1673 1067 1755 surdos,
1093 1697 1189 1763 quam
1215 1678 1257 1744 ad

101 1776 266 1844 rationales
286 1800 370 1866 quos
390 1785 504 1843 vocant
523 1798 670 1842 numeros
690 1776 901 1862 computando
918 1777 1126 1862 devenimus.)
1172 1777 1257 1846 Mihi

101 1901 171 1945 vcro
185 1881 322 1948 minime
339 1880 472 1946 dubium
487 1888 544 1960 est,
565 1877 644 1966 quin
664 1878 698 1943 hi
719 1876 842 1944 numeri
860 1878 930 1965 pari
944 1878 1019 1964 jure
1040 1879 1164 1946 numeri
1183 1905 1256 1948 cen-

102 1980 187 2046 sendi
211 1982 288 2063 sint,
317 1991 349 2048 et
371 2003 459 2068 seque
482 1989 625 2068 spectent
648 1979 690 2046 ad
716 2003 917 2046 numerorum
941 1981 1115 2063 scientiam,
1140 2007 1177 2048 ac
1199 1984 1257 2051 alii

102 2086 202 2169 quivis
216 2085 338 2172 integri
353 2084 405 2151 vel
420 2084 529 2164 fracti3
553 2105 652 2170 quum
673 2082 789 2170 pariter
811 2082 879 2169 apti
898 2082 972 2164 sint,
988 2094 1021 2149 et
1038 2082 1135 2171 juxta
1149 2109 1257 2154 neces·

103 2190 172 2254 sarii
197 2190 478 2279 magnitudinibus
502 2186 728 2276 exprimendis,
752 2186 982 2274 comparandis,
1009 2187 1257 2259 determinandis

107 2292 147 2374 (in
161 2316 222 2380 quo
242 2305 316 2360 tota
330 2291 452 2357 numeri
471 2291 563 2370 ratio,
585 2289 645 2369 vis,
668 2310 744 2354 usus
766 2288 954 2370 consistunt,
974 2300 1012 2354 ut
1031 2291 1124 2357 toties
1143 2315 1256 2361 monu-

105 2394 192 2479 imus)
215 2406 248 2464 et
267 2419 345 2462 eum
360 2395 451 2460 nulla
470 2394 512 2460 sit
532 2391 688 2480 generalis
708 2391 833 2456 numeri
846 2391 1031 2478 proprietas,
1046 2405 1103 2459 aut
1116 2398 1257 2482 operatio

104 2501 233 2566 numeris
254 2498 448 2566 conveniens
468 2495 600 2582 integris
618 2494 670 2562 vel
690 2493 808 2574 fractis,
830 2517 901 2580 quae
919 2504 1031 2560 etuon
1050 2495 1148 2562 ethis
1168 2522 1258 2585 arque

106 2614 257 2690 congruat.
306 2601 394 2670 Nam
414 2623 441 2668 c.
454 2623 486 2687 g.
510 2622 600 2687 aeque
619 2597 710 2686 capio
725 2597 804 2684 quid
824 2596 982 2682 significet
995 2597 1089 2664 radix
1104 2599 1259 2685 quadrata

106 2703 193 2770 trium
208 2706 368 2786 ulnarum,
380 2727 418 2769 ac
432 2703 511 2789 quid
524 2701 676 2767 denotant
690 2710 754 2766 tres
769 2697 864 2779 ulnae,
875 2699 962 2786 vell
978 2699 1072 2766 ulnae.
1109 2701 1155 2767 Et
1169 2701 1258 2769 illam

107 2808 223 2890 pariter,
241 2831 283 2874 ex
298 2807 335 2872 vi
350 2803 591 2892 significationis
605 2825 681 2884 suae,
702 2825 739 2867 ac
754 2801 812 2867 has
827 2801 932 2889 reipsa
946 2809 1075 2890 possum
1094 2805 1256 2874 exhibere.

109 2905 185 2974 Nam
201 2914 370 2998 assumpti
383 2913 468 2976 mett
482 2909 526 2988 A,
546 2929 618 2994 quae
638 2914 780 2992 aequetur
801 2905 859 2970 uni
877 2905 973 2986 ulna,
988 2916 1021 2973 et
1035 2906 1135 2974 altera
1147 2911 1182 2975 B
1194 2920 1258 2976 tres

110 3008 192 3077 unsa
206 3021 406 3101 exaequante,
419 3011 611 3096 inventaque
626 3007 708 3074 inter
720 3006 779 3072 has
794 3006 900 3074 medii
913 3009 1151 3096 proportionali,
1162 3012 1258 3080 modo

110 3111 339 3182 inGconetria
359 3121 612 3193 commonstrato,
636 3111 696 3178 erit
716 3111 785 3178 haec
807 3112 936 3177 inventa
957 3125 1042 3180 reeta
1061 3138 1133 3202 quae
1152 3115 1260 3204 desig-

113 3228 198 3282 natur
211 3218 317 3284 radice
333 3217 486 3304 quadrata
499 3216 596 3282 trium
611 3214 767 3280 ulnarum.
813 3213 954 3282 Possunt
967 3225 999 3283 et
1014 3218 1049 3314 hi
1063 3220 1197 3295 numeri,
1216 3243 1259 3287 ex

52 3401 56 3412 Ι
111 3321 346 3388 certissimamm
369 3319 549 3408 regularum
571 3319 762 3407 praescripto,
786 3317 849 3384 sibi
868 3329 979 3386 mutuo
1000 3321 1106 3409 adjici,
1129 3334 1163 3390 et
1180 3324 1259 3392 sub·

113 3423 203 3506 trahi3
224 3425 297 3492 daci
313 3425 348 3490 in
363 3446 415 3503 se;
439 3423 501 3488 sibi
516 3420 670 3510 applicari
687 3421 752 3506 (vel
765 3445 786 3487 a
801 3421 987 3488 seinvicem
1001 3422 1116 3507 dividi)
1133 3436 1166 3490 et
1180 3449 1259 3512 quo·

114 3545 224 3614 cunque
244 3527 341 3594 modo
366 3525 542 3615 supputari,
560 3523 743 3605 mensurari,
764 3523 983 3612 proportiones
1004 3525 1262 3611 magnitudinum

114 3630 284 3714 exprimere,
307 3639 367 3696 ate.
413 3628 518 3709 Quare
538 3627 629 3694 nulla
648 3638 697 3694 cst
711 3627 791 3694 ratio
807 3649 863 3692 cur
880 3649 938 3714 pro
958 3627 1099 3693 numeris
1118 3627 1260 3698 habendi

116 3750 170 3795 non
183 3733 255 3814 sint,
270 3743 328 3799 aut
340 3755 382 3798 ex
396 3729 611 3799 Arithmetice
624 3729 761 3796 debeant
775 3728 943 3796 eliminari.

171 3835 267 3922 Atqui
284 3835 362 3903 satis
377 3834 546 3900 ostendunt
559 3833 594 3898 hi
609 3832 733 3899 numeri
757 3833 847 3918 (quos
862 3830 994 3919 proinde
1009 3851 1074 3896 non
1088 3831 1260 3920 incongrue

124 3933 310 4006 Gemnetricoa
333 3936 474 4026 appellat
504 3935 667 4020 Stevinus)
694 3945 862 4001 numerum
885 3956 906 3999 a
930 3933 1152 4021 magnitudine
1176 3937 1260 4006 nihil

120 4032 228 4106 &fferre
244 4041 364 4131 reipsd3
388 4062 467 4127 quos
482 4049 564 4106 certe
579 4061 637 4104 nec
656 4038 727 4126 ipsi
746 4047 852 4103 mente
874 4046 985 4124 putem
1006 4039 1147 4104 abstrahi
1166 4062 1260 4129 posse

122 4139 156 4205 ab
168 4147 247 4212 omni
261 4147 490 4236 magnitudine.
536 4145 622 4226 Quid
641 4144 726 4211 enirn
741 4144 898 4211 abstracte
913 4143 1072 4233 significet
1086 4147 1160 4225 42?
1205 4147 1259 4216 An

183 4395 322 4456 lrraticnal
335 4401 465 4456 numbers
477 4417 524 4456 are
536 4399 675 4457 numbers.

184 4483 303 4541 Stcrinus
316 4487 381 4542 calls
393 4487 468 4542 them
481 4486 656 4555 geometrica!
669 4485 807 4541 numbers.
