3167 5192
346 408 411 473 278
688 421 874 473 nsmuosus
897 420 1172 471 nxuuuuumcu.
1297 400 1397 487 [nucu.
1411 416 1483 465 xuu.

346 591 549 660 Geometrice
562 591 750 659 declaratur.
795 590 881 657 Num
897 592 995 681 juxte
1012 614 1072 658 nos
1089 591 1257 683 peragitur
1276 588 1370 656 isthic
1387 587 1485 677 duplex

347 695 526 778 subductio,
542 697 626 764 siout
645 696 699 762 hle
717 695 838 785 duplex
858 694 992 761 divisior
1019 695 1211 762 subducitur
1232 692 1338 759 isthuc
1358 692 1485 757 termine

346 800 450 887 major
463 822 484 865 e
496 798 619 867 minore
637 802 720 888 (ques
734 800 891 888 impropie
910 810 959 866 est
978 800 1160 885 subductio)
1181 798 1268 864 sicut
1287 796 1339 863 hle
1358 794 1485 861 dividitur

346 904 451 970 minor
469 904 624 970 terminus
637 927 659 969 u
671 904 791 991 majore
814 906 898 993 (quae
918 904 1091 993 impropria
1110 912 1159 971 est
1178 902 1323 987 divisio).
1366 896 1486 983 Emergit

344 1007 453 1074 isthuc
466 1007 629 1075 residuum
646 1008 749 1073 nihilo
768 1007 886 1089 minus,
903 1009 985 1074 sicut
1005 1008 1059 1074 hic
1077 1008 1229 1097 quotiens
1248 1004 1369 1070 uuitete
1385 1002 1485 1079 miuor;

345 1109 425 1177 illuc
438 1132 482 1177 ex
501 1110 721 1199 consequentis
739 1119 772 1177 et
790 1111 911 1177 residui
929 1110 1090 1177 additione
1110 1132 1237 1197 semper
1256 1108 1295 1173 fit
1314 1102 1485 1183 antecedens,

345 1214 441 1301 plene
458 1213 541 1279 sicut
559 1213 613 1279 hic
629 1236 671 1280 ex
687 1214 909 1301 consequentis
923 1223 956 1279 et
970 1213 1143 1301 quotientis
1158 1208 1419 1299 multiplicatione
1430 1228 1485 1295 pro·

344 1326 468 1382 creetur
492 1316 699 1397 antecedens3
729 1317 776 1382 ite
802 1316 933 1405 pulchre
956 1326 1136 1404 congruunt
1159 1314 1289 1382 omnis:
1320 1308 1484 1379 commodior

344 1419 445 1507 igitur
457 1430 507 1485 eet
520 1418 574 1484 hic
588 1418 702 1485 modus
716 1420 825 1500 altero,
837 1418 935 1508 juxte
948 1442 1044 1507 quem
1058 1418 1096 1485 fit
1110 1429 1239 1485 tuntum
1253 1440 1319 1483 nne
1332 1412 1483 1491 subductio,

343 1522 524 1589 differentia
544 1532 668 1589 tuntum
692 1533 740 1589 est
761 1524 915 1591 unimode
940 1524 1077 1612 (semper
1105 1522 1254 1609 intelligo
1280 1516 1421 1609 positive)
1440 1534 1483 1579 seu

344 1627 447 1715 major
460 1626 572 1707 nihilo,
588 1649 646 1694 nec
660 1626 782 1715 relique
796 1627 910 1715 quovis
924 1638 1018 1715 pecto
1032 1627 1114 1693 bene
1129 1624 1343 1693 consentiunt.

412 1728 569 1810 Secundo,
584 1730 619 1794 in
640 1752 675 1796 se
696 1751 822 1817 quoque
844 1729 946 1795 verior
967 1739 1025 1809 est,
1046 1738 1079 1795 et
1100 1728 1273 1816 ipsissimee
1295 1720 1403 1790 ustioni
1422 1738 1482 1783 con·

344 1832 523 1898 venientior
547 1831 600 1897 hic
625 1832 737 1898 modus
762 1832 901 1899 rationes
926 1830 1156 1897 Arithmetices
1183 1850 1241 1918 per
1264 1822 1480 1893 subductionem

344 1934 537 2021 explicandi.
581 1936 690 2014 Quum
704 1934 789 2000 euim
805 1934 1017 2022 comparando
1031 1934 1094 2001 duo
1114 1943 1238 2022 quantu
1256 1926 1416 2017 ineeqnelie
1430 1933 1478 1987 ter·

344 2036 503 2103 minorum
517 2036 721 2126 transpositio
734 2038 896 2125 duplicem
910 2037 1024 2103 efficiat
1046 2036 1175 2126 σχέσιν,
1202 2038 1278 2121 (uon
1293 2032 1373 2099 euim
1386 2026 1476 2095 eodem

344 2141 440 2209 modo
453 2140 585 2208 refertur
599 2140 700 2227 major
719 2142 874 2207 terminus
893 2140 935 2207 ad
954 2140 1118 2221 minorem,
1133 2164 1198 2229 quo
1219 2139 1321 2205 minor
1339 2134 1377 2200 ed
1394 2131 1476 2215 mejo-

343 2244 434 2328 rem,)
462 2266 519 2332 per
543 2244 671 2310 unicam
700 2244 921 2326 differentiam,
945 2243 1077 2310 minoris
1102 2266 1120 2309 e
1144 2244 1266 2332 majore
1290 2232 1477 2307 subductione,

344 2346 533 2435 muisitem
548 2346 600 2412 vel
615 2346 788 2427 inventam,
803 2345 855 2412 hee
869 2336 942 2413 duee
962 2346 1100 2413 rationes
1117 2368 1182 2412 uon
1204 2342 1394 2433 explicentur
1408 2340 1476 2399 recte

344 2461 378 2517 et
405 2474 448 2517 ex
477 2472 549 2516 usu.
593 2449 728 2518 Praestat
753 2472 807 2516 ees
831 2450 955 2517 duabus
981 2450 1169 2517 differentiis
1193 2449 1372 2539 exprimere,
1393 2435 1476 2503 ultert
1530 2518 1531 2523 ἵ

344 2554 486 2644 positivt
513 2576 689 2636 excessum,
720 2553 820 2621 altert
848 2554 1000 2642 negotist
1027 2554 1186 2622 defectum
1218 2552 1378 2620 indicante.
1413 2534 1474 2605 Nou
1530 2552 1531 2563 ¹

344 2657 430 2725 idem
453 2667 502 2725 est
521 2656 653 2724 deficere
672 2657 758 2746 quod
777 2657 938 2740 excedere,
962 2678 1027 2724 non
1045 2656 1145 2745 igitur
1165 2657 1280 2725 codem
1298 2652 1382 2737 signo
1397 2642 1473 2709 (101ὶο·

347 2760 440 2825 tendi
453 2769 529 2826 sunt
543 2781 692 2827 excessus
706 2769 738 2826 et
753 2758 904 2826 deiectus.

409 2860 483 2929 Hoc
495 2884 595 2949 quum
614 2885 679 2929 uon
697 2863 901 2929 observarent
917 2860 1029 2950 aliqui,
1043 2861 1166 2929 nullom
1181 2860 1253 2928 deri
1266 2850 1366 2948 quood
1379 2848 1469 2931 ΜΟ·
1529 2942 1530 2953 ἶ

342 2963 404 3052 ράν
425 2974 614 3051 quantorum
635 2966 755 3055 σχέσιν
774 2975 993 3047 asseruemut3
1017 2966 1167 3055 quonium
1189 2967 1219 3033 ei
1241 2965 1360 3032 daretur
1378 2950 1469 3036 *ΠΨ
1529 2980 1530 3034 l

343 3065 464 3155 duplex
478 3088 546 3133 esse
561 3067 722 3150 debuerit3
743 3078 777 3135 et
791 3069 969 3136 differentis
982 3068 1122 3157 positive
1136 3068 1275 3159 simplex
1289 3072 1335 3133 eet
1348 3068 1376 3128 et
1387 3051 1469 3121 1111ῐῶ

226 3173 228 3176 ’
342 3169 558 3237 Nicomochus
592 3172 626 3237 iu
661 3170 851 3239 Euchiridio
887 3172 1107 3255 Hermoniees,
1138 3174 1258 3247 Κακῶς
1287 3167 1347 3255 γὰρ
1376 3158 1470 3227 olm

343 3272 501 3363 suppus
522 3272 577 3339 ee
598 3273 718 3363 σχέσιν
737 3273 776 3341 ee
798 3272 876 3341 aee
898 3273 990 3342 ew
1012 3273 1080 3342 eoo
1100 3275 1164 3364 pe,
1183 3284 1228 3343 ee
1248 3274 1303 3343 eoo
1322 3250 1471 3375 πρὸσὸξν

342 3373 501 3464 διαφορὰν
520 3375 580 3459 μὲν
600 3374 670 3466 ἔχει
690 3375 750 3461 τὴν
769 3376 879 3461 αὐτὴν,
902 3375 943 3460 ἢν
956 3376 990 3443 ἓν
1007 3378 1089 3466 πρὸς
1108 3376 1172 3459 δύο,
1197 3380 1314 3469 σχέσιν
1331 3369 1362 3437 δὲ
1378 3361 1409 3432 οὗ
1425 3378 1469 3439 W
1528 3460 1529 3463 Ἴ

342 3477 455 3563 αὐτήν·
484 3480 570 3546 Male
588 3482 759 3569 minantur
778 3483 838 3571 qui
852 3481 1061 3569 deiformium
1079 3496 1108 3550 et
1126 3482 1306 3551 repeterem
1316 3495 1373 3569 pro
1389 3463 1468 3534 W
1528 3464 1529 3492 l

341 3582 471 3650 setene:
485 3607 548 3651 eece
561 3586 644 3651 enim
658 3584 720 3651 duo
734 3585 779 3651 ad
790 3608 889 3651 uuum
902 3585 1113 3671 de'ffereute‘am
1127 3587 1240 3653 debent
1254 3581 1380 3657 eandm,
1393 3584 1468 3660 lm

341 3710 441 3755 unum
455 3689 501 3755 ad
512 3690 584 3771 duo,
598 3689 655 3757 sed
667 3690 847 3779 neutiquam
860 3688 989 3756 eandem
1002 3689 1193 3758 relationem.

362 3781 364 3786 ¹
409 3790 495 3859 Setis
509 3802 737 3881 consequenter
750 3792 856 3879 arguit
870 3815 912 3859 ex
926 3793 1028 3860 unicae
1045 3792 1231 3861 differentiee
1252 3776 1423 3883 hypothesi3
1440 3776 1466 3834 ⁸¹

341 3898 428 3966 enim
447 3899 622 3989 respondeo
641 3897 728 3987 quod
746 3897 925 3965 differentia
943 3898 1026 3965 iuter
1046 3900 1064 3965 1
1086 3908 1118 3965 et
1137 3908 1156 3965 2
1172 3882 1464 3979 sit-1,signifie11⁸

344 4008 393 4066 le
404 4010 424 4067 t
435 4000 567 4070 deficere
576 4024 661 4084 uno;
679 3986 859 4069 differentia
869 4022 944 4069 uero
959 3998 1041 4067 inter
1056 4010 1074 4065 2
1089 4009 1122 4067 et
1138 4010 1153 4068 l
1170 4013 1220 4069 est
1231 4017 1260 4077 ψ
1273 4010 1299 4085 1,
1314 3984 1464 4082 significent

342 4111 524 4191 teuperure
539 4112 555 4170 1
572 4104 642 4194 ipso
660 4111 688 4173 1.

407 4203 515 4287 Quum
533 4206 633 4294 igitur
646 4204 767 4297 duplex
786 4205 830 4273 sit
847 4204 1035 4288 differentia,
1055 4203 1104 4272 nil
1123 4206 1229 4275 obstet
1247 4204 1322 4297 quin
1339 4194 1394 4265 siut
1410 4182 1463 4251 dut

394 4505 428 4573 (2)
466 4502 547 4561 More
563 4508 635 4563 eme.
