3167 5192
159 387 256 439 nuce.
270 371 324 458 11.]
437 387 624 439 rumonus
644 387 886 440 emundemur.
1159 373 1222 442 175

158 563 247 626 recta
260 579 386 646 quoque
396 557 589 646 jungentem
604 557 755 646 quoniam
766 567 860 626 reotae
875 559 939 624 ΕΒ
951 557 1081 628 sibimet
1096 579 1223 648 aeqnan-

161 673 214 729 tur
231 664 361 751 (etenim
375 663 423 727 nil
434 663 523 730 aliud
537 672 622 744 sunt,
640 686 738 751 qnam
753 663 863 730 eadem
878 663 950 752 ipsa
963 663 1049 730 linea
1062 664 1221 730 diversum
1237 683 1295 748 Εἰς.
1309 693 1332 746 ⁵·

161 768 259 834 situm
282 767 442 850 obtinens)
468 789 506 832 ac
528 766 689 854 parallelae
715 767 890 833 secundum
914 768 1105 856 hypothesin,
1131 779 1225 835 emet

161 881 256 936 rectae
279 870 350 950 ΕΕ,
370 871 433 934 ΒΒ
452 869 591 956 aequales
614 892 650 934 ac
669 869 841 957 parallelae.
886 866 985 936 Unde
1003 880 1091 957 patet
1111 893 1225 937 curvas

161 975 233 1055 EE,
257 976 321 1040 RB
341 973 500 1060 adequari
519 973 658 1054 sibimet,
677 984 711 1040 et
729 973 909 1039 assimilari.
954 973 1130 1061 Adsequari
1148 977 1226 1064 quia

162 1080 323 1144 subtensae
344 1101 454 1143 omnes
473 1078 543 1158 En,
567 1077 729 1142 subtensis
744 1078 808 1142 BB
827 1075 1016 1164 singillatim
1038 1089 1205 1165 aequantur
1215 1103 1224 1161 ;

163 1182 342 1263 assimilari,
366 1181 444 1268 quia
465 1191 558 1248 rectae
572 1181 639 1247 AB
661 1204 734 1247 cum
757 1182 918 1248 subtensis
937 1181 1154 1269 adjacentibus
1176 1206 1226 1249 re·

163 1285 315 1372 spectivis
338 1284 410 1363 EE,
435 1292 468 1349 et
492 1284 556 1348 BB
576 1305 668 1370 pares
690 1283 826 1369 angulos
852 1283 1057 1364 constituunt,
1085 1284 1225 1371 adeoque

162 1399 257 1455 rectae
279 1387 357 1475 ipsae
376 1388 442 1452 ΕΕ
458 1409 549 1476 pares
571 1386 622 1466 iis,
645 1408 726 1473 qnos
746 1395 841 1452 rectae
858 1387 922 1452 BB
928 1411 936 1466 3
961 1386 1039 1475 ipsae
1061 1386 1126 1452 illm
1152 1411 1225 1453 cum

164 1491 289 1579 seipsis,
309 1501 341 1556 et
356 1491 406 1556 hae
421 1513 494 1556 cnm
510 1489 624 1577 seipsis
642 1491 729 1574 (nam
748 1489 783 1554 in
806 1489 990 1576 hujusmodi
1008 1490 1227 1579 proportiona-

164 1595 255 1662 litate
268 1595 417 1683 partium,
440 1604 472 1659 et
487 1593 675 1681 angulorum
693 1592 883 1681 aequalitate,
905 1594 987 1660 sicut
1002 1594 1079 1661 alibi
1094 1595 1226 1660 fortasse

163 1696 357 1762 luculentius
378 1705 412 1761 et
430 1694 532 1760 insius
550 1694 749 1774 disseremus,
770 1694 874 1760 omnis
895 1694 1040 1762 consistit
1059 1693 1226 1778 linearum,

165 1807 199 1865 et
213 1818 472 1885 quarumcunque
486 1796 744 1882 magnitudinum
760 1796 962 1882 similitudo).

231 1900 326 1980 Quod
355 1900 383 1965 si
411 1900 482 1964 vice
507 1905 702 1964 commutata
731 1898 816 1964 linea
845 1921 942 1966 curva
969 1899 1035 1966 Bo
1060 1899 1117 1964 fiat
1142 1899 1228 1966 linea

172 2004 332 2080 caere,
347 2011 381 2068 et
395 2012 481 2067 recta
494 2001 557 2065 BA
574 2001 748 2082 Directrt‘c,
764 2001 825 2067 hoc
839 2012 888 2068 est
906 2002 934 2067 si
944 2001 1009 2068 Bo
1019 2025 1075 2090 per
1086 2003 1149 2067 BA
1165 2003 1227 2069 sibi

164 2107 319 2195 parallelo
346 2105 475 2186 feratur,
505 2104 699 2193 producetur
729 2104 840 2170 eadem
870 2105 1031 2192 ipsissima
1061 2105 1227 2193 parallelo·
1239 2103 1296 2168 mg.
1308 2099 1334 2156 ⁶·

166 2234 312 2298 gramma
334 2208 542 2297 Superficies3
572 2216 606 2272 et
630 2207 759 2293 singula
780 2219 874 2274 rectae
897 2209 961 2274 Bo
978 2220 1104 2296 puncta,
1127 2210 1227 2276 veluti

166 2313 205 2393 F,
229 2321 331 2378 rectas
353 2312 454 2376 lineas
477 2310 518 2374 ad
541 2310 605 2375 BA
628 2309 799 2396 parallelas
821 2310 1016 2392 describent;
1041 2334 1144 2398 neque
1164 2336 1228 2378 non

166 2417 348 2503 interceptae
370 2416 436 2480 FF
448 2411 635 2501 respectivis
657 2414 722 2478 BB
742 2436 834 2500 pares
861 2425 970 2494 crunt;
996 2415 1081 2501 quod
1104 2425 1136 2480 et
1158 2417 1228 2503 pari

165 2520 261 2585 modo
281 2542 323 2584 ex
343 2517 506 2606 supposito
525 2525 676 2604 perpetuo
690 2537 795 2581 curvae
819 2516 884 2582 ΒΟ
902 2516 1114 2605 parallelismo
1136 2518 1228 2586 facile

168 2632 375 2690 consectatur.

227 2725 280 2792 Sit
288 2725 426 2811 denique
434 2721 660 2810 curvaquaeris
673 2722 737 2808 (vel
747 2723 867 2789 erectis
877 2723 1010 2810 angulos
1020 2723 1227 2792 efficientibus

169 2827 354 2916 composita,
373 2849 445 2915 quae
466 2850 568 2893 caraoe
582 2847 709 2913 quoqne
725 2847 843 2892 nomen
858 2827 970 2892 merito
990 2827 1069 2893 ferat
1079 2854 1087 2908 3
1108 2828 1227 2896 Areli-

167 2931 269 2998 mdes
279 2929 522 2996 saltemercctis
534 2929 725 3015 compositas
736 2929 847 3010 lineae,
858 2929 906 2994 uti
918 2929 1090 3015 figurarum
1102 2931 1228 2998 circulis

168 3033 390 3121 inscriptamm
407 3042 463 3098 ant
477 3032 705 3119 adscripturum
720 3033 915 3120 perimetros,
932 3037 1113 3116 καμπυλῶν
1125 3061 1228 3123 ‘ypap-

168 3140 237 3219 μῶν
247 3135 377 3202 nomine
388 3135 627 3223 complentium
642 3145 679 3200 ut
690 3143 724 3200 et
734 3135 877 3201 vicissim
890 3159 992 3202 marcae
1002 3137 1125 3226 quaevis
1136 3137 1229 3204 lineae

167 3239 288 3307 censeri
310 3248 444 3327 possunt
465 3262 483 3304 e
504 3238 607 3318 rectis,
628 3238 805 3304 innumeris
825 3239 953 3325 quidem
976 3238 1042 3305 illis
1064 3239 1231 3308 indefinite

168 3343 286 3430 parvis,
297 3342 525 3429 adjacentibus,
538 3351 572 3407 et
581 3341 731 3428 deinceps
746 3363 854 3406 secum
866 3341 1000 3427 angulos
1012 3343 1229 3422 efficientibus,

168 3445 336 3529 conflatae);
348 3445 400 3525 sit,
413 3445 556 3531 inquam,
568 3444 645 3509 talis
656 3443 764 3529 aliqua
773 3467 871 3510 curva
881 3445 952 3524 ΒΟ,
966 3445 1000 3510 in
1011 3445 1108 3532 plano
1116 3447 1229 3532 quovis

169 3549 349 3629 constituta,
364 3559 434 3614 tum
449 3549 483 3613 in
498 3547 561 3614 alio
576 3548 682 3636 plano,
695 3548 748 3612 vel
763 3569 857 3635 super
872 3548 965 3614 lineae
976 3549 1041 3615 Bo
1052 3549 1181 3636 planum
1194 3562 1230 3616 ut

169 3653 249 3720 libet
263 3653 396 3734 elevata,
411 3661 497 3718 recta
507 3652 575 3717 AB
586 3651 649 3719 sibi
663 3649 813 3717 continuo
828 3650 945 3716 ferattu
960 3651 1120 3738 parallelo,
1136 3655 1230 3720 modo

169 3779 233 3842 quo
259 3756 358 3822 semel
384 3779 421 3820 ac
443 3753 558 3820 iterum
584 3753 800 3835 ostendimus3
828 3753 1022 3820 describcmr
1047 3755 1230 3844 hujusmodi

169 3870 260 3926 motu
284 3859 470 3947 Saparflca'aa
491 3857 667 3944 cylindra‘co
691 3857 755 3943 (vel
776 3867 860 3923 certe
872 3859 1074 3946 poematica,
1098 3861 1126 3925 si
1149 3860 1231 3926 lineo

170 3964 324 4030 diraetra'e
338 3985 356 4028 e
369 3963 464 4028 rectis
478 3971 615 4051 ponatur
634 3961 840 4048 composita);
863 3972 895 4027 et
909 3960 1084 4049 cylindra'oo
1103 3963 1231 4050 quidem

170 4067 278 4132 stricte
289 4065 383 4145 dicta,
398 4064 426 4131 si
440 4064 594 4131 do'rectra‘x
600 4065 706 4151 facetat
721 4065 805 4131 lineo
815 4065 991 4145 circudtria,
1003 4079 1060 4131 out
1074 4066 1231 4154 elliptica5

170 4168 283 4236 latiore
301 4192 377 4236 vero
396 4191 491 4235 sensu
507 4168 592 4249 talis,
611 4169 639 4234 si
661 4191 759 4234 curva
780 4168 876 4235 fuerit
898 4169 1027 4235 alterius
1049 4171 1173 4256 generis
1195 4181 1232 4238 ut

163 4273 352 4363 parabolice
365 4283 452 4362 puta,
468 4273 521 4339 vel
536 4273 742 4360 hyperbolico,
757 4273 811 4338 vel
825 4273 889 4338 alia
903 4273 1072 4361 quaepiam.
1115 4273 1160 4340 In·
1171 4276 1231 4343 hoc

170 4386 277 4444 antem
291 4389 380 4444 motu
394 4378 486 4444 lineae
503 4398 630 4465 quoque
644 4376 814 4463 genetricis
833 4377 962 4463 singula
976 4387 1096 4465 puncta
1110 4378 1231 4446 similes

171 4489 203 4545 et
217 4479 355 4566 aequales
376 4479 559 4546 describunt
579 4503 685 4546 curvae
704 4478 862 4546 directrici
883 4479 1001 4563 lineas3
1027 4481 1166 4570 aequales
1184 4485 1231 4568 (ut
