3167 5192
343 406 409 472 234
677 422 865 473 nacrronns
886 420 1160 473 nsrnnunnrcr.
1320 406 1425 491 [ruer.
1438 422 1489 470 rr.

344 596 420 663 hinc
435 598 465 662 ci
479 597 619 685 proclive
638 596 700 663 fuit
722 597 883 684 colligere,
904 597 1022 663 lineam
1040 596 1212 685 aliquando
1230 597 1370 685 tempori
1388 596 1493 662 coinci-

345 700 427 781 dere,
458 700 598 788 adeoque
624 699 758 787 tempori
784 700 912 787 aequari,
943 700 997 766 rel
1021 700 1177 788 inaequale
1205 723 1284 779 esse,
1316 710 1351 765 et
1376 699 1494 787 proinde

344 804 461 870 lineam
489 828 525 870 ac
548 816 674 891 tempus
697 812 841 867 mutuam
865 803 949 868 inter
973 826 1007 868 se
1031 804 1266 891 proportionem
1298 803 1415 883 sortiri,
1439 824 1493 867 non

345 930 435 973 secus
450 932 546 997 quam
561 908 646 973 linea
660 907 861 995 proportione
875 908 1007 973 refertur
1021 908 1063 972 ad
1077 908 1205 973 lineam.

411 1012 458 1077 At
472 1036 557 1092 vero,
579 1011 606 1077 si
626 1012 659 1075 in
675 1011 818 1075 animum
837 1010 1018 1077 induxisset
1032 1012 1181 1097 cogitare,
1201 1034 1275 1077 cum
1290 1012 1380 1077 linea
1393 1009 1495 1075 dicitnr

347 1138 495 1181 mensura
510 1114 670 1201 temporie,
689 1138 754 1178 non
774 1114 882 1180 stricte
902 1114 986 1179 sumi
1004 1138 1185 1181 mensuram
1204 1138 1262 1203 pro
1277 1126 1411 1203 quanto,
1430 1134 1496 1199 qno

348 1242 420 1283 cum
437 1232 562 1307 tempus
581 1218 753 1283 secundnm
769 1218 980 1305 quantitatem
998 1230 1198 1306 comparatur
1218 1219 1354 1302 (nedum
1370 1240 1434 1282 non
1450 1238 1496 1304 pro

346 1334 434 1411 parte
445 1324 540 1410 juxta
555 1322 713 1410 propriam
728 1322 830 1409 ipsius
844 1321 1062 1388 definitionem
1074 1323 1227 1410 aliquota)
1246 1322 1305 1387 sed
1321 1322 1438 1399 laxius,
1448 1342 1496 1407 pro

349 1424 561 1513 qualicunque
585 1425 703 1491 indicio
722 1425 775 1491 vel
799 1434 986 1512 argumento
1008 1426 1197 1513 quantitatis
1217 1424 1360 1513 tempori
1384 1446 1496 1510 compe

347 1527 464 1608 tentis3
488 1527 529 1592 ad
544 1528 613 1609 hoc,
630 1528 770 1615 inquam,
783 1528 812 1593 si
827 1528 1013 1614 contigisset
1027 1528 1075 1593 illi
1090 1540 1227 1593 mentem
1242 1550 1338 1593 suam
1348 1527 1496 1593 tantillnm

346 1629 529 1711 intendisse,
551 1655 615 1696 non
635 1631 681 1695 ita
700 1640 816 1696 temere
835 1629 1095 1712 commiscuisset,
1115 1642 1147 1696 et
1161 1630 1362 1697 confudisset
1375 1629 1454 1695 inter
1469 1650 1495 1692 sc

349 1756 399 1799 res
415 1744 481 1798 toto
496 1732 575 1799 coelo
591 1732 718 1797 dissitas
733 1733 947 1820 diversasque.

416 1834 480 1901 Sed
506 1836 573 1901 hacc
603 1835 679 1900 alibi
708 1835 847 1923 penitius
877 1835 1076 1902 discutienda
1100 1847 1184 1917 sunt,
1210 1858 1284 1901 cum
1310 1835 1354 1902 de
1380 1834 1495 1923 quantis

347 1936 551 2023 homogeneis
570 1947 601 2002 et
617 1938 835 2023 heterogeneis
858 1960 900 2002 ex
921 1939 1095 2024 composito
1117 1940 1320 2005 disseremus.
1369 1939 1492 2005 Interim

345 2040 476 2103 unicum
492 2038 640 2125 adjiciam
661 2038 723 2103 huc
742 2040 871 2114 faciens,
892 2040 1166 2107 animadversione
1184 2041 1332 2128 dignum,
1348 2042 1420 2108 ideo
1433 2054 1493 2105 tan·

345 2152 415 2207 tum
431 2141 640 2227 heterogenea
654 2151 774 2227 quanta
793 2164 1021 2228 nonnunquam
1037 2142 1100 2208 dici
1115 2142 1214 2208 altera
1227 2143 1399 2210 alterorum
1417 2166 1494 2208 men·

346 2268 446 2326 suras,
467 2245 617 2331 quoniam
643 2244 909 2330 homogencarum
933 2268 1150 2310 mensurarum
1171 2247 1320 2312 notitiam
1345 2260 1493 2332 utcunque

346 2350 504 2437 quendam
520 2349 772 2414 subministrant.
818 2348 858 2413 E.
872 2371 904 2434 g.
920 2350 1100 2437 propositus
1115 2372 1204 2415 arens
1220 2353 1400 2438 aquatoris,
1420 2350 1492 2415 hon‘·

346 2464 471 2519 sontem
492 2453 574 2518 inter
589 2462 621 2518 et
636 2450 735 2517 solem
753 2450 787 2514 in
808 2462 967 2536 sequatore
984 2452 1124 2539 positum
1139 2454 1343 2541 interceptus,
1359 2476 1489 2519 mensura

345 2556 495 2645 temporis
518 2556 624 2621 diurni
647 2554 844 2641 praterlapsi
867 2566 1033 2642 propterea
1054 2554 1179 2637 dieitur,
1202 2560 1355 2645 quoniam
1377 2555 1489 2622 aliunde

346 2661 493 2746 cognitus
508 2660 576 2747 ipse
591 2682 647 2745 per
662 2680 753 2723 suam
767 2658 1002 2743 proportionem
1016 2657 1058 2723 ad
1073 2668 1172 2724 totam
1187 2662 1357 2746 aquatoris
1371 2662 1488 2726 circum·

345 2764 511 2829 ferentium
526 2763 676 2850 temporis
697 2761 789 2826 istius
809 2761 963 2826 rationem
982 2762 1125 2847 coarguit
1144 2763 1186 2828 ad
1199 2774 1326 2852 tempus
1343 2767 1486 2851 integrm

346 2864 514 2929 diurnum:
538 2865 599 2929 hoc
613 2876 670 2944 est,
690 2865 824 2930 inservit
841 2864 911 2951 ejus
930 2864 971 2929 ad
991 2864 1151 2952 propriam
1171 2867 1398 2954 homogeneam
1411 2888 1486 2932 men·
1539 2927 1540 2944 ,

346 2988 451 3031 suram
476 2967 713 3052 comparationi.
760 2966 816 3035 Sic
838 2977 870 3032 et
891 2966 976 3033 linea
997 2968 1128 3034 decursa
1152 2970 1330 3037 velocitatis
1354 2990 1485 3037 mensura
1539 2953 1540 2958 ἵ

344 3066 459 3132 dicitnr
474 3078 611 3147 eatenus,
633 3080 792 3154 quatenus
811 3070 916 3133 innuit
936 3093 1007 3156 quae
1029 3071 1072 3136 sit
1091 3072 1186 3160 hujus
1206 3074 1248 3139 sd
1267 3074 1398 3141 alteram
1417 3094 1484 3162 pra
1538 3117 1539 3144 n

344 3180 526 3256 conceptam
552 3169 753 3234 velocitatem
780 3172 870 3236 ratio.
916 3170 986 3238 Nec
1011 3171 1103 3238 aliter
1128 3197 1162 3240 se
1182 3198 1232 3241 res
1254 3177 1353 3244 habet
1373 3179 1406 3243 in
1424 3174 1483 3240 aliis

343 3272 513 3359 improprie
531 3270 623 3337 dictis
642 3271 818 3338 mensuris:
841 3274 927 3339 unde
948 3276 1026 3340 satis
1045 3276 1168 3363 liquido
1186 3290 1277 3366 patet
1295 3280 1331 3346 id
1347 3280 1428 3368 quod
1443 3279 1484 3340 in·

343 3376 503 3441 sinuatum
533 3385 581 3441 est
610 3376 715 3455 modo,
746 3376 894 3463 quodque
922 3377 965 3442 sit
994 3400 1097 3466 operae
1125 3383 1262 3468 pretium
1291 3383 1481 3450 considerare.
1536 3417 1537 3424 .

341 3480 479 3567 reliquas
502 3480 664 3569 expositas
687 3502 843 3546 mensurae
868 3480 1064 3568 acceptiones
1088 3483 1171 3550 hanc
1191 3486 1356 3574 respicere,
1382 3485 1427 3553 vcl
1447 3483 1482 3547 ab

344 3584 405 3648 hdc
420 3584 552 3650 desumi.

408 3698 437 3753 2.
476 3688 573 3754 Porro
589 3688 736 3769 secundo,
752 3687 852 3753 altera
867 3710 1032 3771 mensurae,
1049 3692 1175 3779 qualem
1187 3693 1255 3781 jam
1270 3696 1480 3784 persequimur.

342 3793 517 3878 proprietas
540 3802 597 3873 est,
621 3802 653 3857 et
675 3792 715 3857 ad
738 3791 825 3856 illius
846 3792 999 3858 rationem
1023 3796 1200 3880 requiritur,
1227 3808 1264 3862 nt
1289 3802 1479 3885 quantitatem
1534 3829 1535 3900 q

343 3894 413 3979 ipsa
427 3894 665 3961 determinatam
686 3894 811 3972 habeat,
830 3892 892 3958 hoc
908 3904 957 3960 est
977 3896 1114 3978 unicam,
1135 3898 1268 3964 eandem
1287 3912 1411 3979 certam,
1428 3894 1479 3961 sibi

342 4006 538 4061 constantem
554 4008 586 4060 et
601 3997 788 4061 invariatum
806 3998 1035 4083 quantitatem
1058 4010 1095 4064 ut
1109 4002 1160 4081 sit,
1176 4003 1261 4088 qnod
1278 4004 1311 4067 in
1328 4000 1480 4089 Metaplry·

389 4304 452 4387 ΙἸἿιο
468 4350 564 4389 rcraon
577 4336 638 4406 why
649 4338 867 4409 heterogeneons
881 4342 1032 4411 qnantitice
1046 4358 1109 4412 may
1120 4341 1157 4397 be
1170 4344 1241 4397 used
1256 4359 1289 4398 as
1304 4362 1321 4400 a
1338 4336 1478 4399 armarit

341 4418 403 4473 that
414 4418 480 4489 they
491 4420 553 4488 give
566 4436 598 4475 us
610 4438 627 4475 a
638 4423 799 4494 knowledge
809 4428 842 4481 ot
849 4427 1052 4497 homogeneons
1062 4430 1220 4497 quantities.

395 4504 440 4573 (Ξ)
476 4504 534 4558 The
552 4522 677 4561 measure
696 4516 769 4566 must
786 4512 858 4567 have
876 4532 893 4568 a
910 4514 1025 4569 definite
1042 4516 1177 4585 quantity.
