3167 5192
339 385 404 451 262
679 400 867 451 arenosus
889 400 1163 451 ussurusucn.
1301 382 1405 469 [nrm.
1420 400 1484 451 xu.

339 578 487 651 semotas,
511 578 544 637 et
568 568 825 637 oonelnsionibus
850 570 1025 659 plerunque
1051 572 1117 639 suis
1142 582 1374 661 repugnantem
1402 572 1484 639 miros

338 674 587 740 comminiscitur
607 683 781 761 praetextus
796 674 915 740 alienos
930 684 963 741 et
977 674 1181 743 abhorrentes
1201 676 1244 743 ab
1262 675 1351 742 omni
1371 682 1485 763 synam

338 776 470 855 ratione,
480 776 566 864 quod
581 776 691 864 paneis
700 778 866 844 ostendere
880 800 945 843 non
962 779 1020 843 abs
1036 800 1071 844 re
1085 778 1198 859 fuerit3
1213 800 1290 845 oum
1305 776 1484 845 elucidanda

336 881 383 947 rei
398 882 550 967 subjeetae
564 886 669 961 caum
684 892 754 947 tum
767 903 809 947 ne
824 881 896 968 quis
911 882 946 947 in
961 881 1082 948 similes
1095 881 1206 968 lapsus
1220 882 1350 947 incaute
1369 889 1443 960 rust,
1459 890 1485 946 et

337 1007 402 1073 quo
416 995 523 1072 pateat
536 1007 636 1072 quam
651 985 686 1050 in
700 985 752 1051 his
766 986 862 1051 rebus
878 994 999 1073 oportet
1014 986 1240 1074 eircurnspeete
1255 985 1385 1051 versari.

403 1086 589 1154 Mensuram
613 1088 675 1154 hoo
698 1087 794 1154 modo
821 1087 932 1153 definit
961 1087 1027 1168 ille,
1058 1088 1117 1153 Eat
1142 1112 1291 1155 maneam
1319 1085 1484 1175 mnpuiwdo

338 1215 403 1257 una
421 1191 560 1270 aiterim,
576 1190 701 1277 pundo
715 1191 789 1278 ιροα
804 1190 853 1257 vel
865 1190 968 1278 ιριίιω
981 1189 1130 1279 multiplo
1147 1190 1246 1257 alteri
1257 1188 1417 1279 applicata
1427 1211 1484 1255 cau

337 1300 376 1361 ad
405 1295 579 1361 mineum.
629 1294 675 1359 Et
703 1316 823 1374 rursus,
853 1293 959 1359 verbis
982 1292 1149 1381 paululum
1174 1293 1365 1373 immutatis,
1387 1290 1438 1358 sed
1457 1279 1484 1355 in

337 1395 470 1463 eandem
484 1405 642 1477 mentem3
657 1396 810 1463 Mensura
823 1408 866 1461 est
880 1394 1062 1482 mapnitado
1075 1395 1309 1483 mupaittsda'aie
1322 1394 1420 1461 ηιὺιοι·
1428 1416 1484 1459 mo·

327 1503 415 1591 jorei
428 1500 478 1568 uel
489 1524 551 1566 aon
564 1501 705 1582 mimi,
721 1524 791 1567 eam
805 1500 909 1565 minor
928 1500 996 1587 ipsi
1014 1498 1175 1587 apph’oata
1195 1498 1293 1565 amuel
1312 1498 1363 1565 oei
1378 1498 1484 1586 pana

336 1607 441 1694 insum
468 1602 594 1691 aquas&
638 1602 744 1669 Juxta
768 1624 849 1689 quas
874 1600 1075 1667 definitiones
1101 1609 1189 1689 patet
1210 1623 1391 1668 mensuram
1411 1596 1480 1665 nihil

335 1732 404 1777 esse
419 1707 517 1789 aliud,
533 1729 629 1794 quum
643 1707 689 1771 rei
711 1714 900 1771 mensuratae
917 1713 1039 1791 partem
1059 1703 1245 1793 aliquotam,
1261 1726 1335 1792 quae
1349 1702 1482 1769 nimirum

335 1812 503 1900 aliquoties
517 1818 645 1897 aeoepta
660 1817 759 1874 totam
770 1807 863 1873 illam
878 1796 1037 1887 exhaurit,
1052 1817 1090 1872 ut
1103 1806 1186 1873 nihil
1200 1808 1342 1896 supersit
1361 1804 1480 1883 residui;

335 1913 495 2003 quomodo
509 1911 665 1979 voeabula
681 1911 808 1998 μέτρον,
823 1914 959 1997 μετρεῖν,
975 1913 1196 1997 καταμετρεῖν,
1212 1912 1331 1999 saepius
1345 1920 1399 1976 aut
1411 1930 1480 1975 sem·

336 2040 393 2105 per
412 2016 610 2104 ascipiuntur
627 2015 661 2079 in
676 2014 864 2095 Elementa,
879 2023 916 2081 ut
930 2013 1065 2081 antehac
1079 2024 1264 2096 ostensum
1285 2016 1479 2101 Honeopsueos

328 2144 429 2210 ροπο
442 2120 629 2208 mattam
643 2117 765 2198 definit,
780 2142 916 2205 quarum
934 2142 1085 2185 marma-a
1104 2118 1270 2208 applicari
1278 2128 1408 2208 poseant
1423 2138 1478 2181 unu

335 2224 383 2291 ud
393 2222 533 2304 adeamus,
548 2222 596 2288 ita
610 2234 645 2288 ut
658 2224 855 2308 oonpmoatt.
877 2220 923 2287 Et
937 2244 1071 2309 patarum
1085 2244 1237 2288 mmsurae
1252 2218 1476 2310 ἐφαρμόζουσϋ.

335 2324 496 2392 Mensurae
509 2346 585 2390 vero
600 2333 676 2390 sunt
689 2323 730 2404 ei,
745 2333 782 2389 ut
791 2324 861 2411 jam
875 2322 991 2404 visum,
1007 2332 1113 2411 partes
1127 2332 1320 2411 quantorum
1335 2323 1474 2409 aliquota.

333 2427 424 2516 Ergo
444 2427 540 2494 modo
560 2428 624 2495 sibi
645 2435 776 2508 constet,
792 2426 986 2513 quantitates
1008 2427 1212 2515 homogeneae
1235 2436 1339 2509 erunt,
1359 2444 1473 2513 quarum

333 2542 439 2620 partes
453 2531 602 2619 aliquotoe
616 2550 786 2616 oongruere
800 2538 943 2617 possunt.
974 2527 1094 2595 Verum
1109 2538 1214 2619 partes
1229 2530 1377 2619 aliquota
1389 2546 1474 2615 quan·

332 2635 433 2703 titatis
455 2636 606 2723 temporis
631 2657 696 2700 non
719 2633 791 2699 aliae
815 2643 890 2699 sunt
913 2654 1008 2721 quam
1033 2632 1227 2721 quantitates
1249 2632 1406 2723 temporis,
1425 2650 1472 2695 neo

332 2739 482 2829 ponderis
496 2762 593 2828 quam
605 2738 797 2825 quantitates
811 2736 969 2823 ponderis,
984 2758 1043 2803 neu
1057 2735 1150 2804 linem
1164 2760 1261 2825 quam
1279 2738 1376 2811 linea,
1386 2752 1470 2819 nsque

332 2844 472 2932 eorporis
492 2864 589 2930 quam
610 2862 750 2929 eorpora.
799 2838 888 2927 Ergo
910 2862 983 2905 oum
1005 2862 1098 2905 nemo
1120 2840 1286 2928 ooneipere
1306 2837 1402 2929 possit
1419 2854 1470 2921 quo

331 2957 424 3037 ponto
446 2943 608 3032 quantitas
628 2942 722 3008 lineoe
741 2940 912 3029 quantitati
934 2942 1096 3030 temporis,
1116 2944 1207 3031 (puta
1220 2942 1315 3012 lineae
1328 2938 1468 3032 quantitas

332 3047 482 3116 cubitalis
507 3067 621 3111 aunnae
642 3045 695 3110 vel
716 3044 836 3109 unciali
861 3045 1011 3133 temporis
1036 3054 1092 3111 aut
1117 3046 1266 3134 ponderis
1291 3038 1464 3135 quantitati)

331 3150 433 3240 possit
447 3148 610 3237 applicari,
625 3146 670 3212 sie
684 3156 721 3212 ut
735 3146 765 3212 ei
779 3156 933 3234 congruat
947 3156 1003 3213 aut
1017 3147 1190 3231 eoineidat;
1211 3172 1276 3217 uon
1292 3156 1379 3216 erunt
1390 3144 1467 3209 lines

331 3254 482 3341 temporis
501 3262 533 3319 et
550 3250 699 3339 ponderis
713 3250 906 3338 quantitates
928 3253 1143 3341 homogeneae,
1158 3255 1255 3342 juxta
1277 3251 1410 3344 proprias
1427 3246 1468 3333 ip·
1541 3292 1542 3299 ι

331 3359 399 3428 sius
412 3356 611 3425 definitiones
625 3377 662 3421 ae
676 3354 881 3442 hypotheses.

396 3462 449 3528 Ita
472 3458 651 3528 eommunis
675 3457 836 3524 intuhsset
861 3457 991 3544 Lugios,
1018 3482 1129 3526 vemm
1154 3458 1291 3527 mirifict
1315 3455 1466 3545 agndae

329 3564 521 3634 sennodum
543 3563 571 3629 is
592 3562 733 3649 oolligit3
762 3562 917 3642 Quoniam
936 3561 1064 3649 (inquit)
1086 3564 1246 3650 quantitas
1266 3560 1403 3651 ampuri
1416 3576 1465 3644 ptr
1540 3638 1541 3668 q

330 3669 445 3737 lineam
458 3668 752 3754 measuraripotest
767 3676 797 3731 et
812 3664 895 3731 liaeo
911 3664 1000 3733 linea
1014 3666 1177 3755 applicari
1181 3680 1293 3756 pateat,
1308 3666 1366 3733 erit
1383 3682 1465 3750 quou-

329 3776 405 3842 titaa
419 3772 562 3861 sapsas
575 3768 749 3858 quantitati
766 3767 856 3834 linea
870 3769 1078 3856 hoaropenaah
1123 3768 1207 3836 Eoos
1221 3768 1348 3847 fontem,
1361 3786 1399 3832 ex
1411 3778 1463 3847 quo

329 3876 493 3966 complura
505 3875 623 3963 quibus
636 3871 691 3940 isti
705 3871 825 3958 dialogi
840 3880 961 3939 scatent
974 3872 1112 3939 absurda
1125 3878 1357 3961 promanarunt
1396 3864 1463 3945 θυο-

327 3983 416 4050 niam
432 3979 592 4069 quantdoe
612 3977 683 4063 (ait)
699 3976 845 4063 tempores
852 3998 914 4063 par
929 3974 1044 4042 lineum
1058 3976 1240 4043 memorari
1251 3986 1369 4065 potest:
1387 3977 1461 4053 utqul
1539 4028 1540 4034 ,

427 4135 437 4168 ¹
454 4132 526 4184 Diui.
539 4145 558 4183 ι.
570 4148 629 4197 pag,
640 4144 678 4180 rr.
822 4128 834 4161 ¹
850 4128 918 4179 Diod
931 4140 961 4180 11.
974 4144 1033 4194 pag.
1044 4144 1084 4191 ⁴3·
1227 4126 1238 4161 ¹
1255 4129 1316 4195 Peg.
1330 4139 1379 4176 ιιο.

537 4210 634 4263 ‘Diod
646 4222 688 4261 111.
700 4225 758 4275 pag.
772 4210 812 4259 8ο.
1009 4208 1020 4241 ⁵
1037 4208 1107 4259 Diui.
1118 4220 1143 4261 v.
1156 4226 1214 4275 pag.
1228 4224 1281 4261 uo.

380 4418 434 4474 His
450 4415 569 4472 mistolre
585 4415 672 4473 about
687 4432 821 4473 measure.

379 4505 433 4562 His
450 4501 601 4572 mering.
