3167 5192
99 406 205 456 ωσι.
223 389 290 475 rx]
444 406 632 459 meliores
654 408 929 459 usrrrsumren.
1208 396 1270 462 135

99 579 300 667 quantitatis
314 579 451 665 affectio)
469 579 617 646 conducit
630 579 717 645 hsud
731 602 844 668 parum
859 578 1096 647 Mathematicis
1111 580 1270 670 hypothe-

99 684 208 749 sibus.
254 682 342 748 Nam
363 706 406 749 ex
424 688 465 749 et
484 683 687 778 potissimum
704 683 938 771 magnitudinis
955 685 1132 772 precipuus
1149 687 1270 775 species

99 807 161 851 seu
181 785 401 852 dimensiones
420 786 525 851 varias
542 785 729 852 deducimus
739 811 748 867 ;
771 795 805 853 et
824 786 910 874 quod
929 809 994 853 non
1013 798 1130 855 temere
1150 790 1270 855 confiu-

99 898 235 973 gsntur,
247 897 282 952 at
292 910 350 954 suo
364 888 460 954 modo
473 893 584 954 revers
597 888 747 968 existant,
758 888 992 975 quodammodo
1007 890 1268 959 demonstramus.

101 988 160 1057 Sic
175 990 268 1055 enim
283 990 359 1056 licet
373 990 606 1077 argumentari:
630 989 756 1079 Corpus
769 990 823 1057 vel
839 991 941 1057 solide
955 992 1142 1078 magnitudo
1160 996 1269 1081 (quam

99 1116 200 1161 nemo
215 1094 340 1161 scilicet
353 1118 419 1159 non
436 1094 588 1175 admittit,
610 1105 721 1182 utpote
739 1095 945 1183 palpabilem,
965 1105 998 1161 et
1013 1118 1084 1183 quae
1103 1108 1270 1185 propterea

100 1199 314 1287 praesupponi
335 1200 451 1287 potest)
475 1222 541 1265 non
562 1223 604 1265 ex
623 1200 692 1265 ulls
710 1209 800 1286 parte
821 1199 862 1265 ad
881 1198 1043 1264 infinitum
1063 1201 1212 1283 excurrit,
1238 1210 1270 1268 et

101 1302 316 1391 undiquaque
330 1303 536 1369 terminatur:
559 1303 620 1369 iste
638 1303 794 1370 terminus
816 1326 881 1369 uon
903 1312 952 1369 est
971 1304 1193 1384 introversum,
1214 1315 1270 1370 aut

101 1407 216 1493 quoad
237 1406 485 1493 profunditatem
512 1406 686 1473 divisibilis
711 1410 798 1494 (nam
820 1407 849 1473 si
875 1406 1048 1475 divisibilis
1074 1418 1158 1473 esset
1180 1407 1270 1474 haud

102 1518 206 1590 totns,
229 1508 286 1575 sed
299 1510 370 1594 ejus
384 1510 542 1576 duntaxat
561 1512 701 1577 exterius
721 1510 851 1598 aliquod
865 1510 946 1577 foret
960 1512 1133 1591 terminus;
1156 1522 1270 1600 praeter

95 1612 331 1702 hypothesin).
375 1614 464 1680 Hinc
483 1614 577 1681 datur
591 1614 701 1681 solidae
715 1614 947 1702 magnitudinis
967 1614 1138 1683 Terminus
1154 1615 1269 1702 aliquis

104 1715 285 1783 secundum
313 1715 561 1804 profunditatem
589 1716 818 1797 indivisibilis;
848 1716 877 1783 is
905 1729 1037 1783 vocetur
1060 1716 1268 1805 Superficies3

103 1842 178 1887 enee
193 1842 294 1885 uuam
308 1820 505 1908 hypothesin
520 1820 792 1903 Mathematicam,
814 1830 903 1886 etex
917 1827 956 1887 et
969 1822 1176 1887 resultantem
1193 1822 1270 1888 deli-

104 1921 277 1989 nitionem.
322 1921 421 1988 Porro
440 1923 526 1988 dicta
545 1922 728 2010 superficies
746 1946 811 1988 non
831 1932 880 1989 est
899 1946 1034 2011 usquam
1054 1925 1268 2007 interminate,

105 2027 163 2092 sed
187 2026 300 2112 aliquo
319 2026 444 2091 ambitu
463 2048 520 2091 sen
540 2036 683 2091 extremo
706 2025 882 2108 clauditur3
913 2026 947 2093 id
969 2038 1147 2095 extremum
1170 2030 1269 2095 simili

106 2128 266 2208 discursu,
280 2128 369 2215 qunli
383 2128 481 2215 prins,
497 2150 607 2194 versus
622 2128 781 2209 interiora,
798 2152 855 2196 seu
869 2130 973 2217 quoad
988 2131 1200 2214 latitudinem,
1220 2141 1270 2200 est

106 2230 318 2299 indivisibile.
364 2230 570 2319 Supponatur
591 2254 666 2319 ergo
688 2231 757 2298 dari
777 2234 955 2321 superficiei
976 2234 1144 2301 Terminus
1163 2236 1270 2323 quoad

107 2333 314 2401 benenom
331 2335 548 2416 indivisibilis,
564 2335 621 2422 qni
640 2336 765 2401 dicanrr
784 2337 904 2415 Linea3
928 2360 999 2404 eece
1020 2338 1150 2405 alteram
1165 2339 1269 2427 hypo·

108 2440 227 2519 thesin,
242 2438 336 2526 eique
350 2448 517 2504 connatam
532 2438 761 2505 definitionem.
806 2438 935 2518 Itidem,
954 2439 1017 2504 ista
1033 2440 1200 2507 lineanon
1220 2452 1269 2507 est

109 2542 247 2621 infinita,
263 2540 320 2607 sed
333 2541 515 2620 introrsum,
527 2540 588 2605 hoc
602 2548 651 2607 est
664 2539 771 2627 quoad
785 2538 1029 2626 longitudinem,
1045 2540 1087 2606 ad
1102 2552 1269 2627 utrumque

109 2656 234 2733 partem
249 2645 384 2711 termino
398 2643 591 2724 includitur3
608 2644 747 2732 parique
761 2642 885 2709 ratione
899 2653 975 2708 suut
989 2642 1023 2707 hi
1039 2644 1166 2709 termini
1181 2668 1269 2734 pror·

111 2770 164 2815 sus
183 2746 418 2814 indivisibiles:
441 2766 518 2833 ergo
532 2756 729 2835 supponatur
742 2744 812 2811 dnri
831 2744 924 2811 lineae
940 2744 1109 2811 Terminus
1124 2746 1269 2814 indivisi-

111 2852 195 2933 bilis,
219 2862 253 2917 et
272 2850 326 2916 hic
345 2851 525 2938 appelletur
545 2850 704 2917 Punctum
714 2874 724 2930 ς
746 2849 833 2937 qnod
850 2848 938 2915 omni
960 2849 1054 2915 modo
1067 2848 1268 2919 indivisibile

112 2966 169 3038 est,
190 2954 387 3043 participans
409 2954 528 3042 quippe
549 2954 589 3021 de
610 2953 789 3041 superficiei
814 2953 919 3040 quoad
947 2952 1204 3042 profunditatem,
1235 2967 1268 3023 et

112 3058 204 3127 linere
233 3059 339 3146 quoad
367 3058 570 3124 latitudinem
599 3055 875 3137 indivisibilitate3
906 3080 964 3123 nec
992 3080 1056 3123 non
1085 3058 1268 3128 immediate

112 3163 216 3251 quoad
231 3161 464 3249 longitudinem
479 3159 686 3240 indivisibile,
702 3169 857 3247 quatenus
872 3159 966 3226 liueoe
980 3162 1142 3230 terminus.
1179 3162 1268 3230 Hinc

112 3268 204 3333 tertia
229 3265 417 3353 suppositio,
446 3265 648 3351 conjunctam
677 3264 799 3329 habens
825 3264 935 3351 puncti
965 3264 1190 3333 definitionem.
1236 3266 1266 3333 E

114 3372 227 3458 qubus
239 3380 330 3460 patet
342 3368 430 3435 haud
440 3368 561 3455 absque
574 3366 781 3433 fundamento
796 3367 932 3455 supponi
947 3366 1081 3447 Puncta,
1092 3369 1219 3451 Linees,
1235 3380 1268 3436 et

117 3472 335 3563 Superfieiesa
344 3470 599 3551 Mathematicis3
614 3491 690 3533 nsm
704 3468 781 3535 lieet
795 3479 832 3534 ut
840 3468 984 3535 Termini
998 3470 1045 3533 uil
1059 3470 1123 3537 fere
1134 3472 1267 3537 videan-

115 3585 163 3642 tur
187 3576 279 3643 uliud
304 3584 418 3663 proeter
441 3572 601 3640 ulterioris
628 3571 825 3639 extensionis
853 3572 1038 3658 negationes
1071 3572 1268 3661 (negationes

115 3690 218 3747 tamen
232 3680 269 3745 in
283 3702 318 3745 re
330 3677 488 3757 fundatas,
499 3683 537 3741 ut
550 3674 701 3755 vidimus,
712 3684 746 3741 et
759 3675 802 3742 ab
813 3675 977 3741 intellectu
990 3675 1072 3742 bene
1086 3688 1266 3765 perceptas3

117 3786 195 3853 sicut
208 3785 352 3853 Umbras
362 3792 396 3849 et
409 3781 571 3847 Tenebras
586 3778 788 3868 inPhysicis,
800 3778 1041 3869 Improbitetem
1056 3791 1088 3847 et
1103 3780 1267 3849 luscitiem

116 3889 148 3955 in
160 3888 302 3971 Ethicis)
317 3897 425 3951 tamen
438 3884 503 3950 alio
522 3882 616 3949 modo
635 3882 841 3950 consideratae
861 3883 1032 3951 sdmodum
1047 3886 1145 3952 realia
1160 3910 1196 3952 ec
1210 3910 1268 3975 po·

117 3992 209 4057 sitive
221 3988 328 4057 sortiri
341 3987 490 4053 videntur
505 3985 668 4053 attribute.
714 3984 899 4073 Superficiei
917 4010 949 4052 r.
966 4010 997 4073 g.
1019 3987 1143 4054 duobus
1163 3990 1267 4058 modis

118 4093 226 4175 dividi,
251 4089 412 4177 adaugeri,
438 4088 596 4169 imminui,
623 4110 804 4155 mensuram
831 4088 948 4169 subire,
975 4113 1155 4179 congruere,
1182 4094 1267 4163 edae-

119 4196 215 4283 qusri,
241 4192 403 4273 excedere,
426 4191 569 4271 deficere,
596 4212 655 4255 nec
682 4212 746 4255 uon
768 4190 1052 4281 quomodocunque
1076 4199 1207 4280 moveri,
1234 4212 1266 4267 et

119 4300 273 4386 quiescere
294 4296 444 4365 convenit
464 4306 560 4383 atque
581 4292 741 4359 tribuitur.
786 4292 858 4361 Imo
878 4317 964 4378 vero,
988 4298 1071 4365 sieut
1092 4299 1266 4383 innuerem,

514 4435 825 4446 ----—-—-·--—-

168 4500 224 4557 'lhe
240 4500 403 4557 toundstion
421 4500 452 4557 of
467 4499 516 4557 the
534 4498 643 4557 notioris
660 4500 691 4556 ol
707 4498 811 4571 Points,
832 4500 921 4571 Lines,
940 4500 1073 4558 Suriaces.
