3167 5192
302 365 374 431 286
645 376 832 427 inerrasse
855 374 1128 427 marnsnarron.
1236 364 1342 439 [naor.
1360 377 1470 423 xviri.

302 574 417 641 expers
439 561 498 633 est,
523 562 556 619 at
581 561 665 618 certe
685 548 839 638 quiddam
862 557 935 636 apte
957 548 1036 615 satis
1057 555 1156 629 notat,
1179 568 1239 613 nec
1261 544 1349 613 aliud
1369 545 1471 633 plane

302 678 399 741 quam
414 655 517 743 ipsam
533 652 730 719 relationem.
989 729 992 735 Ι

370 758 435 824 sed
447 781 550 844 quaro
567 755 685 843 (inquit
705 752 916 837 adversarius)
934 753 1013 840 qaid
1033 764 1078 817 est
1099 751 1182 839 qaod
1201 752 1258 818 hoc
1280 750 1342 817 oco
1363 752 1470 832 habet,

302 860 383 948 qaid
403 860 487 947 quod
506 861 656 925 hahetur?
700 860 745 922 Et
767 882 811 922 aa
835 857 1068 949 rationda'catar
1089 856 1246 937 habitudo,
1269 857 1307 921 ab
1329 879 1363 921 co
1387 856 1475 942 quod

302 966 375 1051 ὄρεα
394 964 485 1028 tata
503 962 638 1049 aliqaid,
653 960 704 1027 vel
723 961 762 1026 ab
783 984 818 1026 eo
839 960 923 1047 qaod
942 960 1092 1026 hahetur?
1136 958 1181 1024 Et
1202 958 1356 1046 siquidem
1379 959 1474 1023 hahet

301 1066 382 1153 qaid
393 1067 437 1131 ait
451 1065 536 1152 qaod
547 1066 646 1144 habet,
662 1065 713 1131 ain
727 1064 877 1129 habeatur
891 1087 912 1129 a
926 1087 986 1149 quo
1001 1064 1139 1129 habaet.
1184 1063 1259 1141 Qeae
1273 1063 1382 1129 ωηπία
1396 1075 1472 1127 sunt

301 1168 433 1255 inepto¹.
476 1166 531 1232 Ad
546 1190 617 1254 quae
632 1188 750 1253 regere,
766 1188 867 1252 quum
882 1164 924 1230 ab
941 1164 1011 1253 ipso
1026 1165 1106 1231 ratio
1121 1164 1237 1231 dicitur
1251 1162 1373 1245 relatio,
1389 1165 1472 1231 scis-

301 1270 381 1336 citor
401 1279 433 1336 et
455 1291 514 1356 ego
529 1269 615 1356 quod
628 1270 672 1336 sit
688 1270 784 1335 isthic
799 1267 885 1356 quod
898 1268 996 1337 fertur
1010 1278 1066 1336 aut
1079 1268 1220 1349 refertur,
1235 1267 1321 1335 unde
1335 1266 1389 1335 vel
1405 1290 1473 1354 quo

301 1370 400 1437 fertur
409 1397 417 1453 ς
441 1372 497 1458 qui
514 1381 619 1439 motus
636 1371 733 1439 isthic
752 1372 834 1439 inter
851 1370 1004 1437 terminos
1019 1370 1099 1437 duos
1114 1379 1311 1458 comparatos
1328 1369 1473 1457 recipro-

299 1483 397 1541 catur.
444 1474 575 1543 Scilicet
595 1480 706 1542 revera
726 1497 791 1541 non
812 1482 905 1540 vacet
926 1474 1047 1563 ineptit
1068 1474 1294 1541 vocabulorum
1316 1472 1403 1539 vires
1434 1485 1472 1540 et

301 1578 499 1664 significatus
521 1578 630 1645 stricti
651 1583 822 1665 severaque
843 1577 915 1664 lege
937 1577 1014 1644 solis
1036 1600 1078 1643 ex
1100 1578 1217 1664 etymis
1239 1576 1388 1663 colligere
1409 1576 1471 1643 vel

301 1682 471 1763 adshuere,
487 1684 544 1771 qui
557 1683 664 1771 potius
684 1683 725 1748 ab
742 1682 901 1748 utentium
922 1680 1148 1749 consuetudine
1169 1702 1395 1767 consensuque,
1410 1682 1471 1747 cui

300 1806 391 1850 suam
416 1786 511 1852 unice
535 1784 738 1872 significandi
762 1784 830 1850 vim
856 1807 894 1851 ac
919 1794 1107 1872 potestatem
1132 1784 1258 1863 debent,
1284 1783 1470 1872 accipiendi

300 1897 375 1952 sunt
389 1896 422 1953 et
436 1887 641 1975 approbandi.

365 1990 555 2076 Quanquam
580 2013 652 2056 cum
680 1989 719 2056 τὸ
744 1989 831 2079 ἔχειν
853 1990 1028 2057 innumeris
1051 1990 1155 2057 modis
1177 2000 1352 2078 usurpetur,
1377 1990 1469 2057 nihil

299 2091 449 2159 usitatius
468 2092 511 2158 sit
530 2091 746 2181 Philosophia,
763 2115 861 2180 quam
881 2116 918 2160 eo
940 2093 1124 2161 relationem
1146 2102 1179 2160 et
1199 2102 1376 2181 respectum
1395 2099 1469 2161 τῶν

299 2193 382 2281 πρός
404 2220 438 2260 τι
459 2193 617 2261 denotare.
662 2196 853 2264 Aristoteles
877 2197 912 2263 in
935 2196 1123 2283 Cetegoriis,
1145 2195 1242 2263 Ἐστι
1263 2196 1298 2263 δὲ
1318 2196 1356 2263 τὸ
1378 2195 1467 2265 εἶναι

302 2302 369 2370 τοῖς
382 2297 464 2387 πρός
478 2324 512 2364 τι
526 2297 643 2365 ταύτὸν
664 2303 711 2389 τῷ
731 2299 813 2388 πρός
834 2326 868 2365 τι
885 2304 955 2371 πῶς
976 2299 1072 2389 ἔχειν.
1115 2299 1314 2367 &hecnam
1327 2305 1466 2370 muttit

300 2402 440 2470 constet
457 2403 493 2469 ia
512 2404 576 2484 hoc,
593 2403 676 2490 qaod
695 2404 741 2469 od
760 2404 887 2491 aliquid
905 2428 937 2470 se
959 2417 1039 2471 certo
1060 2404 1149 2469 awdo
1163 2404 1306 2484 habeam,
1321 2404 1371 2471 ccl
1382 2428 1465 2491 quo-

299 2506 463 2575 dammodo
481 2508 545 2573 siat
561 2508 681 2595 affecta.
726 2506 815 2573 lllud
833 2516 940 2572 autem
959 2507 1068 2573 tabae
1089 2505 1332 2573 fundamentum
1352 2506 1462 2573 innuit

296 2631 409 2675 verum
431 2620 464 2676 ct
483 2609 568 2677 reale
589 2609 676 2697 quod
698 2608 833 2675 habetur
857 2618 891 2675 et
914 2608 1067 2697 reperitur
1090 2609 1125 2675 in
1150 2608 1294 2675 terminis
1319 2608 1460 2695 singulm

298 2715 452 2800 cujusque
470 2713 642 2793 relationis,
657 2720 785 2800 propter
806 2710 893 2798 quod
912 2712 966 2778 rel
987 2710 1161 2778 secundum
1183 2712 1269 2800 quod
1289 2733 1325 2779 se
1345 2719 1462 2778 mutuo

297 2817 480 2903 respiciunt.

363 2917 510 2984 Habetur
534 2942 566 2985 v.
577 2942 609 3005 g.
643 2922 718 3008 (quo
742 2917 869 3006 plenius
893 2917 1118 3006 respondeatur
1139 2918 1328 3003 adversario)
1353 2918 1459 2987 deter-

297 3019 419 3087 minata
441 3022 602 3108 quantitas
627 3022 662 3088 in
685 3022 829 3088 terminis
851 3020 1067 3111 cujuscunque
1087 3022 1307 3112 proportionis,
1329 3032 1460 3111 propter

296 3132 354 3188 ant
362 3123 460 3210 juxta
473 3146 570 3210 quam
583 3145 650 3189 una
663 3135 862 3212 comparatur
876 3147 948 3191 cum
970 3125 1034 3191 alit
1043 3150 1052 3208 ;
1074 3126 1160 3193 unde
1181 3126 1281 3193 forma
1302 3126 1458 3215 loquendi

295 3227 494 3313 frequentata
513 3226 703 3309 Geometris,
718 3252 779 3294 nec
797 3231 838 3296 ab
856 3230 925 3318 ipso
944 3252 1008 3296 non
1025 3230 1252 3307 animadversi,
1267 3254 1340 3319 que
1358 3233 1458 3299 ratio-

296 3354 373 3397 num
397 3330 622 3397 similitudines
645 3331 845 3419 explicantur
867 3354 923 3421 per
947 3331 990 3404 oie
1014 3333 1092 3423 ἔχει,
1119 3332 1218 3406 cirrus
1241 3334 1322 3423 ἔχει·
1362 3336 1402 3401 Ut
1425 3360 1458 3403 aa

295 3432 910 3514 hahetAch,itaselaabethdD.

359 3537 436 3605 Non
454 3538 553 3626 igitur
575 3537 689 3603 delirat
710 3536 863 3605 Euclides
887 3538 928 3624 (is
951 3538 1002 3605 cui
1023 3549 1073 3605 tot
1094 3540 1270 3607 seculorum
1292 3542 1455 3609 communi

294 3664 373 3709 voce
396 3642 490 3708 toties
515 3640 723 3708 acclamatum
748 3652 807 3723 est,
831 3665 988 3730 nusquam
1012 3643 1141 3729 errarit)
1168 3644 1224 3711 sed
1249 3645 1277 3732 ej
1343 3667 1455 3713 censor

294 3745 466 3814 insolenter
480 3744 666 3825 cavillatum
689 3745 798 3811 nonis
817 3745 1068 3833 insignificanter
1086 3747 1206 3829 scribit,
1227 3758 1277 3814 ast
1321 3748 1353 3815 ic
1372 3748 1455 3815 osci·

293 3858 398 3915 tanter
418 3847 517 3936 legit3
540 3871 605 3915 non
626 3846 682 3913 ille
703 3848 835 3915 rationis
857 3859 1001 3917 natrnam
1023 3850 1131 3917 minus
1151 3850 1323 3939 perspexit,
1345 3851 1454 3917 ethic
1564 3848 1565 3851 '

294 3953 447 4019 rationem
458 3952 647 4041 explicantis
658 3954 756 4021 verba
768 3954 937 4042 pervertit3
954 3977 1018 4021 non
1029 3954 1166 4043 denique
1180 3956 1275 4022 tussit
1289 3954 1451 4037 Euclides,

800 4118 809 4150 ¹
828 4119 889 4183 Peg.
903 4130 943 4181 45-

345 4388 380 4441 In
398 4387 490 4441 Grcclr
508 4388 616 4442 writers
634 4392 719 4451 σχέσις
736 4390 761 4445 is
778 4391 901 4445 relation.

345 4473 492 4528 Confusion
509 4473 591 4529 nrade
609 4474 694 4529 uboat
712 4477 796 4536 σχέσις
814 4475 849 4544 by
866 4474 1054 4530 Nicomachus.
1085 4474 1088 4481 ’
