3167 5192
304 397 368 463 150
638 406 827 460 uucrronns
849 406 1123 456 mensurnas.
1297 390 1409 475 [usar.
1426 408 1461 455 x.

368 578 454 645 Tum
468 579 497 645 si
511 578 607 667 spatii
621 600 818 667 quacunque
833 577 875 643 sit
889 577 1004 644 idaeam
1022 576 1251 655 examinemus,
1267 574 1351 641 nihil
1372 576 1407 641 in
1426 584 1464 642 et

303 695 417 772 prater
435 681 653 748 extensionem
671 680 841 768 quandam,
857 691 888 747 et
908 678 1113 767 capacitatem
1132 678 1331 745 indefinitam
1352 678 1463 766 depra-

302 784 434 853 hensuri
447 785 611 868 videmur3
634 808 706 873 quae
720 808 792 850 cum
807 784 907 872 ipsius
921 782 1151 869 magnitudinis
1166 783 1230 849 siut
1244 782 1462 871 proprietates,

303 888 398 977 spatii
424 888 550 954 nullum
576 911 596 953 a
620 886 840 974 magnitudine
866 885 1034 953 discrimen
1060 898 1208 972 arguunt,
1236 910 1293 953 cur
1317 887 1405 952 enim
1430 910 1463 951 re

303 985 459 1073 differant,
485 1013 557 1078 quae
586 991 828 1080 proprietatibus
857 988 1059 1075 congruunt?
1102 988 1177 1055 Non
1199 988 1336 1057 Oartesii
1358 990 1462 1071 modo,

305 1094 361 1161 sod
381 1095 482 1183 ipsine
503 1093 687 1159 Aristotelis
708 1103 757 1159 est
778 1094 847 1157 haec
869 1092 1119 1177 argumentatio:
1149 1090 1209 1163 Ὡς
1230 1092 1260 1158 εἰ
1281 1096 1340 1159 τοῦ
1363 1092 1466 1159 τόπον

307 1198 424 1285 (inquit
448 1196 675 1284 Philosophus)
699 1194 800 1280 μηδὲν
825 1194 976 1283 διαφέρει,
1000 1194 1034 1261 τί
1061 1194 1110 1261 δεῖ
1136 1199 1241 1262 ποιεῖν
1269 1194 1374 1261 τόπον
1398 1200 1465 1267 τοῖς

304 1302 436 1385 σώμασι
457 1299 550 1387 παρὰ
570 1298 629 1381 τὴν
651 1298 790 1365 ἑκάστου
808 1298 933 1381 ὅγιιονῆ
959 1298 1000 1365 Si
1011 1300 1193 1385 mapnitado
1206 1322 1313 1365 reram
1325 1324 1349 1364 α
1363 1302 1465 1387 cputrb

303 1405 389 1471 sitit
405 1406 563 1471 diversum
583 1404 673 1469 babet
692 1404 729 1468 ιἰο
745 1425 786 1481 ae,
810 1403 1005 1488 quamobrem
1024 1402 1230 1489 drhtiapaitur
1247 1426 1270 1467 ο
1287 1405 1393 1491 pratri>
1410 1428 1466 1469 οιιο

303 1510 356 1575 rei
367 1509 542 1596 cujuspiam
556 1506 675 1572 mter

370 1610 478 1691 Porro,
495 1608 634 1698 spatium
653 1607 784 1696 siquod
803 1618 851 1673 est
868 1631 890 1673 a
908 1606 1127 1693 magnitudine
1147 1606 1306 1687 differens,
1323 1608 1468 1673 sciscita-

304 1738 376 1781 mur
390 1714 425 1780 in
439 1718 503 1802 qut
516 1736 620 1779 rerum
633 1712 733 1777 clusae
747 1722 926 1800 reponatur.
971 1709 1055 1778 Cum
1069 1712 1154 1777 enim
1168 1734 1218 1777 res
1233 1710 1337 1777 omnis
1352 1724 1411 1777 aut
1424 1734 1469 1777 ex

306 1840 340 1884 se
365 1817 525 1895 subsistat,
552 1825 608 1881 aut
633 1815 757 1881 accidat
780 1814 882 1895 alteri,
908 1824 1055 1881 neutrum
1084 1814 1139 1880 isti
1168 1814 1271 1903 spatio
1296 1814 1469 1881 convenire

305 1920 441 1986 videtur.
485 1917 562 1985 Non
584 1919 625 1985 ad
646 1918 832 1985 substantiae
853 1917 1042 2005 dignitatem
1060 1917 1162 2006 ipsius
1182 1918 1308 2005 patroni
1325 1919 1469 2006 spatium

306 2022 451 2103 eveheut,
471 2044 530 2087 nec
550 2044 601 2088 res
622 2022 693 2110 ipsa
713 2022 860 2109 patietur.
908 2020 972 2089 Sed
993 2044 1052 2087 nec
1073 2021 1217 2087 accidens
1238 2031 1296 2103 est,
1312 2022 1469 2109 quoniam

307 2125 394 2191 omni
418 2125 604 2191 substantiae
627 2125 841 2192 extrinsecum
864 2134 921 2201 est,
944 2136 976 2192 et
998 2146 1071 2191 oum
1093 2130 1131 2191 et
1151 2146 1215 2190 non
1237 2124 1468 2204 circumfertur,

306 2232 406 2314 etque
419 2227 546 2293 sublatt
558 2237 739 2315 permanet;
761 2237 794 2293 et
808 2228 848 2293 ab
863 2226 926 2291 alit
939 2226 1030 2292 nullt
1044 2249 1078 2293 re
1091 2225 1217 2315 pendet.

372 2330 527 2397 Praetereo
541 2328 680 2396 Zenonis
693 2330 788 2395 istam
803 2331 977 2417 argutiam;
998 2330 1085 2419 quod
1098 2354 1148 2397 res
1163 2330 1266 2396 omnis
1280 2330 1323 2397 sit
1337 2328 1467 2411 alicubi,

307 2433 444 2521 spatium
466 2456 541 2521 ergo
564 2434 591 2499 si
613 2434 656 2500 sit
677 2434 800 2522 aliquid
821 2437 862 2500 ab
884 2434 955 2500 aliis
977 2433 1170 2515 distinctum,
1189 2433 1306 2500 alieubi
1328 2433 1467 2512 existen

307 2537 391 2604 unde
405 2537 500 2626 spatii
514 2537 653 2625 spatium
667 2536 737 2616 erit,
752 2546 785 2603 et
799 2536 895 2625 hujus
910 2536 1038 2602 secundi
1056 2537 1151 2625 spatii
1169 2537 1306 2625 spatium
1322 2536 1422 2616 aliud,
1437 2550 1468 2603 et

307 2641 353 2707 sic
374 2641 516 2721 infinite3
539 2640 625 2729 quod
645 2640 802 2708 ludicrum
821 2652 879 2707 est.
927 2640 982 2726 (Εἰ
1000 2644 1068 2707 πᾶν
1087 2639 1124 2707 τὸ
1143 2639 1181 2707 ὂν
1198 2641 1232 2707 ἐν
1251 2639 1350 2729 τόπῳ,
1366 2638 1468 2721 δῆλον

308 2741 360 2809 ’ὅτι
379 2744 435 2811 καὶ
453 2747 510 2810 τοῦ
528 2744 631 2811 τόπον
650 2742 751 2813 τόπος
768 2741 873 2824 ἔσται,
891 2742 947 2808 καὶ
961 2745 1056 2809 τοῦτο
1071 2741 1115 2815 εἰς
1134 2740 1268 2831 ἄπειρον
1284 2740 1466 2829 πρόεισιν”;

308 2860 345 2915 ut
359 2859 407 2915 est
417 2847 503 2936 apud
517 2848 750 2936 Philosophum
764 2847 799 2913 in
815 2846 988 2934 Physicis).

374 2950 543 3038 Ejusmodi
561 2950 734 3017 ratiociniis
752 2951 960 3037 impugnatur
979 2950 1074 3039 spatii
1093 2950 1187 3017 realis
1207 2972 1226 3015 a
1245 2948 1466 3036 magnitudine
1553 3018 1554 3021 ,

309 3052 493 3119 diversitas:
517 3063 551 3120 at
564 3076 630 3119 non
642 3056 749 3121 minus
764 3055 880 3121 validis
895 3054 928 3119 in
944 3055 1079 3143 speciem
1095 3052 1291 3142 argumentis
1304 3054 1465 3119 astruitur.

310 3154 396 3221 Nam
414 3155 527 3243 primo,
547 3178 729 3223 communes
747 3156 914 3222 hominum
934 3169 1102 3245 conceptus
1121 3155 1320 3245 appellando,
1342 3154 1466 3221 videtur

310 3258 458 3323 omnibus
477 3270 533 3324 aut
552 3258 662 3325 innata
678 3260 730 3326 vel
750 3259 896 3326 alicunde
916 3260 1093 3346 conquisita
1111 3260 1198 3325 notio
1219 3257 1314 3346 spatii
1336 3280 1356 3323 a
1374 3258 1465 3324 rebus

310 3362 462 3430 distincti.
507 3363 558 3429 Τὰ
582 3362 660 3429 ὄντα
684 3362 803 3433 πάντες
828 3361 1120 3446 ὑπολαμβάνουσιν
1146 3361 1227 3429 εἶναι
1251 3362 1341 3443 ποῦ’,
1363 3362 1466 3450 inquit

310 3467 516 3534 Aristoteles:
539 3466 571 3533 h.
581 3490 608 3534 e.
632 3466 752 3533 Omnes
772 3467 841 3534 Ubi
860 3490 964 3533 rerum
984 3468 1090 3533 animo
1109 3480 1255 3556 separant
1269 3467 1311 3533 ab
1326 3466 1464 3556 ipsarum
1553 3480 1554 3517 ³

310 3572 402 3643 Esse.
1553 3576 1554 3595 ¹

376 3673 528 3756 Quinimo
547 3673 666 3761 vulgus
686 3674 852 3740 hominum
874 3674 1043 3761 imaginari
1064 3673 1229 3741 consucvit
1248 3670 1466 3761 ὑφιστάμειόν
1553 3642 1554 3697 l

410 3845 419 3881 ¹
436 3844 511 3909 Ptyr.
524 3844 597 3894 Αιιοι.
611 3856 647 3893 ιν.
666 3858 703 3893 12.
844 3841 946 3907 ’Ptya
961 3854 997 3894 rr.
1013 3856 1034 3905 3.
1175 3840 1187 3873 ⁸
1205 3840 1279 3905 Ptps.
1293 3854 1329 3891 Ν.
1348 3856 1367 3893 ι.

365 4154 408 4225 (t)
442 4155 502 4210 The
513 4154 583 4211 Idea
593 4150 877 4225 ofspaceisnothing
887 4150 940 4206 but
952 4150 1103 4207 extension.
1130 4148 1273 4205 Aristotlc.
1301 4144 1448 4203 Oartcsius

365 4240 408 4311 (3)
444 4241 474 4296 If
482 4241 506 4298 it
516 4240 552 4296 bc
563 4240 693 4298 different
703 4240 774 4295 from
786 4238 955 4309 magnitude,
966 4238 991 4293 is
1002 4238 1026 4294 it
1038 4236 1184 4294 substance
1195 4252 1227 4291 or
1238 4232 1380 4291 accidentt

365 4328 461 4383 Zeno's
471 4332 631 4397 argument:
650 4328 743 4398 Speos,
755 4324 853 4396 isreal,
864 4324 889 4379 is
901 4325 934 4380 ιἰι
946 4340 1034 4395 space.

367 4416 539 4483 Argumenta
550 4413 593 4469 tor
604 4414 652 4469 the
664 4413 762 4483 raality
773 4412 805 4468 ot
813 4426 910 4482 space:

366 4502 406 4561 (1)
442 4496 611 4569 Ererything
622 4496 646 4552 is
657 4497 825 4553 somcwhcre
836 4494 865 4549 in
877 4510 967 4564 space,
979 4510 1010 4551 as
1021 4492 1058 4551 all
1070 4492 1203 4549 conceive.
