3167 5192
292 380 354 445 152
627 394 815 446 uucnouas
838 394 1110 445 unruunnmon.
1288 376 1396 459 [uua-u
1414 392 1450 441 x.

290 566 454 653 angustior
479 575 528 631 est
550 574 618 631 tota
643 588 747 631 rerum
772 564 971 644 universitas,
996 587 1092 652 quam
1119 570 1155 629 ut
1179 563 1250 630 Deo
1273 562 1451 641 coexistat3

288 670 425 735 extimos
446 667 501 734 ille
522 690 627 735 rerum
651 667 731 735 fines
755 667 966 747 transcendit;
997 667 1139 755 adeoque
1161 667 1294 733 materia
1314 689 1380 733 non
1402 680 1452 733 est

289 772 329 838 de
344 772 426 838 facto
440 771 483 836 ad
496 771 657 836 infinitum
671 782 829 859 protensa,
844 770 961 836 nedum
975 781 1013 836 ut
1027 772 1201 837 necessario
1215 770 1290 836 talis
1304 780 1364 837 est.

354 874 491 961 Regeret
511 872 681 953 Cartesius,
702 873 777 939 Ideo
798 874 1004 939 necesarium
1025 886 1148 953 cesara
1169 876 1307 939 materia
1327 873 1452 959 infinite

283 978 500 1068 protendatur,
515 977 663 1064 quantum
679 977 852 1063 &dunque
859 976 943 1063 floea
959 978 1025 1065 qua
1036 978 1210 1065 finqomae,
1225 1001 1346 1065 semper
1364 976 1452 1042 alera

289 1086 373 1172 ipsos
388 1083 499 1169 aliqua
517 1083 623 1169 qratia
641 1080 801 1166 indefinite
820 1094 944 1147 mensa
963 1105 1027 1147 aaa
1045 1082 1134 1147 modo
1154 1081 1383 1168 intepretamur,
1398 1080 1454 1146 aad

290 1188 385 1253 etiam
405 1210 475 1253 uere
493 1184 726 1271 inopinabilia,
744 1184 801 1249 loc
822 1197 875 1263 eat,
895 1185 998 1251 realia
1019 1209 1082 1251 asae
1095 1186 1303 1273 percepimus,
1318 1209 1358 1251 aa
1372 1208 1452 1271 pro-

289 1290 362 1357 inde
376 1290 472 1355 etiam
489 1288 696 1355 achemeniam
715 1310 892 1375 corpoream
911 1288 1071 1375 indefinite
1089 1301 1247 1355 mamam
1265 1289 1302 1353 ia
1316 1288 1362 1354 ὥ
1380 1311 1452 1353 coa-

291 1394 405 1476 tiaera',·
426 1394 505 1481 quea
521 1392 637 1459 radicet
655 1391 739 1457 idaeo
757 1390 824 1478 epita
843 1392 1038 1470 amioum,
1055 1416 1150 1479 quam
1168 1393 1204 1457 in
1223 1393 1327 1479 spatio
1347 1390 1453 1484 quoli-

289 1520 407 1585 cunque
417 1496 616 1584 concipimus,
629 1494 734 1561 eodem
741 1494 840 1582 plane
851 1508 896 1560 est
910 1518 979 1561 cnm
989 1496 1072 1561 idaea
1081 1496 1260 1561 adstantia
1271 1518 1427 1583 corporeae
1432 1495 1451 1560 ¹.

355 1597 475 1665 Verum
490 1597 560 1667 haec
574 1596 654 1662 ratio
669 1596 816 1662 subtilior
833 1596 960 1663 videtur
979 1620 1075 1684 quam
1095 1596 1233 1663 solidior.
1278 1597 1366 1663 Nam
1386 1596 1453 1685 pri·

289 1725 343 1769 mo
357 1700 523 1768 materiam
537 1710 610 1765 actu
624 1697 783 1764 infinitam
798 1722 891 1767 nemo
908 1700 1054 1787 concipit,
1071 1711 1126 1766 aut
1142 1700 1305 1789 concipere
1323 1712 1449 1789 potest3

289 1805 455 1871 indefinite
479 1826 555 1869 vero
578 1812 759 1892 protensam
780 1802 953 1890 concipere,
977 1802 1059 1867 nihil
1082 1813 1130 1869 est
1152 1803 1239 1869 aliud
1261 1826 1359 1892 quam
1380 1804 1453 1890 ejus

290 1908 441 1974 terminos
456 1929 520 1972 non
534 1907 700 1992 attingere,
716 1905 770 1972 vel
783 1905 889 1971 nullos
903 1906 933 1971 ei
948 1916 1048 1971 certos
1063 1905 1181 1972 limites
1196 1905 1230 1970 iu
1249 1906 1357 1971 animo
1372 1906 1453 1971 deli·

290 2032 382 2097 gere;
405 2009 488 2075 sicut
500 2008 617 2095 vulgus
631 2008 797 2073 hominurn
811 2007 933 2075 telluris
951 2008 1116 2095 planitiem
1131 2008 1295 2074 indefinite
1308 2017 1452 2095 protrac-

290 2124 357 2178 tam
379 2112 549 2197 existimst,
565 2120 621 2178 aut
642 2123 750 2178 astans
771 2111 868 2177 maris
890 2112 999 2193 littori,
1017 2112 1136 2178 incerto
1157 2112 1260 2177 limite
1282 2112 1452 2179 definitum

291 2240 397 2305 sequor
418 2216 554 2303 cogitat5
591 2216 644 2282 vel
665 2216 747 2283 sicut
767 2239 878 2283 arenas
900 2217 996 2282 maris
1019 2216 1182 2284 indefinite
1203 2216 1321 2283 multas
1344 2218 1452 2284 conci-

291 2320 406 2409 pimus.

356 2426 465 2507 Porro,
480 2447 523 2491 ex
537 2447 574 2491 eo
589 2423 675 2511 quod
690 2422 775 2489 ultra
792 2422 987 2511 praestitutas
1004 2444 1207 2511 quascunque
1224 2433 1328 2490 metas
1348 2425 1454 2512 spatia

291 2528 437 2617 quaedam
450 2526 621 2614 imaginari
638 2548 816 2614 possumus,
833 2524 921 2591 nullo
936 2536 1028 2613 pacto
1042 2526 1183 2612 sequitu
1197 2538 1270 2592 actu
1283 2528 1452 2593 materiam
1562 2530 1563 2535 ’

290 2634 430 2722 aliquam
449 2633 629 2699 ulteriorem
648 2630 793 2696 existere.
839 2629 880 2694 Id
902 2628 1014 2695 saltem
1036 2629 1249 2696 verisimiliter
1270 2630 1450 2716 colligetur,

290 2737 361 2804 ideo
375 2759 467 2824 posse
482 2735 578 2801 talem
592 2733 745 2812 existere;
769 2732 846 2819 quia
859 2755 973 2819 nempe
987 2731 1136 2819 quicquid
1156 2754 1213 2797 nos
1234 2743 1270 2797 nt
1286 2733 1453 2801 evidenter

290 2838 442 2927 possibile
463 2837 663 2925 percipimus,
684 2833 719 2899 id
740 2834 827 2900 valet
848 2833 958 2899 divine
978 2845 1118 2921 potestas
1140 2835 1286 2902 effecmm
1308 2836 1449 2903 reddere
1563 2872 1564 2927 p

291 2940 465 3007 Enimvero
479 2939 645 3004 innumera
659 2961 717 3004 nos
731 2939 899 3025 imaginari
913 2962 1014 3025 posse,
1027 2961 1098 3025 quae
1112 2962 1170 3005 nec
1184 2949 1268 3019 sunt,
1285 2962 1344 3005 nec
1359 2954 1452 3007 erunt

291 3066 442 3131 unquam,
466 3044 538 3129 quis
563 3042 679 3107 mentis
704 3063 832 3129 compos
858 3041 980 3107 inficias
1006 3041 1101 3108 ierit?
1145 3041 1201 3107 Nil
1225 3056 1394 3130 repugnat,
1420 3054 1452 3110 et

291 3146 383 3213 facile
397 3168 522 3235 possem
536 3146 713 3232 imaginari,
728 3169 792 3211 non
809 3168 898 3213 secus
915 3169 953 3213 ae
967 3170 985 3213 e
1000 3147 1097 3233 vulgo
1117 3146 1261 3234 quilibet,
1282 3148 1331 3214 nti
1352 3148 1452 3215 adno-

292 3259 393 3317 tatum
414 3248 519 3331 modo,
538 3249 683 3315 tellurem
704 3249 746 3314 ad
767 3272 908 3315 summas
927 3250 1001 3317 coeli
1018 3273 1098 3330 oras,
1119 3262 1150 3317 et
1172 3260 1315 3317 extrema
1337 3252 1450 3317 mundi

291 3353 410 3421 moenia
423 3352 617 3442 pertingerc3
633 3352 753 3441 possim
769 3352 878 3421 Solem
893 3353 1009 3419 millies
1023 3354 1183 3441 majorem,
1197 3354 1324 3419 Lunam
1339 3356 1451 3421 multis

291 3458 476 3547 parasangis
493 3457 757 3547 propinquiorem,
774 3457 882 3523 stellas
897 3456 1041 3544 plurimis
1063 3458 1188 3524 vicibus
1208 3460 1448 3539 numerosiores,

291 3573 324 3631 et
338 3575 488 3631 sexcenta
501 3562 578 3628 talia
592 3561 678 3627 factu
691 3560 877 3648 neutiquam
891 3560 1109 3648 impossibilia,
1124 3583 1227 3648 neque
1247 3562 1375 3649 penitus
1395 3562 1450 3627 al>

292 3665 397 3747 surda,
412 3688 536 3731 mecum
550 3663 656 3729 animo
676 3650 828 3743 uolutare,
845 3684 916 3749 quse
936 3672 1044 3729 tamen
1063 3686 1104 3728 an
1124 3663 1239 3730 idcirco
1261 3688 1338 3730 vera
1358 3678 1450 3731 erunt

292 3769 332 3836 de
354 3768 461 3836 facto?
483 3792 548 3835 non
568 3777 652 3835 certe
673 3768 777 3854 magis
800 3790 895 3854 quem
917 3768 1041 3833 somnis
1062 3768 1193 3855 quaevis,
1215 3778 1270 3833 aut
1291 3790 1448 3855 segrormn

292 3872 411 3939 deliria.
456 3870 713 3958 Imaginabilitas
736 3870 835 3957 igitur
856 3869 1090 3957 quantumlibet
1111 3870 1204 3937 realis
1226 3869 1266 3935 ad
1288 3893 1447 3937 summurn

291 3975 337 4040 rci
358 3974 600 4062 possibilitatem
623 3974 772 4061 aliquam,
797 3996 861 4039 non
887 3972 1041 4041 acumem
1064 3972 1265 4040 existentiam
1289 3972 1447 4041 ullatenus

759 4126 768 4156 ¹
787 4124 872 4175 Princ.
887 4138 916 4173 11.
932 4140 970 4176 rr.

345 4404 493 4462 Oartodua'
511 4409 664 4475 argument,
683 4406 748 4462 that
766 4406 817 4462 the
836 4407 900 4462 idea
918 4406 949 4461 of
970 4422 1051 4476 space
1071 4406 1095 4461 ia
1115 4406 1228 4461 infinito.

346 4489 516 4562 Imagimble
533 4506 615 4560 space
634 4489 702 4545 does
720 4494 770 4545 not
786 4508 872 4560 prore
891 4490 946 4547 real
968 4508 1056 4561 space.
