<?xml version="1.0" encoding="UTF-8"?>
<!DOCTYPE html PUBLIC "-//W3C//DTD XHTML 1.0 Transitional//EN"
    "http://www.w3.org/TR/xhtml1/DTD/xhtml1-transitional.dtd">
<html xmlns="http://www.w3.org/1999/xhtml" xml:lang="en" lang="en">
 <head>
  <title>
</title>
<meta http-equiv="Content-Type" content="text/html;charset=utf-8" />
  <meta name='ocr-system' content='tesseract 3.04.00' />
  <meta name='ocr-capabilities' content='ocr_page ocr_carea ocr_par ocr_line ocrx_word'/>
</head>
<body>
  <div class='ocr_page' id='page_1' title='image "./mathematicalwor00whewgoog_0197.png"; bbox 0 0 3167 5192; ppageno 0'>
   <div class='ocr_carea' id='block_1_1' title="bbox 103 368 1283 456">
    <p class='ocr_par' dir='ltr' id='par_1_1' title="bbox 103 368 1283 456">
     <span class='ocr_line' id='line_1_1' title="bbox 103 368 1283 456; baseline 0 -19"><span class='ocrx_word' id='word_1_1' title='bbox 103 368 269 456; x_wconf 65' lang='lat' dir='ltr'><strong>aucam]</strong></span> <span class='ocrx_word' id='word_1_2' title='bbox 423 385 610 439; x_wconf 79' lang='lat' dir='ltr'><strong>nacrrouaa</strong></span> <span class='ocrx_word' id='word_1_3' title='bbox 631 385 907 439; x_wconf 75' lang='lat' dir='ltr'><strong>murmurem.</strong></span> <span class='ocrx_word' id='word_1_4' title='bbox 1185 371 1248 441; x_wconf 79' lang='lat'><strong>173</strong></span> <span class='ocrx_word' id='word_1_5' title='bbox 1276 400 1283 409; x_wconf 86' lang='lat'>·</span> 
     </span>
    </p>
   </div>
   <div class='ocr_carea' id='block_1_2' title="bbox 99 556 1257 3957">
    <p class='ocr_par' dir='ltr' id='par_1_2' title="bbox 99 556 1251 1371">
     <span class='ocr_line' id='line_1_2' title="bbox 100 556 1250 644; baseline 0.007 -23"><span class='ocrx_word' id='word_1_6' title='bbox 100 556 294 644; x_wconf 84' lang='lat' dir='ltr'><strong>aliquatenus</strong></span> <span class='ocrx_word' id='word_1_7' title='bbox 311 558 479 625; x_wconf 87' lang='lat' dir='ltr'><strong>immutato</strong></span> <span class='ocrx_word' id='word_1_8' title='bbox 496 557 570 641; x_wconf 86' lang='lat' dir='ltr'><strong>sita,</strong></span> <span class='ocrx_word' id='word_1_9' title='bbox 586 569 620 625; x_wconf 90' lang='lat' dir='ltr'><strong>at</strong></span> <span class='ocrx_word' id='word_1_10' title='bbox 634 557 744 625; x_wconf 83' lang='lat' dir='ltr'>ordine</span> <span class='ocrx_word' id='word_1_11' title='bbox 759 558 969 625; x_wconf 84' lang='lat' dir='ltr'><strong>nihilominus</strong></span> <span class='ocrx_word' id='word_1_12' title='bbox 990 570 1183 643; x_wconf 85' lang='lat' dir='ltr'><strong>conservato,</strong></span> <span class='ocrx_word' id='word_1_13' title='bbox 1199 584 1250 629; x_wconf 89' lang='lat' dir='ltr'><strong>re·</strong></span> 
     </span>
     <span class='ocr_line' id='line_1_3' title="bbox 99 661 1250 753; baseline 0.003 -25"><span class='ocrx_word' id='word_1_14' title='bbox 99 666 243 749; x_wconf 71' lang='lat' dir='ltr'><strong>tantaque</strong></span> <span class='ocrx_word' id='word_1_15' title='bbox 267 662 366 751; x_wconf 85' lang='lat' dir='ltr'>priori</span> <span class='ocrx_word' id='word_1_16' title='bbox 389 661 589 750; x_wconf 86' lang='lat' dir='ltr'><strong>singularum</strong></span> <span class='ocrx_word' id='word_1_17' title='bbox 613 662 831 749; x_wconf 73' lang='lat' dir='ltr'><strong>contiguitate.</strong></span> <span class='ocrx_word' id='word_1_18' title='bbox 876 663 1043 743; x_wconf 81' lang='lat' dir='ltr'><strong>Quomodo</strong></span> <span class='ocrx_word' id='word_1_19' title='bbox 1071 664 1250 753; x_wconf 76' lang='lat' dir='ltr'>peripheria</span> 
     </span>
     <span class='ocr_line' id='line_1_4' title="bbox 100 766 1250 855; baseline 0.004 -25"><span class='ocrx_word' id='word_1_20' title='bbox 100 767 210 847; x_wconf 90' lang='lat' dir='ltr'><strong>circuli,</strong></span> <span class='ocrx_word' id='word_1_21' title='bbox 223 767 280 833; x_wconf 77' lang='lat' dir='ltr'><strong>rel</strong></span> <span class='ocrx_word' id='word_1_22' title='bbox 295 766 360 833; x_wconf 87' lang='lat' dir='ltr'><strong>alia</strong></span> <span class='ocrx_word' id='word_1_23' title='bbox 372 767 495 854; x_wconf 78' lang='lat' dir='ltr'><strong>quaevis</strong></span> <span class='ocrx_word' id='word_1_24' title='bbox 509 790 615 848; x_wconf 82' lang='lat' dir='ltr'><strong>curva,</strong></span> <span class='ocrx_word' id='word_1_25' title='bbox 630 768 678 833; x_wconf 87' lang='lat' dir='ltr'><strong>sic</strong></span> <span class='ocrx_word' id='word_1_26' title='bbox 691 766 800 832; x_wconf 89' lang='lat' dir='ltr'><strong>diduci</strong></span> <span class='ocrx_word' id='word_1_27' title='bbox 814 776 919 855; x_wconf 87' lang='lat' dir='ltr'><strong>potest</strong></span> <span class='ocrx_word' id='word_1_28' title='bbox 933 778 989 833; x_wconf 90' lang='lat' dir='ltr'><strong>aut</strong></span> <span class='ocrx_word' id='word_1_29' title='bbox 1003 767 1143 849; x_wconf 85' lang='lat' dir='ltr'><strong>extendi,</strong></span> <span class='ocrx_word' id='word_1_30' title='bbox 1159 778 1196 835; x_wconf 87' lang='lat' dir='ltr'><strong>ut</strong></span> <span class='ocrx_word' id='word_1_31' title='bbox 1214 768 1250 835; x_wconf 91' lang='lat' dir='ltr'><strong>in</strong></span> 
     </span>
     <span class='ocr_line' id='line_1_5' title="bbox 99 870 1250 959; baseline 0.003 -24"><span class='ocrx_word' id='word_1_32' title='bbox 99 880 209 935; x_wconf 86' lang='lat' dir='ltr'><strong>rectam</strong></span> <span class='ocrx_word' id='word_1_33' title='bbox 227 870 349 937; x_wconf 85' lang='lat' dir='ltr'><strong>lineam</strong></span> <span class='ocrx_word' id='word_1_34' title='bbox 367 880 517 952; x_wconf 66' lang='lat' dir='ltr'><strong>transm,</strong></span> <span class='ocrx_word' id='word_1_35' title='bbox 537 870 679 959; x_wconf 87' lang='lat' dir='ltr'><strong>adeoque</strong></span> <span class='ocrx_word' id='word_1_36' title='bbox 697 882 791 937; x_wconf 82' lang='lat' dir='ltr'><strong>rectae</strong></span> <span class='ocrx_word' id='word_1_37' title='bbox 808 870 902 937; x_wconf 84' lang='lat' dir='ltr'><strong>lineae</strong></span> <span class='ocrx_word' id='word_1_38' title='bbox 919 882 1089 958; x_wconf 88' lang='lat' dir='ltr'><strong>congruat;</strong></span> <span class='ocrx_word' id='word_1_39' title='bbox 1113 881 1145 939; x_wconf 86' lang='lat' dir='ltr'><strong>et</strong></span> <span class='ocrx_word' id='word_1_40' title='bbox 1165 880 1250 939; x_wconf 81' lang='lat' dir='ltr'><strong>recta</strong></span> 
     </span>
     <span class='ocr_line' id='line_1_6' title="bbox 99 972 1250 1063; baseline 0.003 -23"><span class='ocrx_word' id='word_1_41' title='bbox 99 972 177 1040; x_wconf 87' lang='lat' dir='ltr'><strong>linea</strong></span> <span class='ocrx_word' id='word_1_42' title='bbox 189 974 237 1040; x_wconf 87' lang='lat' dir='ltr'><strong>sic</strong></span> <span class='ocrx_word' id='word_1_43' title='bbox 250 974 415 1041; x_wconf 82' lang='lat' dir='ltr'><strong>incurvari</strong></span> <span class='ocrx_word' id='word_1_44' title='bbox 429 984 594 1063; x_wconf 71' lang='lat' dir='ltr'><strong>potestat</strong></span> <span class='ocrx_word' id='word_1_45' title='bbox 609 975 644 1040; x_wconf 91' lang='lat' dir='ltr'><strong>in</strong></span> <span class='ocrx_word' id='word_1_46' title='bbox 664 974 874 1063; x_wconf 86' lang='lat' dir='ltr'><strong>peripheriam</strong></span> <span class='ocrx_word' id='word_1_47' title='bbox 891 974 1010 1056; x_wconf 91' lang='lat' dir='ltr'><strong>circuli,</strong></span> <span class='ocrx_word' id='word_1_48' title='bbox 1026 976 1079 1041; x_wconf 86' lang='lat' dir='ltr'><strong>val</strong></span> <span class='ocrx_word' id='word_1_49' title='bbox 1099 975 1133 1041; x_wconf 92' lang='lat' dir='ltr'><strong>in</strong></span> <span class='ocrx_word' id='word_1_50' title='bbox 1153 975 1250 1043; x_wconf 88' lang='lat' dir='ltr'><strong>aliam</strong></span> 
     </span>
     <span class='ocr_line' id='line_1_7' title="bbox 100 1076 1251 1165; baseline 0.003 -24"><span class='ocrx_word' id='word_1_51' title='bbox 100 1099 302 1164; x_wconf 72' lang='lat' dir='ltr'><strong>quancunque</strong></span> <span class='ocrx_word' id='word_1_52' title='bbox 316 1100 447 1143; x_wconf 88' lang='lat' dir='ltr'><strong>curvam</strong></span> <span class='ocrx_word' id='word_1_53' title='bbox 461 1077 639 1164; x_wconf 79' lang='lat' dir='ltr'><strong>degeneret.</strong></span> <span class='ocrx_word' id='word_1_54' title='bbox 682 1076 821 1163; x_wconf 82' lang='lat' dir='ltr'><strong>Parique</strong></span> <span class='ocrx_word' id='word_1_55' title='bbox 835 1076 929 1143; x_wconf 93' lang='lat' dir='ltr'><strong>modo</strong></span> <span class='ocrx_word' id='word_1_56' title='bbox 944 1077 1067 1165; x_wconf 78' lang='lat' dir='ltr'><strong>qumvis</strong></span> <span class='ocrx_word' id='word_1_57' title='bbox 1081 1100 1179 1145; x_wconf 86' lang='lat' dir='ltr'><strong>curva</strong></span> <span class='ocrx_word' id='word_1_58' title='bbox 1197 1100 1251 1145; x_wconf 87' lang='lat' dir='ltr'><strong>au·</strong></span> 
     </span>
     <span class='ocr_line' id='line_1_8' title="bbox 100 1178 1251 1269; baseline 0.003 -24"><span class='ocrx_word' id='word_1_59' title='bbox 100 1178 233 1265; x_wconf 87' lang='lat' dir='ltr'><strong>perficies</strong></span> <span class='ocrx_word' id='word_1_60' title='bbox 247 1179 285 1245; x_wconf 90' lang='lat' dir='ltr'><strong>in</strong></span> <span class='ocrx_word' id='word_1_61' title='bbox 302 1180 433 1268; x_wconf 85' lang='lat' dir='ltr'><strong>planam</strong></span> <span class='ocrx_word' id='word_1_62' title='bbox 447 1178 589 1260; x_wconf 86' lang='lat' dir='ltr'><strong>extendi,</strong></span> <span class='ocrx_word' id='word_1_63' title='bbox 603 1178 809 1267; x_wconf 75' lang='lat' dir='ltr'><strong>vicissimque</strong></span> <span class='ocrx_word' id='word_1_64' title='bbox 824 1180 946 1267; x_wconf 78' lang='lat' dir='ltr'><strong>quavis</strong></span> <span class='ocrx_word' id='word_1_65' title='bbox 959 1180 1055 1269; x_wconf 86' lang='lat' dir='ltr'><strong>plana</strong></span> <span class='ocrx_word' id='word_1_66' title='bbox 1068 1181 1251 1269; x_wconf 83' lang='lat' dir='ltr'><strong>superficies</strong></span> 
     </span>
     <span class='ocr_line' id='line_1_9' title="bbox 100 1281 531 1371; baseline 0.007 -25"><span class='ocrx_word' id='word_1_67' title='bbox 100 1281 269 1348; x_wconf 83' lang='lat' dir='ltr'><strong>incurvam</strong></span> <span class='ocrx_word' id='word_1_68' title='bbox 284 1282 407 1348; x_wconf 87' lang='lat' dir='ltr'><strong>inflecti</strong></span> <span class='ocrx_word' id='word_1_69' title='bbox 420 1282 531 1371; x_wconf 88' lang='lat' dir='ltr'><strong>possit.</strong></span> 
     </span>
    </p>

    <p class='ocr_par' dir='ltr' id='par_1_3' title="bbox 100 1385 1257 3854">
     <span class='ocr_line' id='line_1_10' title="bbox 156 1385 1251 1476; baseline 0.004 -25"><span class='ocrx_word' id='word_1_70' title='bbox 156 1385 201 1451; x_wconf 84' lang='lat' dir='ltr'><strong>Et</strong></span> <span class='ocrx_word' id='word_1_71' title='bbox 218 1386 353 1474; x_wconf 89' lang='lat' dir='ltr'><strong>quidem</strong></span> <span class='ocrx_word' id='word_1_72' title='bbox 378 1390 427 1474; x_wconf 84' lang='lat' dir='ltr'><strong>(ut</strong></span> <span class='ocrx_word' id='word_1_73' title='bbox 447 1387 508 1453; x_wconf 91' lang='lat' dir='ltr'><strong>hoc</strong></span> <span class='ocrx_word' id='word_1_74' title='bbox 528 1387 676 1453; x_wconf 89' lang='lat' dir='ltr'><strong>nonnihil</strong></span> <span class='ocrx_word' id='word_1_75' title='bbox 697 1387 831 1455; x_wconf 80' lang='lat' dir='ltr'><strong>ulterius</strong></span> <span class='ocrx_word' id='word_1_76' title='bbox 853 1388 1060 1476; x_wconf 83' lang='lat' dir='ltr'><strong>explicemus)</strong></span> <span class='ocrx_word' id='word_1_77' title='bbox 1084 1388 1120 1455; x_wconf 91' lang='lat' dir='ltr'><strong>in</strong></span> <span class='ocrx_word' id='word_1_78' title='bbox 1140 1388 1251 1455; x_wconf 87' lang='lat' dir='ltr'><strong>multia</strong></span> 
     </span>
     <span class='ocr_line' id='line_1_11' title="bbox 100 1488 1251 1579; baseline 0.004 -25"><span class='ocrx_word' id='word_1_79' title='bbox 100 1489 249 1577; x_wconf 90' lang='lat' dir='ltr'><strong>quomodo</strong></span> <span class='ocrx_word' id='word_1_80' title='bbox 269 1490 354 1556; x_wconf 83' lang='lat' dir='ltr'><strong>fiant</strong></span> <span class='ocrx_word' id='word_1_81' title='bbox 372 1512 392 1557; x_wconf 89' lang='lat' dir='ltr'><strong>e</strong></span> <span class='ocrx_word' id='word_1_82' title='bbox 409 1490 504 1556; x_wconf 84' lang='lat' dir='ltr'><strong>rectis</strong></span> <span class='ocrx_word' id='word_1_83' title='bbox 522 1488 617 1557; x_wconf 86' lang='lat' dir='ltr'><strong>lineia</strong></span> <span class='ocrx_word' id='word_1_84' title='bbox 636 1490 729 1558; x_wconf 84' lang='lat' dir='ltr'><strong>lineoe</strong></span> <span class='ocrx_word' id='word_1_85' title='bbox 747 1513 863 1573; x_wconf 73' lang='lat' dir='ltr'><strong>cuwoe,</strong></span> <span class='ocrx_word' id='word_1_86' title='bbox 882 1502 914 1559; x_wconf 87' lang='lat' dir='ltr'><strong>ct</strong></span> <span class='ocrx_word' id='word_1_87' title='bbox 932 1492 967 1557; x_wconf 90' lang='lat' dir='ltr'><strong>in</strong></span> <span class='ocrx_word' id='word_1_88' title='bbox 984 1515 1064 1579; x_wconf 83' lang='lat' dir='ltr'><strong>quas</strong></span> <span class='ocrx_word' id='word_1_89' title='bbox 1081 1492 1133 1559; x_wconf 82' lang='lat' dir='ltr'><strong>hae</strong></span> <span class='ocrx_word' id='word_1_90' title='bbox 1150 1502 1251 1559; x_wconf 86' lang='lat' dir='ltr'><strong>rectas</strong></span> 
     </span>
     <span class='ocr_line' id='line_1_12' title="bbox 101 1591 1250 1684; baseline 0.003 -25"><span class='ocrx_word' id='word_1_91' title='bbox 101 1591 307 1674; x_wconf 80' lang='lat' dir='ltr'><strong>resolvantur3</strong></span> <span class='ocrx_word' id='word_1_92' title='bbox 330 1615 391 1660; x_wconf 88' lang='lat' dir='ltr'><strong>neo</strong></span> <span class='ocrx_word' id='word_1_93' title='bbox 404 1615 470 1658; x_wconf 93' lang='lat' dir='ltr'><strong>non</strong></span> <span class='ocrx_word' id='word_1_94' title='bbox 483 1616 502 1659; x_wconf 93' lang='lat' dir='ltr'><strong>e</strong></span> <span class='ocrx_word' id='word_1_95' title='bbox 515 1593 633 1681; x_wconf 87' lang='lat' dir='ltr'><strong>quihus</strong></span> <span class='ocrx_word' id='word_1_96' title='bbox 652 1594 758 1683; x_wconf 83' lang='lat' dir='ltr'><strong>planis</strong></span> <span class='ocrx_word' id='word_1_97' title='bbox 776 1595 919 1661; x_wconf 88' lang='lat' dir='ltr'><strong>oriantur</strong></span> <span class='ocrx_word' id='word_1_98' title='bbox 938 1618 1042 1663; x_wconf 75' lang='lat' dir='ltr'><strong>curvae</strong></span> <span class='ocrx_word' id='word_1_99' title='bbox 1061 1595 1250 1684; x_wconf 87' lang='lat' dir='ltr'><strong>superficies,</strong></span> 
     </span>
     <span class='ocr_line' id='line_1_13' title="bbox 101 1695 1253 1785; baseline 0.002 -22"><span class='ocrx_word' id='word_1_100' title='bbox 101 1695 170 1763; x_wconf 79' lang='lat' dir='ltr'><strong>satia</strong></span> <span class='ocrx_word' id='word_1_101' title='bbox 182 1696 309 1784; x_wconf 91' lang='lat' dir='ltr'><strong>liquido</strong></span> <span class='ocrx_word' id='word_1_102' title='bbox 323 1696 461 1764; x_wconf 74' lang='lat' dir='ltr'><strong>discerni</strong></span> <span class='ocrx_word' id='word_1_103' title='bbox 473 1706 597 1785; x_wconf 73' lang='lat' dir='ltr'><strong>potest,</strong></span> <span class='ocrx_word' id='word_1_104' title='bbox 615 1697 651 1763; x_wconf 92' lang='lat' dir='ltr'><strong>id</strong></span> <span class='ocrx_word' id='word_1_105' title='bbox 671 1697 758 1785; x_wconf 93' lang='lat' dir='ltr'><strong>quod</strong></span> <span class='ocrx_word' id='word_1_106' title='bbox 778 1720 946 1765; x_wconf 86' lang='lat' dir='ltr'><strong>curvarum</strong></span> <span class='ocrx_word' id='word_1_107' title='bbox 967 1697 1122 1765; x_wconf 85' lang='lat' dir='ltr'><strong>linearum</strong></span> <span class='ocrx_word' id='word_1_108' title='bbox 1145 1697 1253 1765; x_wconf 76' lang='grc' dir='ltr'><strong><em>εὔθυν-</em></strong></span> 
     </span>
     <span class='ocr_line' id='line_1_14' title="bbox 102 1799 1253 1890; baseline 0.008 -28"><span class='ocrx_word' id='word_1_109' title='bbox 102 1823 156 1880; x_wconf 73' lang='lat' dir='ltr'><strong>ote,</strong></span> <span class='ocrx_word' id='word_1_110' title='bbox 173 1822 345 1868; x_wconf 86' lang='lat' dir='ltr'><strong>curvarum</strong></span> <span class='ocrx_word' id='word_1_111' title='bbox 362 1800 598 1889; x_wconf 86' lang='lat' dir='ltr'><strong>superficierum</strong></span> <span class='ocrx_word' id='word_1_112' title='bbox 616 1799 799 1872; x_wconf 74' lang='grc' dir='ltr'>πλάτννσις</span> <span class='ocrx_word' id='word_1_113' title='bbox 812 1801 998 1890; x_wconf 78' lang='lat' dir='ltr'><strong>appelletur.</strong></span> <span class='ocrx_word' id='word_1_114' title='bbox 1042 1800 1082 1867; x_wconf 89' lang='lat' dir='ltr'><strong>E.</strong></span> <span class='ocrx_word' id='word_1_115' title='bbox 1094 1824 1127 1888; x_wconf 89' lang='lat' dir='ltr'><strong>g.</strong></span> <span class='ocrx_word' id='word_1_116' title='bbox 1148 1803 1253 1889; x_wconf 85' lang='lat' dir='ltr'><strong>quoad</strong></span> 
     </span>
     <span class='ocr_line' id='line_1_15' title="bbox 102 1904 1252 1995; baseline 0.004 -27"><span class='ocrx_word' id='word_1_117' title='bbox 102 1924 205 1969; x_wconf 81' lang='lat' dir='ltr'><strong>curvas</strong></span> <span class='ocrx_word' id='word_1_118' title='bbox 218 1904 424 1993; x_wconf 60' lang='lat' dir='ltr'><strong>superficiem</strong></span> <span class='ocrx_word' id='word_1_119' title='bbox 438 1904 619 1992; x_wconf 80' lang='lat' dir='ltr'><strong>superficies</strong></span> <span class='ocrx_word' id='word_1_120' title='bbox 634 1926 731 1972; x_wconf 86' lang='lat' dir='ltr'><strong>curva</strong></span> <span class='ocrx_word' id='word_1_121' title='bbox 744 1904 882 1992; x_wconf 83' lang='lat' dir='ltr'><strong>cylindri</strong></span> <span class='ocrx_word' id='word_1_122' title='bbox 896 1904 979 1971; x_wconf 90' lang='lat' dir='ltr'><strong>nihil</strong></span> <span class='ocrx_word' id='word_1_123' title='bbox 992 1912 1041 1973; x_wconf 77' lang='lat' dir='ltr'><strong>est</strong></span> <span class='ocrx_word' id='word_1_124' title='bbox 1054 1905 1143 1973; x_wconf 91' lang='lat' dir='ltr'><strong>aliud</strong></span> <span class='ocrx_word' id='word_1_125' title='bbox 1156 1928 1252 1995; x_wconf 89' lang='lat' dir='ltr'><strong>quam</strong></span> 
     </span>
     <span class='ocr_line' id='line_1_16' title="bbox 101 2008 1253 2099; baseline 0 -22"><span class='ocrx_word' id='word_1_126' title='bbox 101 2008 426 2098; x_wconf 65' lang='lat' dir='ltr'><strong>parallelogrammum</strong></span> <span class='ocrx_word' id='word_1_127' title='bbox 450 2009 681 2096; x_wconf 87' lang='lat' dir='ltr'><strong>rectangnlnm,</strong></span> <span class='ocrx_word' id='word_1_128' title='bbox 707 2009 831 2077; x_wconf 84' lang='lat' dir='ltr'><strong>habena</strong></span> <span class='ocrx_word' id='word_1_129' title='bbox 857 2010 960 2075; x_wconf 89' lang='lat' dir='ltr'><strong>basim</strong></span> <span class='ocrx_word' id='word_1_130' title='bbox 989 2010 1144 2098; x_wconf 82' lang='lat' dir='ltr'><strong>aequalem</strong></span> <span class='ocrx_word' id='word_1_131' title='bbox 1169 2012 1253 2099; x_wconf 88' lang='lat' dir='ltr'><strong>peri·</strong></span> 
     </span>
     <span class='ocr_line' id='line_1_17' title="bbox 102 2110 1254 2201; baseline 0.005 -26"><span class='ocrx_word' id='word_1_132' title='bbox 102 2110 209 2197; x_wconf 74' lang='lat' dir='ltr'><strong>pharia</strong></span> <span class='ocrx_word' id='word_1_133' title='bbox 229 2112 353 2195; x_wconf 88' lang='lat' dir='ltr'><strong>circuli,</strong></span> <span class='ocrx_word' id='word_1_134' title='bbox 371 2113 428 2201; x_wconf 91' lang='lat' dir='ltr'><strong>qui</strong></span> <span class='ocrx_word' id='word_1_135' title='bbox 448 2112 536 2181; x_wconf 85' lang='lat' dir='ltr'><strong>basis</strong></span> <span class='ocrx_word' id='word_1_136' title='bbox 557 2121 607 2179; x_wconf 88' lang='lat' dir='ltr'><strong>est</strong></span> <span class='ocrx_word' id='word_1_137' title='bbox 627 2112 775 2200; x_wconf 85' lang='lat' dir='ltr'><strong>cylindri,</strong></span> <span class='ocrx_word' id='word_1_138' title='bbox 796 2112 991 2201; x_wconf 78' lang='lat' dir='ltr'><strong>eandemque</strong></span> <span class='ocrx_word' id='word_1_139' title='bbox 1012 2136 1085 2181; x_wconf 87' lang='lat' dir='ltr'><strong>curn</strong></span> <span class='ocrx_word' id='word_1_140' title='bbox 1107 2112 1254 2201; x_wconf 84' lang='lat' dir='ltr'><strong>cylindro</strong></span> 
     </span>
     <span class='ocr_line' id='line_1_18' title="bbox 104 2211 1251 2303; baseline 0.006 -27"><span class='ocrx_word' id='word_1_141' title='bbox 104 2211 314 2296; x_wconf 67' lang='lat' dir='ltr'><strong>altitudinem</strong></span> <span class='ocrx_word' id='word_1_142' title='bbox 339 2215 429 2303; x_wconf 86' lang='lat' dir='ltr'><strong>cujus</strong></span> <span class='ocrx_word' id='word_1_143' title='bbox 448 2236 558 2281; x_wconf 90' lang='lat' dir='ltr'><strong>omnes</strong></span> <span class='ocrx_word' id='word_1_144' title='bbox 575 2214 670 2281; x_wconf 81' lang='lat' dir='ltr'><strong>haeae</strong></span> <span class='ocrx_word' id='word_1_145' title='bbox 685 2224 779 2281; x_wconf 75' lang='lat' dir='ltr'><strong>recta</strong></span> <span class='ocrx_word' id='word_1_146' title='bbox 798 2215 869 2283; x_wconf 88' lang='lat' dir='ltr'><strong>basi</strong></span> <span class='ocrx_word' id='word_1_147' title='bbox 886 2214 1045 2303; x_wconf 74' lang='lat' dir='ltr'><strong>parallelae</strong></span> <span class='ocrx_word' id='word_1_148' title='bbox 1064 2215 1099 2282; x_wconf 91' lang='lat' dir='ltr'><strong>in</strong></span> <span class='ocrx_word' id='word_1_149' title='bbox 1118 2216 1251 2283; x_wconf 85' lang='lat' dir='ltr'><strong>circulo-</strong></span> 
     </span>
     <span class='ocr_line' id='line_1_19' title="bbox 104 2318 1252 2407; baseline 0.005 -26"><span class='ocrx_word' id='word_1_150' title='bbox 104 2337 165 2381; x_wconf 90' lang='lat' dir='ltr'><strong>rum</strong></span> <span class='ocrx_word' id='word_1_151' title='bbox 178 2319 377 2407; x_wconf 87' lang='lat' dir='ltr'><strong>peripherias</strong></span> <span class='ocrx_word' id='word_1_152' title='bbox 390 2319 612 2385; x_wconf 77' lang='lat' dir='ltr'><strong>incurvanturz</strong></span> <span class='ocrx_word' id='word_1_153' title='bbox 626 2318 712 2386; x_wconf 90' lang='lat' dir='ltr'><strong>unde</strong></span> <span class='ocrx_word' id='word_1_154' title='bbox 721 2328 876 2406; x_wconf 83' lang='lat' dir='ltr'><strong>congruet</strong></span> <span class='ocrx_word' id='word_1_155' title='bbox 886 2318 1060 2407; x_wconf 88' lang='lat' dir='ltr'><strong>cylindrica</strong></span> <span class='ocrx_word' id='word_1_156' title='bbox 1070 2320 1252 2407; x_wconf 85' lang='lat' dir='ltr'><strong>superficies</strong></span> 
     </span>
     <span class='ocr_line' id='line_1_20' title="bbox 106 2417 1254 2510; baseline 0.004 -27"><span class='ocrx_word' id='word_1_157' title='bbox 106 2417 172 2486; x_wconf 90' lang='lat' dir='ltr'><strong>huic</strong></span> <span class='ocrx_word' id='word_1_158' title='bbox 187 2420 496 2510; x_wconf 75' lang='lat' dir='ltr'><strong>parallelogrammo,</strong></span> <span class='ocrx_word' id='word_1_159' title='bbox 518 2421 547 2490; x_wconf 88' lang='lat' dir='ltr'><strong>si</strong></span> <span class='ocrx_word' id='word_1_160' title='bbox 566 2420 651 2486; x_wconf 84' lang='lat' dir='ltr'><strong>latus</strong></span> <span class='ocrx_word' id='word_1_161' title='bbox 670 2420 801 2508; x_wconf 88' lang='lat' dir='ltr'><strong>aliquod</strong></span> <span class='ocrx_word' id='word_1_162' title='bbox 820 2420 957 2509; x_wconf 87' lang='lat' dir='ltr'><strong>cylindri</strong></span> <span class='ocrx_word' id='word_1_163' title='bbox 980 2420 1053 2506; x_wconf 90' lang='lat' dir='ltr'><strong>(hoc</strong></span> <span class='ocrx_word' id='word_1_164' title='bbox 1071 2432 1129 2503; x_wconf 91' lang='lat' dir='ltr'><strong>est,</strong></span> <span class='ocrx_word' id='word_1_165' title='bbox 1145 2422 1254 2509; x_wconf 86' lang='lat' dir='ltr'><strong>aliqua</strong></span> 
     </span>
     <span class='ocr_line' id='line_1_21' title="bbox 106 2522 1254 2614; baseline 0.002 -24"><span class='ocrx_word' id='word_1_166' title='bbox 106 2534 181 2589; x_wconf 83' lang='lat' dir='ltr'><strong>recta</strong></span> <span class='ocrx_word' id='word_1_167' title='bbox 191 2524 287 2591; x_wconf 86' lang='lat' dir='ltr'><strong>ducta</strong></span> <span class='ocrx_word' id='word_1_168' title='bbox 302 2525 340 2590; x_wconf 92' lang='lat' dir='ltr'><strong>in</strong></span> <span class='ocrx_word' id='word_1_169' title='bbox 353 2525 423 2613; x_wconf 85' lang='lat' dir='ltr'><strong>ejus</strong></span> <span class='ocrx_word' id='word_1_170' title='bbox 437 2524 602 2614; x_wconf 86' lang='lat' dir='ltr'><strong>superficie</strong></span> <span class='ocrx_word' id='word_1_171' title='bbox 616 2547 636 2590; x_wconf 91' lang='lat' dir='ltr'><strong>a</strong></span> <span class='ocrx_word' id='word_1_172' title='bbox 649 2524 727 2603; x_wconf 86' lang='lat' dir='ltr'><strong>base</strong></span> <span class='ocrx_word' id='word_1_173' title='bbox 740 2523 782 2590; x_wconf 86' lang='lat' dir='ltr'><strong>ad</strong></span> <span class='ocrx_word' id='word_1_174' title='bbox 796 2524 910 2608; x_wconf 85' lang='lat' dir='ltr'><strong>basim)</strong></span> <span class='ocrx_word' id='word_1_175' title='bbox 929 2522 970 2589; x_wconf 88' lang='lat' dir='ltr'><strong>ad</strong></span> <span class='ocrx_word' id='word_1_176' title='bbox 987 2522 1073 2589; x_wconf 89' lang='lat' dir='ltr'><strong>latus</strong></span> <span class='ocrx_word' id='word_1_177' title='bbox 1087 2524 1254 2611; x_wconf 87' lang='lat' dir='ltr'><strong>parallelo-</strong></span> 
     </span>
     <span class='ocr_line' id='line_1_22' title="bbox 108 2625 1255 2717; baseline -0.001 -23"><span class='ocrx_word' id='word_1_178' title='bbox 108 2628 229 2709; x_wconf 76' lang='lat' dir='ltr'><strong>grammi</strong></span> <span class='ocrx_word' id='word_1_179' title='bbox 242 2627 432 2717; x_wconf 88' lang='lat' dir='ltr'><strong>applicetur,</strong></span> <span class='ocrx_word' id='word_1_180' title='bbox 446 2637 481 2693; x_wconf 91' lang='lat' dir='ltr'><strong>et</strong></span> <span class='ocrx_word' id='word_1_181' title='bbox 499 2626 614 2694; x_wconf 89' lang='lat' dir='ltr'><strong>dehinc</strong></span> <span class='ocrx_word' id='word_1_182' title='bbox 634 2636 703 2693; x_wconf 84' lang='lat' dir='ltr'><strong>tota</strong></span> <span class='ocrx_word' id='word_1_183' title='bbox 724 2625 905 2713; x_wconf 85' lang='lat' dir='ltr'><strong>superficies</strong></span> <span class='ocrx_word' id='word_1_184' title='bbox 926 2626 961 2691; x_wconf 91' lang='lat' dir='ltr'><strong>in</strong></span> <span class='ocrx_word' id='word_1_185' title='bbox 982 2625 1113 2714; x_wconf 85' lang='lat' dir='ltr'><strong>planum</strong></span> <span class='ocrx_word' id='word_1_186' title='bbox 1135 2626 1255 2693; x_wconf 88' lang='lat' dir='ltr'><strong>disten·</strong></span> 
     </span>
     <span class='ocr_line' id='line_1_23' title="bbox 108 2725 1253 2818; baseline 0.004 -27"><span class='ocrx_word' id='word_1_187' title='bbox 108 2725 206 2810; x_wconf 84' lang='lat' dir='ltr'><strong>datm3</strong></span> <span class='ocrx_word' id='word_1_188' title='bbox 234 2742 291 2798; x_wconf 87' lang='lat' dir='ltr'><strong>aut</strong></span> <span class='ocrx_word' id='word_1_189' title='bbox 313 2730 342 2796; x_wconf 89' lang='lat' dir='ltr'><strong>ai</strong></span> <span class='ocrx_word' id='word_1_190' title='bbox 360 2729 519 2818; x_wconf 87' lang='lat' dir='ltr'><strong>applicato</strong></span> <span class='ocrx_word' id='word_1_191' title='bbox 537 2728 634 2796; x_wconf 88' lang='lat' dir='ltr'><strong>latere</strong></span> <span class='ocrx_word' id='word_1_192' title='bbox 651 2727 942 2817; x_wconf 84' lang='lat' dir='ltr'><strong>parallelogrammi</strong></span> <span class='ocrx_word' id='word_1_193' title='bbox 961 2726 1105 2795; x_wconf 85' lang='lat' dir='ltr'><strong>adlatus</strong></span> <span class='ocrx_word' id='word_1_194' title='bbox 1124 2727 1253 2816; x_wconf 86' lang='lat' dir='ltr'><strong>aliquod</strong></span> 
     </span>
     <span class='ocr_line' id='line_1_24' title="bbox 111 2830 1254 2924; baseline 0 -24"><span class='ocrx_word' id='word_1_195' title='bbox 111 2832 242 2917; x_wconf 76' lang='lat' dir='ltr'><strong>cylindri,</strong></span> <span class='ocrx_word' id='word_1_196' title='bbox 256 2835 393 2924; x_wconf 82' lang='lat' dir='ltr'><strong>planum</strong></span> <span class='ocrx_word' id='word_1_197' title='bbox 407 2834 477 2922; x_wconf 86' lang='lat' dir='ltr'><strong>ejus</strong></span> <span class='ocrx_word' id='word_1_198' title='bbox 496 2833 581 2899; x_wconf 87' lang='lat' dir='ltr'><strong>circa</strong></span> <span class='ocrx_word' id='word_1_199' title='bbox 598 2831 780 2919; x_wconf 90' lang='lat' dir='ltr'><strong>cylindrum</strong></span> <span class='ocrx_word' id='word_1_200' title='bbox 798 2830 1068 2914; x_wconf 83' lang='lat' dir='ltr'><strong>circumflectatur,</strong></span> <span class='ocrx_word' id='word_1_201' title='bbox 1088 2831 1254 2921; x_wconf 83' lang='lat' dir='ltr'><strong>ipsamque</strong></span> 
     </span>
     <span class='ocr_line' id='line_1_25' title="bbox 110 2932 1254 3025; baseline 0.003 -26"><span class='ocrx_word' id='word_1_202' title='bbox 110 2934 187 3001; x_wconf 85' lang='lat' dir='ltr'><strong>relat</strong></span> <span class='ocrx_word' id='word_1_203' title='bbox 198 2936 362 3017; x_wconf 85' lang='lat' dir='ltr'><strong>investiat,</strong></span> <span class='ocrx_word' id='word_1_204' title='bbox 377 2946 409 3002; x_wconf 88' lang='lat' dir='ltr'><strong>ct</strong></span> <span class='ocrx_word' id='word_1_205' title='bbox 422 2944 571 3022; x_wconf 88' lang='lat' dir='ltr'><strong>contegat</strong></span> <span class='ocrx_word' id='word_1_206' title='bbox 583 2935 799 3023; x_wconf 87' lang='lat' dir='ltr'><strong>undiquaque.</strong></span> <span class='ocrx_word' id='word_1_207' title='bbox 844 2932 964 3001; x_wconf 84' lang='lat' dir='ltr'><strong>Oouica</strong></span> <span class='ocrx_word' id='word_1_208' title='bbox 980 2935 1125 3002; x_wconf 86' lang='lat' dir='ltr'><strong>similiter</strong></span> <span class='ocrx_word' id='word_1_209' title='bbox 1143 2959 1254 3025; x_wconf 88' lang='lat' dir='ltr'><strong>super·</strong></span> 
     </span>
     <span class='ocr_line' id='line_1_26' title="bbox 111 3035 1253 3128; baseline 0.008 -29"><span class='ocrx_word' id='word_1_210' title='bbox 111 3035 185 3105; x_wconf 86' lang='lat' dir='ltr'><strong>ficies</strong></span> <span class='ocrx_word' id='word_1_211' title='bbox 198 3041 278 3107; x_wconf 90' lang='lat' dir='ltr'><strong>nihil</strong></span> <span class='ocrx_word' id='word_1_212' title='bbox 294 3051 345 3107; x_wconf 89' lang='lat' dir='ltr'><strong>est</strong></span> <span class='ocrx_word' id='word_1_213' title='bbox 354 3039 453 3115; x_wconf 84' lang='lat' dir='ltr'><strong>alind,</strong></span> <span class='ocrx_word' id='word_1_214' title='bbox 463 3062 560 3127; x_wconf 88' lang='lat' dir='ltr'><strong>quam</strong></span> <span class='ocrx_word' id='word_1_215' title='bbox 575 3049 709 3106; x_wconf 82' lang='lat' dir='ltr'><strong>sectator</strong></span> <span class='ocrx_word' id='word_1_216' title='bbox 722 3040 838 3128; x_wconf 89' lang='lat' dir='ltr'><strong>planus</strong></span> <span class='ocrx_word' id='word_1_217' title='bbox 849 3038 959 3105; x_wconf 91' lang='lat' dir='ltr'><strong>circuli</strong></span> <span class='ocrx_word' id='word_1_218' title='bbox 973 3038 1095 3107; x_wconf 86' lang='lat' dir='ltr'><strong>radium</strong></span> <span class='ocrx_word' id='word_1_219' title='bbox 1106 3040 1253 3108; x_wconf 84' lang='lat' dir='ltr'><strong>habentis</strong></span> 
     </span>
     <span class='ocr_line' id='line_1_27' title="bbox 113 3142 1254 3234; baseline 0.001 -22"><span class='ocrx_word' id='word_1_220' title='bbox 113 3144 250 3228; x_wconf 74' lang='lat' dir='ltr'><strong>oequalern</strong></span> <span class='ocrx_word' id='word_1_221' title='bbox 270 3144 367 3211; x_wconf 87' lang='lat' dir='ltr'><strong>lateri</strong></span> <span class='ocrx_word' id='word_1_222' title='bbox 388 3143 470 3224; x_wconf 90' lang='lat' dir='ltr'><strong>coni,</strong></span> <span class='ocrx_word' id='word_1_223' title='bbox 492 3154 525 3209; x_wconf 89' lang='lat' dir='ltr'><strong>et</strong></span> <span class='ocrx_word' id='word_1_224' title='bbox 546 3166 655 3209; x_wconf 90' lang='lat' dir='ltr'><strong>arcum</strong></span> <span class='ocrx_word' id='word_1_225' title='bbox 677 3142 832 3229; x_wconf 86' lang='lat' dir='ltr'><strong>aequalem</strong></span> <span class='ocrx_word' id='word_1_226' title='bbox 853 3143 1038 3232; x_wconf 84' lang='lat' dir='ltr'><strong>peripheriae</strong></span> <span class='ocrx_word' id='word_1_227' title='bbox 1057 3143 1176 3226; x_wconf 90' lang='lat' dir='ltr'><strong>circuli,</strong></span> <span class='ocrx_word' id='word_1_228' title='bbox 1197 3146 1254 3234; x_wconf 90' lang='lat' dir='ltr'><strong>qui</strong></span> 
     </span>
     <span class='ocr_line' id='line_1_28' title="bbox 112 3242 1254 3338; baseline 0.004 -27"><span class='ocrx_word' id='word_1_229' title='bbox 112 3242 186 3311; x_wconf 85' lang='lat' dir='ltr'><strong>basia</strong></span> <span class='ocrx_word' id='word_1_230' title='bbox 206 3258 253 3315; x_wconf 88' lang='lat' dir='ltr'><strong>eat</strong></span> <span class='ocrx_word' id='word_1_231' title='bbox 274 3248 360 3327; x_wconf 86' lang='lat' dir='ltr'><strong>coni,</strong></span> <span class='ocrx_word' id='word_1_232' title='bbox 383 3246 538 3335; x_wconf 86' lang='lat' dir='ltr'><strong>cujusque</strong></span> <span class='ocrx_word' id='word_1_233' title='bbox 563 3246 753 3313; x_wconf 88' lang='lat' dir='ltr'><strong>conceutrici</strong></span> <span class='ocrx_word' id='word_1_234' title='bbox 774 3268 866 3313; x_wconf 84' lang='lat' dir='ltr'><strong>arcus</strong></span> <span class='ocrx_word' id='word_1_235' title='bbox 889 3246 924 3313; x_wconf 90' lang='lat' dir='ltr'><strong>in</strong></span> <span class='ocrx_word' id='word_1_236' title='bbox 946 3247 1078 3315; x_wconf 87' lang='lat' dir='ltr'><strong>totidem</strong></span> <span class='ocrx_word' id='word_1_237' title='bbox 1101 3250 1254 3338; x_wconf 85' lang='lat' dir='ltr'><strong>perfectas</strong></span> 
     </span>
     <span class='ocr_line' id='line_1_29' title="bbox 114 3344 1254 3440; baseline 0 -22"><span class='ocrx_word' id='word_1_238' title='bbox 114 3344 263 3418; x_wconf 60' lang='lat' dir='ltr'><strong>dedara</strong></span> <span class='ocrx_word' id='word_1_239' title='bbox 277 3350 475 3440; x_wconf 85' lang='lat' dir='ltr'><strong>peripheriaa</strong></span> <span class='ocrx_word' id='word_1_240' title='bbox 487 3350 719 3438; x_wconf 85' lang='lat' dir='ltr'><strong>intorquentur.</strong></span> <span class='ocrx_word' id='word_1_241' title='bbox 762 3349 825 3417; x_wconf 88' lang='lat' dir='ltr'><strong>Vel</strong></span> <span class='ocrx_word' id='word_1_242' title='bbox 839 3350 945 3438; x_wconf 87' lang='lat' dir='ltr'><strong>potius</strong></span> <span class='ocrx_word' id='word_1_243' title='bbox 960 3352 1061 3432; x_wconf 85' lang='lat' dir='ltr'><strong>ahter,</strong></span> <span class='ocrx_word' id='word_1_244' title='bbox 1076 3353 1186 3421; x_wconf 85' lang='lat' dir='ltr'><strong>conica</strong></span> <span class='ocrx_word' id='word_1_245' title='bbox 1200 3375 1254 3418; x_wconf 90' lang='lat' dir='ltr'><strong>su-</strong></span> 
     </span>
     <span class='ocr_line' id='line_1_30' title="bbox 115 3453 1257 3542; baseline 0.004 -23"><span class='ocrx_word' id='word_1_246' title='bbox 115 3453 240 3535; x_wconf 76' lang='lat' dir='ltr'><strong>perficies</strong></span> <span class='ocrx_word' id='word_1_247' title='bbox 263 3454 351 3522; x_wconf 92' lang='lat' dir='ltr'><strong>nihil</strong></span> <span class='ocrx_word' id='word_1_248' title='bbox 376 3464 425 3521; x_wconf 90' lang='lat' dir='ltr'><strong>est</strong></span> <span class='ocrx_word' id='word_1_249' title='bbox 449 3453 538 3521; x_wconf 88' lang='lat' dir='ltr'><strong>alind</strong></span> <span class='ocrx_word' id='word_1_250' title='bbox 562 3476 659 3541; x_wconf 88' lang='lat' dir='ltr'><strong>quam</strong></span> <span class='ocrx_word' id='word_1_251' title='bbox 683 3453 880 3541; x_wconf 88' lang='lat' dir='ltr'><strong>triangulum</strong></span> <span class='ocrx_word' id='word_1_252' title='bbox 908 3454 1138 3541; x_wconf 86' lang='lat' dir='ltr'><strong>rectangulum,</strong></span> <span class='ocrx_word' id='word_1_253' title='bbox 1164 3457 1257 3542; x_wconf 88' lang='lat' dir='ltr'><strong>cujus</strong></span> 
     </span>
     <span class='ocr_line' id='line_1_31' title="bbox 116 3551 1254 3647; baseline 0.009 -32"><span class='ocrx_word' id='word_1_254' title='bbox 116 3551 233 3623; x_wconf 85' lang='lat' dir='ltr'><strong>altitudo</strong></span> <span class='ocrx_word' id='word_1_255' title='bbox 245 3556 302 3625; x_wconf 81' lang='lat' dir='ltr'><strong>vel</strong></span> <span class='ocrx_word' id='word_1_256' title='bbox 315 3556 576 3646; x_wconf 90' lang='lat' dir='ltr'><strong>perpendicnlum</strong></span> <span class='ocrx_word' id='word_1_257' title='bbox 596 3568 740 3646; x_wconf 75' lang='lat' dir='ltr'><strong>aequatur</strong></span> <span class='ocrx_word' id='word_1_258' title='bbox 755 3558 847 3624; x_wconf 86' lang='lat' dir='ltr'><strong>lateri</strong></span> <span class='ocrx_word' id='word_1_259' title='bbox 864 3559 945 3639; x_wconf 89' lang='lat' dir='ltr'><strong>coni,</strong></span> <span class='ocrx_word' id='word_1_260' title='bbox 961 3557 1049 3625; x_wconf 85' lang='lat' dir='ltr'><strong>basis</strong></span> <span class='ocrx_word' id='word_1_261' title='bbox 1068 3558 1254 3647; x_wconf 83' lang='lat' dir='ltr'><strong>peripheriae</strong></span> 
     </span>
     <span class='ocr_line' id='line_1_32' title="bbox 117 3654 1256 3749; baseline 0.003 -25"><span class='ocrx_word' id='word_1_262' title='bbox 117 3654 218 3741; x_wconf 81' lang='lat' dir='ltr'><strong>rhoali,</strong></span> <span class='ocrx_word' id='word_1_263' title='bbox 232 3660 291 3748; x_wconf 88' lang='lat' dir='ltr'><strong>qui</strong></span> <span class='ocrx_word' id='word_1_264' title='bbox 305 3660 392 3726; x_wconf 88' lang='lat' dir='ltr'><strong>basis</strong></span> <span class='ocrx_word' id='word_1_265' title='bbox 405 3670 455 3727; x_wconf 86' lang='lat' dir='ltr'><strong>eat</strong></span> <span class='ocrx_word' id='word_1_266' title='bbox 468 3661 550 3742; x_wconf 88' lang='lat' dir='ltr'><strong>coni,</strong></span> <span class='ocrx_word' id='word_1_267' title='bbox 562 3661 715 3749; x_wconf 90' lang='lat' dir='ltr'><strong>cujusque</strong></span> <span class='ocrx_word' id='word_1_268' title='bbox 729 3660 801 3727; x_wconf 88' lang='lat' dir='ltr'><strong>basi</strong></span> <span class='ocrx_word' id='word_1_269' title='bbox 815 3661 975 3749; x_wconf 84' lang='lat' dir='ltr'><strong>parallelae</strong></span> <span class='ocrx_word' id='word_1_270' title='bbox 990 3682 1100 3727; x_wconf 89' lang='lat' dir='ltr'><strong>omnes</strong></span> <span class='ocrx_word' id='word_1_271' title='bbox 1114 3670 1206 3727; x_wconf 74' lang='lat' dir='ltr'><strong>recta</strong></span> <span class='ocrx_word' id='word_1_272' title='bbox 1220 3660 1256 3727; x_wconf 90' lang='lat' dir='ltr'><strong>in</strong></span> 
     </span>
     <span class='ocr_line' id='line_1_33' title="bbox 117 3760 812 3854; baseline 0.01 -30"><span class='ocrx_word' id='word_1_273' title='bbox 117 3760 231 3829; x_wconf 86' lang='lat' dir='ltr'><strong>totidem</strong></span> <span class='ocrx_word' id='word_1_274' title='bbox 243 3764 441 3854; x_wconf 86' lang='lat' dir='ltr'><strong>peripheriaa</strong></span> <span class='ocrx_word' id='word_1_275' title='bbox 454 3764 621 3831; x_wconf 85' lang='lat' dir='ltr'><strong>circulares</strong></span> <span class='ocrx_word' id='word_1_276' title='bbox 635 3764 812 3831; x_wconf 86' lang='lat' dir='ltr'><strong>sinuantur.</strong></span> 
     </span>
    </p>

    <p class='ocr_par' dir='ltr' id='par_1_4' title="bbox 171 3864 1256 3957">
     <span class='ocr_line' id='line_1_34' title="bbox 171 3864 1256 3957; baseline 0.001 -24"><span class='ocrx_word' id='word_1_277' title='bbox 171 3864 223 3935; x_wconf 79' lang='lat' dir='ltr'><strong>Sic</strong></span> <span class='ocrx_word' id='word_1_278' title='bbox 235 3880 268 3936; x_wconf 90' lang='lat' dir='ltr'><strong>et</strong></span> <span class='ocrx_word' id='word_1_279' title='bbox 282 3890 381 3935; x_wconf 85' lang='lat' dir='ltr'><strong>curva</strong></span> <span class='ocrx_word' id='word_1_280' title='bbox 395 3868 576 3957; x_wconf 86' lang='lat' dir='ltr'><strong>superficies</strong></span> <span class='ocrx_word' id='word_1_281' title='bbox 591 3868 744 3957; x_wconf 77' lang='lat' dir='ltr'><strong>spherica</strong></span> <span class='ocrx_word' id='word_1_282' title='bbox 766 3869 838 3957; x_wconf 85' lang='lat' dir='ltr'><strong>(nec</strong></span> <span class='ocrx_word' id='word_1_283' title='bbox 853 3890 918 3934; x_wconf 89' lang='lat' dir='ltr'><strong>nou</strong></span> <span class='ocrx_word' id='word_1_284' title='bbox 938 3866 1002 3935; x_wconf 85' lang='lat' dir='ltr'><strong>alia</strong></span> <span class='ocrx_word' id='word_1_285' title='bbox 1016 3865 1138 3955; x_wconf 84' lang='lat' dir='ltr'><strong>quaevis</strong></span> <span class='ocrx_word' id='word_1_286' title='bbox 1158 3889 1256 3934; x_wconf 86' lang='lat' dir='ltr'><strong>curva</strong></span> 
     </span>
    </p>
   </div>
   <div class='ocr_carea' id='block_1_3' title="bbox 119 4141 1258 4559">
    <p class='ocr_par' dir='ltr' id='par_1_5' title="bbox 119 4141 1258 4559">
     <span class='ocr_line' id='line_1_35' title="bbox 119 4141 1256 4217; baseline 0 -16"><span class='ocrx_word' id='word_1_287' title='bbox 119 4141 442 4212; x_wconf 62' lang='lat' dir='ltr'><strong>assumendorum</strong></span> <span class='ocrx_word' id='word_1_288' title='bbox 458 4158 489 4200; x_wconf 82' lang='lat' dir='ltr'><strong>aa</strong></span> <span class='ocrx_word' id='word_1_289' title='bbox 499 4143 580 4200; x_wconf 73' lang='lat' dir='ltr'><strong>when</strong></span> <span class='ocrx_word' id='word_1_290' title='bbox 590 4162 608 4201; x_wconf 91' lang='lat' dir='ltr'><strong>a</strong></span> <span class='ocrx_word' id='word_1_291' title='bbox 618 4161 702 4202; x_wconf 82' lang='lat' dir='ltr'><strong>curve</strong></span> <span class='ocrx_word' id='word_1_292' title='bbox 717 4145 742 4201; x_wconf 85' lang='lat' dir='ltr'><strong>ia</strong></span> <span class='ocrx_word' id='word_1_293' title='bbox 756 4148 884 4216; x_wconf 82' lang='lat' dir='ltr'><strong>unwrapt</strong></span> <span class='ocrx_word' id='word_1_294' title='bbox 897 4145 956 4201; x_wconf 85' lang='lat' dir='ltr'><strong>into</strong></span> <span class='ocrx_word' id='word_1_295' title='bbox 975 4160 992 4201; x_wconf 88' lang='lat' dir='ltr'><strong>a</strong></span> <span class='ocrx_word' id='word_1_296' title='bbox 1010 4144 1131 4216; x_wconf 74' lang='lat' dir='ltr'><strong>ahoight</strong></span> <span class='ocrx_word' id='word_1_297' title='bbox 1148 4145 1211 4217; x_wconf 89' lang='lat' dir='ltr'><strong>line,</strong></span> <span class='ocrx_word' id='word_1_298' title='bbox 1223 4162 1256 4201; x_wconf 87' lang='lat' dir='ltr'><strong>or</strong></span> 
     </span>
     <span class='ocr_line' id='line_1_36' title="bbox 121 4228 547 4301; baseline 0.009 -18"><span class='ocrx_word' id='word_1_299' title='bbox 121 4228 547 4301; x_wconf 74' lang='lat' dir='ltr'><strong>annedmrnoenaoapuna</strong></span> 
     </span>
     <span class='ocr_line' id='line_1_37' title="bbox 163 4311 1258 4389; baseline 0.005 -21"><span class='ocrx_word' id='word_1_300' title='bbox 163 4311 345 4373; x_wconf 80' lang='lat' dir='ltr'><strong>Sauconical</strong></span> <span class='ocrx_word' id='word_1_301' title='bbox 364 4316 831 4389; x_wconf 75' lang='lat' dir='ltr'><strong>surlacalaatriangloofwhich</strong></span> <span class='ocrx_word' id='word_1_302' title='bbox 849 4316 1258 4389; x_wconf 83' lang='lat' dir='ltr'><strong>theheightiaoqualtothe</strong></span> 
     </span>
     <span class='ocr_line' id='line_1_38' title="bbox 123 4392 1074 4475; baseline 0.006 -22"><span class='ocrx_word' id='word_1_303' title='bbox 123 4392 184 4453; x_wconf 70' lang='lat' dir='ltr'><strong>altat</strong></span> <span class='ocrx_word' id='word_1_304' title='bbox 192 4400 248 4456; x_wconf 77' lang='lat' dir='ltr'><strong>n&#39;de</strong></span> <span class='ocrx_word' id='word_1_305' title='bbox 258 4403 290 4458; x_wconf 78' lang='lat' dir='ltr'><strong>ot</strong></span> <span class='ocrx_word' id='word_1_306' title='bbox 297 4403 348 4459; x_wconf 86' lang='lat' dir='ltr'><strong>the</strong></span> <span class='ocrx_word' id='word_1_307' title='bbox 358 4419 426 4459; x_wconf 88' lang='lat' dir='ltr'><strong>conc</strong></span> <span class='ocrx_word' id='word_1_308' title='bbox 437 4402 493 4459; x_wconf 88' lang='lat' dir='ltr'><strong>and</strong></span> <span class='ocrx_word' id='word_1_309' title='bbox 503 4402 555 4459; x_wconf 85' lang='lat' dir='ltr'><strong>the</strong></span> <span class='ocrx_word' id='word_1_310' title='bbox 564 4402 632 4459; x_wconf 79' lang='lat' dir='ltr'><strong>haee</strong></span> <span class='ocrx_word' id='word_1_311' title='bbox 643 4406 674 4459; x_wconf 89' lang='lat' dir='ltr'><strong>to</strong></span> <span class='ocrx_word' id='word_1_312' title='bbox 684 4402 734 4460; x_wconf 83' lang='lat' dir='ltr'><strong>the</strong></span> <span class='ocrx_word' id='word_1_313' title='bbox 744 4404 891 4475; x_wconf 81' lang='lat' dir='ltr'><strong>periphery</strong></span> <span class='ocrx_word' id='word_1_314' title='bbox 901 4404 933 4459; x_wconf 83' lang='lat' dir='ltr'><strong>os</strong></span> <span class='ocrx_word' id='word_1_315' title='bbox 940 4403 990 4459; x_wconf 91' lang='lat' dir='ltr'><strong>the</strong></span> <span class='ocrx_word' id='word_1_316' title='bbox 1000 4402 1074 4459; x_wconf 78' lang='lat' dir='ltr'><strong>bata</strong></span> 
     </span>
     <span class='ocr_line' id='line_1_39' title="bbox 165 4480 1113 4559; baseline -0.002 -15"><span class='ocrx_word' id='word_1_317' title='bbox 165 4480 571 4555; x_wconf 70' lang='lat' dir='ltr'><strong>Somyomeeurmnfaco:</strong></span> <span class='ocrx_word' id='word_1_318' title='bbox 589 4486 1113 4559; x_wconf 83' lang='lat' dir='ltr'><strong>botthatweshallnotcxplainhera</strong></span> 
     </span>
    </p>
   </div>
   <div class='ocr_carea' id='block_1_4' title="bbox 0 0 1611 5192">
    <p class='ocr_par' dir='ltr' id='par_1_6' title="bbox 0 0 1611 5192">
     <span class='ocr_line' id='line_1_40' title="bbox 0 0 1611 5192; baseline 0 0"><span class='ocrx_word' id='word_1_319' title='bbox 0 0 1611 5192; x_wconf 95' lang='lat' dir='ltr'><strong> </strong></span> 
     </span>
    </p>
   </div>
  </div>
 </body>
</html>
