3167 5192
300 367 366 434 ata
636 381 823 432 murreum
844 381 1119 432 munemne.
1222 363 1327 450 [aner.
1340 382 1453 431 xxm.

301 555 436 622 aliorum
457 565 648 642 quantorum
670 554 788 621 divisio
810 553 957 642 quaedam
977 565 1011 620 et
1031 552 1266 640 multiplicatio,
1292 551 1457 618 Arithme·

300 660 373 724 ticis
395 659 465 725 istis
487 661 519 744 (a
536 658 653 746 quibus
671 680 788 724 nomen
806 657 978 745 accipiunt)
1001 657 1236 746 operationibus
1258 657 1376 736 affirm
1400 667 1458 722 ast

300 785 373 850 quae
396 762 591 828 deliniuntur
612 770 646 827 et
668 769 865 848 peraguntur
890 783 932 826 ex
957 759 1239 848 proportionalium
1264 758 1454 838 inventione,

302 865 625 954 proportionalitatem
639 863 719 930 adeo
733 873 906 952 praeustam
920 873 1145 952 supponentes.

367 967 520 1050 Qninimo
534 967 743 1033 communiter
756 967 842 1055 apud
854 966 1083 1033 Arithmeticos
1098 967 1168 1055 ipsa
1181 964 1296 1032 divisio
1309 985 1362 1053 per
1373 985 1457 1030 ana·

302 1071 422 1158 logiam
444 1070 603 1149 definitur,
626 1069 717 1136 illam
736 1069 860 1136 scilicet
876 1092 949 1157 qnae
963 1069 1135 1137 divisorem
1154 1070 1237 1136 inter
1255 1091 1293 1135 ac
1311 1067 1455 1134 dividen-

301 1173 389 1253 dum,
404 1172 559 1238 unitatem
573 1181 606 1237 et
619 1181 752 1258 quotum
766 1181 920 1238 versetur.
958 1170 1034 1238 Non
1047 1171 1147 1258 igitur
1160 1181 1226 1237 tam
1240 1171 1350 1238 idonea
1362 1169 1455 1236 vide-

301 1285 354 1340 tur
368 1273 496 1354 divisio,
515 1272 570 1339 vel
586 1297 628 1340 ex
643 1278 683 1340 ea
695 1273 855 1340 resultans
872 1283 1040 1362 quotorum
1058 1273 1224 1361 aequalitas
1240 1271 1455 1360 proportiona-

301 1377 386 1444 litati
400 1377 575 1463 generatim
589 1376 799 1465 explicandae.

366 1481 462 1547 Dices
475 1480 566 1562 forte,
581 1481 660 1547 satis
674 1480 767 1547 facile
781 1479 906 1569 concipi
927 1480 1006 1567 qnid
1020 1480 1063 1546 sit
1076 1479 1194 1546 lineam
1213 1480 1249 1544 in
1263 1478 1346 1545 linet
1358 1477 1451 1544 toties

301 1583 465 1666 contineri,
480 1584 606 1671 quotins
618 1583 744 1672 pundrn
758 1584 794 1648 in
807 1583 956 1671 pondere,
969 1583 1021 1650 vel
1035 1593 1162 1672 tempus
1176 1582 1211 1648 in
1220 1591 1375 1670 tempore3
1392 1603 1452 1647 nec

301 1686 390 1752 aliud
405 1686 459 1752 hic
472 1685 620 1772 intelligi.
658 1685 767 1767 Recte,
783 1685 883 1751 fetam
891 1709 900 1766 ;
917 1686 973 1752 sed
987 1684 1029 1751 ad
1043 1685 1103 1750 hoc
1116 1685 1296 1774 requiritur,
1310 1691 1346 1749 ut
1358 1683 1452 1748 ratio-

301 1809 380 1854 num
394 1788 477 1855 inter
490 1811 525 1854 se
538 1787 724 1854 collatarum
738 1786 867 1853 termini
880 1787 1020 1854 numeris
1034 1795 1310 1874 repraesentantem
1325 1785 1358 1851 id
1367 1784 1449 1872 quod

301 1891 438 1958 alterum
458 1892 573 1957 fundat
594 1890 746 1957 adversus
767 1890 850 1956 hanc
871 1890 1058 1957 methodum
1079 1900 1319 1977 argumentum
1341 1911 1449 1977 nempe

302 1993 448 2074 secundo,
464 1993 551 2080 qnod
564 1992 892 2082 proportionalitatem
906 1993 984 2060 solis
997 1995 1136 2059 numeris
1150 1993 1283 2080 alligare
1296 1993 1446 2072 videatur3

302 2105 335 2162 et
352 2104 543 2184 quantorum
562 2096 701 2162 rationes
720 2094 808 2162 haud
828 2095 920 2162 aliter
936 2095 1019 2161 inter
1032 2117 1066 2162 se
1085 2095 1314 2182 comparabiles
1333 2095 1445 2174 statuit,

301 2199 366 2266 uisi
379 2207 536 2286 qnatenus
550 2199 621 2287 ipsa
633 2207 754 2287 quanta
767 2199 907 2265 numeris
921 2198 1172 2266 denominantur.
1217 2197 1347 2279 Quoties
1366 2197 1445 2266 enim
1567 2211 1568 2249 t

301 2325 402 2368 unum
421 2301 456 2368 in
471 2301 571 2369 altero
585 2302 764 2368 continetur
780 2302 946 2390 dispicere,
966 2303 1015 2367 nil
1031 2302 1120 2368 aliud
1138 2311 1187 2369 est
1200 2326 1297 2390 quam
1316 2302 1444 2390 ipsomm
1567 2325 1568 2332 ¹

302 2403 337 2472 in
356 2409 499 2471 numeris
516 2404 753 2492 proportionem
774 2404 938 2484 exhibere,
957 2403 1011 2470 vel
1028 2425 1067 2470 ea
1083 2405 1223 2470 numeris
1243 2405 1442 2471 denominare.

301 2506 423 2574 Verum
432 2507 492 2573 etsi
503 2516 621 2595 quanta
631 2506 730 2573 nullis
740 2515 1012 2595 repraesententur,
1021 2516 1076 2572 aut
1087 2507 1307 2594 exprimantur
1317 2505 1443 2574 numeris

304 2610 376 2694 (neo
389 2609 469 2677 forte
483 2608 700 2698 representari
711 2608 835 2697 possint
849 2608 902 2674 vel
916 2608 1065 2697 exprimi)
1078 2633 1086 2689 3
1103 2618 1209 2674 tamen
1224 2609 1363 2696 ipsorum
1376 2607 1443 2674 rsti-

300 2734 378 2780 ones
400 2712 556 2792 exhiberi,
577 2710 886 2799 proportionalitates
908 2710 1103 2777 innotescere
1130 2721 1274 2798 possunt,
1299 2710 1444 2778 Euclidet
1568 2757 1569 2760 ,

301 2814 355 2879 vel
375 2814 536 2881 consimili
556 2813 717 2880 methodo.
761 2811 909 2899 Cumque
930 2813 1059 2900 quantis
1083 2812 1266 2880 immediate
1288 2813 1445 2880 conveniat

300 2922 339 2981 ut
352 2914 481 2994 talibus,
497 2925 531 2981 st
544 2937 609 2980 non
623 2925 660 2981 ut
674 2937 712 2981 ea
725 2913 865 2980 numeris
881 2913 997 2980 accidit
1011 2913 1194 3001 significari,
1214 2915 1352 2982 rationes
1365 2915 1402 2981 ed
1414 2935 1445 2980 se

301 3023 430 3082 mutuas
450 3016 575 3097 habere,
597 3017 838 3105 rationibusque
863 3029 1089 3105 consequenter
1114 3019 1197 3086 inter
1217 3041 1251 3086 se
1272 3017 1446 3107 comparari,

301 3117 348 3186 rei
361 3127 483 3186 nature
496 3120 735 3188 convenientius
754 3120 892 3202 videtur,
911 3131 948 3187 ut
961 3121 1030 3187 haec
1044 3122 1185 3208 generali
1199 3122 1295 3189 modo
1304 3119 1447 3190 determi-

302 3230 428 3301 nentur,
444 3244 466 3287 a
479 3223 618 3289 numeris
633 3224 740 3310 potius
753 3223 913 3289 abstracta
926 3245 1024 3310 quam
1039 3223 1080 3288 iis
1095 3225 1247 3311 subjecta.

368 3324 467 3392 Porro
491 3325 594 3407 tertio,
620 3326 748 3415 quando
772 3326 930 3393 rationum
952 3336 1204 3414 comparatas-um
1229 3327 1355 3394 termini
1378 3332 1449 3392 sunt

302 3428 498 3516 asymmetri,
518 3437 745 3516 consequentes
764 3428 800 3494 in
819 3428 1078 3496 antecedentibus
1099 3451 1163 3497 nou
1182 3429 1377 3498 eontinentur
1392 3426 1451 3492 ali·

303 3530 436 3618 quoties,
459 3529 601 3618 adeoque
622 3530 732 3617 peragi
754 3539 916 3618 nequeunt
937 3541 1090 3598 accurate
1111 3531 1295 3614 divisiones,
1317 3555 1372 3600 nee
1391 3527 1450 3596 ulli

304 3633 453 3701 distincte
471 3633 769 3723 comprehensibiles
784 3633 874 3722 quoti
893 3634 1049 3702 exhiberi.
1094 3635 1193 3716 Quoti
1213 3660 1287 3704 vero
1307 3637 1366 3704 snb
1378 3655 1451 3700 eon·

303 3735 428 3804 fusione
442 3737 579 3827 quadam
593 3736 783 3823 imaginarii,
804 3737 933 3826 quando
947 3737 999 3804 vel
1014 3739 1172 3826 quomodo
1189 3740 1317 3806 sibimet
1330 3758 1452 3826 equen-

304 3847 367 3922 tnr,
395 3841 483 3908 haud
512 3841 559 3908 ita
587 3841 683 3907 fuerit
707 3840 743 3906 in
767 3850 918 3928 promptu
943 3841 1128 3924 discernere,
1152 3842 1206 3910 vel
1231 3841 1451 3910 duodece-Mc

304 3944 478 4013 ostendere.
522 3943 627 4025 Quare
640 3944 699 4010 vix
717 3944 834 4032 poterit
848 3944 917 4010 hec
931 3942 1075 4012 definitio
1089 3945 1241 4032 speciales
1255 3945 1296 4012 ad
1309 3967 1383 4012 usus
1399 3965 1450 4008 ac·

304 4047 505 4130 commodari,
520 4071 592 4136 quae
606 4047 800 4118 definitionis
814 4057 864 4114 est
878 4047 1073 4136 imperfectio
1087 4050 1152 4116 fere
1165 4048 1339 4138 potissima.

358 4300 416 4357 But
431 4301 507 4358 what
523 4303 547 4357 is
564 4303 688 4375 division,
705 4310 806 4377 except
822 4307 853 4364 ot
867 4307 1021 4365 numbersl

357 4385 425 4442 'lbls
440 4389 541 4442 annot
557 4386 595 4443 be
612 4388 724 4460 applied
742 4393 774 4448 to
791 4393 893 4464 special
912 4409 995 4449 cases

358 4471 418 4528 Nor
435 4474 466 4529 to
482 4471 765 4531 incommensnrsblea
