3167 5192
308 315 373 381 300
641 334 829 387 rumonus
852 336 1126 387 nannnnrmom.
1267 321 1376 407 [iser.
1394 336 1477 384 xrx.

310 500 396 567 tione
405 525 414 581 3
436 500 585 588 quamvis
599 501 667 567 illio
681 524 772 591 aeque
792 505 970 572 neeessaria
986 505 1048 571 fuit
1069 515 1102 573 et
1122 504 1213 572 utilis
1231 504 1380 571 definitio
1403 503 1480 571 telis

311 613 407 691 atque
422 603 476 671 hio
490 613 557 686 est;
579 604 637 671 sed
651 616 763 672 neutro
777 606 848 673 looo
862 630 979 695 msgna
992 607 1055 675 fuit
1068 607 1249 675 nenessitas.

377 708 568 796 Quanquam
582 709 669 776 haud
683 710 776 778 oredo
789 734 858 777 rem
872 710 975 799 ipsam
996 710 1075 777 adeo
1093 710 1273 798 generdem
1287 716 1320 776 et
1334 710 1481 776 abstrae-

311 821 389 893 tam,
404 833 504 899 eoque
518 822 673 901 oonoeptn
686 813 790 900 magis
805 812 936 879 arduam
950 822 982 879 et
1000 812 1173 900 explicatu,
1190 811 1391 879 definitionis
1411 834 1481 879 esse

312 938 459 1003 capacem
481 915 702 983 commodioris
723 917 785 984 hae
806 940 903 1005 qnam
925 917 1146 984 Elementetor
1166 916 1357 1004 assignavit,
1380 938 1479 1004 quam

312 1025 385 1092 ideo
404 1025 511 1092 visum
530 1036 578 1093 est
600 1025 728 1093 uberius
745 1025 925 1114 explicare3
948 1046 1052 1113 neque
1071 1047 1137 1092 non
1158 1026 1200 1092 eb
1219 1024 1479 1113 oppugnantium

312 1128 512 1218 captionibus
526 1151 673 1196 asserere.
717 1128 788 1197 Ubi
807 1128 921 1217 pedem
941 1128 1007 1215 figo
1027 1150 1131 1209 nuno;
1154 1127 1303 1216 proximt
1322 1125 1480 1192 Lectione

314 1230 444 1297 rationis
459 1230 500 1297 ad
515 1230 643 1318 speeies,
660 1240 693 1298 et
707 1239 921 1319 symptomata
934 1229 1057 1319 potiore
1071 1230 1205 1317 gradum
1220 1238 1440 1318 promoturus

702 1508 1098 1520 ——---————-—-

763 1710 894 1781 IAEOT.
917 1710 1039 1779 xix*

381 1860 574 1930 ATIONIS
611 1860 820 1928 Geometricae
855 1866 1000 1929 naturam
1036 1870 1199 1949 uteunque
1230 1859 1477 1939 delineavimus‚

403 1963 619 2030 definitionem
636 1963 705 2049 ejus
728 1962 763 2029 in
777 1962 943 2030 elementis
960 1963 1179 2051 consignatam
1198 1966 1263 2051 quit
1281 1960 1476 2051 explioando

316 2074 382 2159 qul
399 2066 576 2136 asserendo.
620 2066 727 2135 Aliter
748 2066 1010 2156 (πητωδεστέρως
1027 2067 1158 2156 quidem
1175 2076 1208 2134 et
1221 2065 1476 2155 παχυλωτέρως,

316 2184 351 2239 at
378 2172 510 2239 fortusse
530 2171 634 2258 magis
652 2170 699 2236 'od
723 2180 852 2260 captum
877 2172 1088 2255 communem)
1121 2168 1295 2237 declaretur
1327 2170 1399 2236 haee
1425 2190 1475 2234 res

316 2275 460 2357 dioendo‚
475 2276 561 2364 quod
583 2274 664 2341 ratio
687 2273 730 2339 sit
748 2274 862 2341 modus
883 2273 1118 2354 determinatus,
1136 2295 1200 2361 qno
1219 2271 1475 2361 unumquodvis

318 2390 474 2467 quantum
488 2377 628 2446 eontinet
641 2375 739 2458 aliud,
750 2376 803 2443 vel
818 2376 860 2443 ab
874 2398 911 2443 eo
926 2377 1118 2456 continetur3
1137 2374 1223 2441 idem
1237 2375 1291 2441 vel
1303 2372 1473 2463 persimilis

317 2483 347 2551 ei
362 2482 467 2565 modo,
478 2474 575 2570 justa
588 2502 684 2570 quem
698 2501 798 2546 unum
813 2478 941 2545 alterins
955 2477 1114 2565 totuplum
1129 2476 1254 2559 dieitur,
1271 2487 1327 2543 aut
1340 2476 1471 2543 alterum

317 2586 412 2651 toties
426 2584 605 2666 eontinere3
627 2582 681 2650 vel
705 2604 774 2649 esse
796 2580 871 2647 talis
889 2602 963 2669 pars
987 2580 1041 2647 vel
1061 2588 1110 2647 tot
1130 2588 1235 2668 partes
1256 2579 1399 2661 alterius,
1421 2588 1471 2643 aut

317 2688 412 2755 toties
428 2688 464 2753 in
476 2688 575 2755 altero
589 2684 760 2767 contineri,
782 2684 840 2772 qui
859 2694 940 2751 oerte
961 2682 1084 2766 modus,
1099 2706 1199 2771 quum
1221 2682 1337 2751 oollata
1356 2692 1471 2771 quanta

317 2791 458 2857 numeris
480 2790 584 2857 efferri
607 2800 749 2878 possunt,
778 2786 929 2854 facillime
958 2787 1232 2876 comprehenditur
1254 2811 1276 2854 a
1295 2788 1410 2869 nobis3
1438 2794 1471 2851 ut

317 2892 511 2980 modusque
529 2891 613 2958 libre
637 2892 777 2959 continet
801 2892 928 2959 unciam
951 2890 999 2957 nil
1023 2892 1129 2959 innuit
1149 2892 1246 2973 alind,
1269 2914 1367 2980 quam
1389 2888 1468 2981 qnod

318 2999 401 3063 hane
413 2995 472 3060 ills
485 2993 653 3087 dnodeeies
674 2994 844 3077 contineat,
860 2995 914 3063 vel
933 2995 974 3062 sd
987 2995 1071 3062 hano
1086 3019 1120 3063 se
1138 2996 1264 3078 habeut,
1280 2996 1364 3063 sinim
1381 3004 1417 3062 lt
1431 2990 1468 3059 nd

320 3112 349 3182 1,
363 3098 450 3167 unde
474 3098 557 3167 libre
578 3096 693 3164 d'mitur
715 3097 757 3164 ad
780 3098 908 3166 unciam
930 3098 1035 3167 sortiri
1058 3101 1212 3169 iationem
1233 3100 1467 3189 duodecuplam.

320 3205 500 3293 Modusqne
513 3224 578 3291 quo
591 3201 757 3288 longitudo
774 3202 897 3291 pedalis
911 3203 946 3271 in
960 3226 1057 3293 passu
1071 3204 1271 3273 Geometrioo
1285 3206 1468 3281 continetur,

320 3307 403 3375 nihil
416 3315 466 3375 est
486 3304 574 3373 aliud
596 3326 693 3392 quam
715 3304 806 3371 illem
825 3303 922 3393 hujus
944 3328 1013 3373 esse
1037 3314 1159 3395 partem
1182 3309 1336 3395 quintam,
1360 3309 1412 3375 vel
1432 3306 1469 3371 nd

319 3434 394 3479 eum
418 3431 453 3478 se
473 3410 590 3477 habere
607 3408 689 3476 siout
705 3417 721 3474 1
739 3408 780 3474 ed
796 3416 824 3490 5,
846 3409 931 3497 quod
950 3410 1145 3497 significatur
1168 3411 1300 3479 dicendo
1321 3412 1468 3478 rstioriem
1548 3412 1549 3464 i

320 3516 411 3603 pedis
440 3513 482 3581 nd
505 3536 634 3602 passum
663 3534 731 3579 esse
761 3512 1037 3602 subquintuplum.
1082 3514 1147 3595 Qut
1176 3514 1288 3581 modus
1317 3516 1468 3582 abstracto

321 3617 477 3685 vocabulo
491 3616 740 3706 quintuplicitas,
756 3626 812 3682 aut
829 3618 938 3703 (verbo
952 3618 1091 3702 veniam)
1115 3617 1325 3706 quintuplitas
1348 3620 1469 3705 (πεπα-

321 3723 446 3803 natvm
460 3731 516 3787 ant
530 3717 786 3806 πεμπτασιότης)
804 3720 992 3810 exprimitur
1005 3732 1039 3788 et
1053 3720 1243 3789 enuntiatur.
1268 3754 1271 3761 ·

387 3826 471 3893 (lum
491 3847 567 3892 vero
588 3824 704 3891 oollatn
727 3833 848 3912 quanta
869 3824 985 3912 (quood
1004 3824 1181 3893 absolutam
1205 3848 1294 3891 susm
1315 3824 1469 3913 quantita·

322 3929 399 4013 tem)
424 3928 503 3995 talio
527 3935 612 4007 sunt,
634 3936 673 3994 ut
694 3926 834 3993 numeris
856 3927 992 4015 perfecte
1014 3938 1173 4019 nequeant
1193 3928 1339 4017 exprimi,
1363 3928 1467 3997 saltem

375 4174 393 4208 *
404 4176 470 4235 This
487 4176 594 4235 leoture
612 4179 736 4235 oontains
753 4196 772 4235 a
788 4179 980 4238 olnssiliostion
997 4182 1028 4237 ol
1045 4181 1130 4237 mtlos
1147 4196 1178 4237 as
1195 4181 1277 4251 given
1296 4180 1333 4250 by
1349 4178 1468 4251 previos*

376 4436 407 4491 If
418 4440 469 4494 not
484 4367 892 4511 mir-mgpspproximtely:
906 4370 942 4497 iis
958 4440 1007 4497 tlro
1022 4439 1233 4496 oimrnnterenoe
1246 4438 1302 4494 ors
1312 4436 1394 4495 circle
1405 4436 1428 4492 is
1438 4432 1466 4505 ³l
