3167 5192
323 380 389 447 306
658 390 846 453 munuum
868 390 1142 442 nurnunsrmm.
1277 372 1383 459 [usur.
1400 392 1478 443 ιιι.

322 564 582 653 qualitercunque
592 561 700 631 referri
713 571 844 651 possent
853 561 894 630 sd
904 582 1062 643 numeros,
1081 562 1203 650 (utpote
1217 560 1366 649 symbols
1380 584 1481 649 quun·

322 678 428 736 torum
445 666 692 755 generalissime,
714 666 890 748 notissima,
906 664 1184 751 commodissimu)
1204 686 1332 732 neeesse
1346 663 1411 731 init
1424 688 1481 732 nu·
1550 686 1551 689 ’

321 798 426 845 meme
447 776 559 845 surdos
588 779 680 866 (quos
703 784 820 843 voount
841 784 874 843 et
898 774 1106 860 irrationales)
1133 772 1340 854 comminisci,
1362 773 1481 861 quibus

321 881 456 949 istorum
470 888 661 969 quantorum
674 879 813 946 rationes
827 887 987 965 uteunque
1001 886 1132 966 possent
1145 877 1293 967 exprimi.

386 981 433 1048 Et
454 982 568 1050 hurum
589 981 719 1070 quidem
743 979 952 1048 ineffabilium
976 980 1135 1047 rationum
1159 979 1258 1047 nullm
1280 986 1482 1047 reeensentur

322 1086 463 1175 species3
493 1086 582 1173 (quis
598 1084 787 1166 differentes,
811 1083 928 1173 quibus
948 1082 1089 1172 ipserum
1106 1083 1235 1151 termini
1258 1104 1293 1151 se
1318 1083 1482 1151 eontinent
1551 1131 1552 1173 ,

322 1201 380 1259 out
394 1190 576 1278 respiciunt,
591 1188 678 1256 modi
688 1189 768 1256 bene
777 1187 901 1276 oonoipi
911 1196 944 1253 et
958 1187 1114 1275 distingui
1128 1196 1299 1276 nequeunt,
1310 1198 1343 1255 et
1357 1187 1482 1253 nullum
1551 1232 1552 1277 ,

321 1293 497 1380 excogitari
515 1292 655 1380 proclive
673 1291 717 1358 sit
734 1314 791 1381 pro
813 1290 854 1357 iis
879 1291 971 1358 aliter
988 1290 1205 1378 exprimendis
1227 1291 1479 1379 compendium)
1551 1288 1552 1311 ³

273 1404 278 1409 ’
322 1395 537 1478 strutionum,
553 1417 625 1483 quur
644 1395 743 1481 vulgo
764 1401 981 1475 numerantem,
1005 1392 1181 1461 effabilium
1206 1394 1329 1482 speeies
1350 1416 1483 1483 pereun-

322 1520 390 1566 sere
404 1497 551 1580 oonsbor,
567 1507 600 1565 et
616 1518 775 1586 exponere
788 1518 886 1583 quum
900 1495 1104 1563 brevissime:
1132 1497 1293 1583 (quorsum
1309 1496 1399 1563 enim
1414 1518 1482 1583 quae

321 1600 439 1669 trudito
452 1609 598 1690 prostent
615 1600 733 1680 ubivis,
755 1609 788 1665 et
808 1621 864 1687 per
888 1599 966 1665 setis
983 1598 1067 1665 olsrs
1088 1608 1172 1681 sunt,
1195 1599 1359 1687 operosius
1382 1600 1483 1667 incul-

322 1704 418 1772 eare?
460 1703 545 1771 Mihi
559 1705 665 1793 potius
684 1702 868 1771 institutum
882 1711 940 1784 est,
957 1725 1028 1791 quae
1042 1702 1176 1791 protrita
1196 1703 1314 1785 minus,
1330 1713 1365 1771 et
1380 1705 1482 1791 megin

321 1805 466 1873 involuto
497 1807 655 1889 videntur,
684 1806 790 1876 studio
819 1829 890 1874 meo
924 1806 1136 1894 qualicunque
1167 1805 1333 1887 ventiletur,
1359 1807 1482 1895 judicio

321 1916 427 1973 vestro
440 1908 664 1995 perpendenda
676 1908 916 1990 commendere3
939 1931 1011 1995 quse
1032 1908 1151 1996 passim
1172 1907 1277 1989 obvie,
1296 1908 1352 1976 vel
1374 1910 1481 1977 edmo-

320 2010 397 2079 dum
411 2019 521 2098 apertu
534 2020 610 2076 snut
623 2008 688 2076 levi
701 2009 781 2098 pede
796 2010 1060 2095 transcurrendo).

386 2112 441 2179 Ad
463 2133 541 2179 rem.
585 2108 680 2177 Nihil
703 2112 863 2200 imprimis
888 2110 1088 2179 manifestius
1113 2119 1171 2193 est,
1194 2132 1291 2198 quam
1309 2112 1480 2200 aequalium

321 2224 510 2301 quantorum
523 2213 679 2280 rationem
693 2235 818 2301 semper
831 2212 990 2282 effubssem
1004 2236 1083 2295 esse,
1099 2223 1208 2302 utpote
1226 2235 1298 2302 qum
1312 2215 1480 2303 quibusvis
1553 2226 1554 2231 ’

321 2316 498 2405 sequslibus
526 2315 668 2383 numeris
696 2316 834 2404 exprimi
870 2325 975 2403 quest.
1020 2314 1131 2385 Habet
1165 2338 1198 2383 v.
1210 2338 1243 2403 g.
1273 2338 1308 2383 se
1342 2317 1480 2404 quodvis

319 2421 443 2509 aequule
464 2428 619 2507 quantum
644 2418 686 2486 sd
709 2418 799 2486 uliud
822 2418 969 2507 quodvis,
989 2428 1027 2487 ut
1049 2418 1156 2486 unitus
1178 2419 1221 2487 ed
1238 2420 1403 2501 uuinton,
1425 2419 1478 2486 vel

319 2523 463 2592 binarius
483 2522 525 2589 sd
546 2522 716 2591 binarium.
762 2521 868 2607 Igitur
887 2520 1079 2610 equalitatis
1099 2522 1181 2589 ratio
1203 2520 1355 2590 eonstitui
1375 2530 1477 2611 potest
1554 2599 1555 2609 χ

320 2622 933 2715 primespecieseffsbiliumrstionum.
1554 2620 1555 2677 ξ

385 2727 618 2817 Iuequslitutis
633 2735 740 2794 sutem
757 2726 839 2792 rutio
859 2748 932 2793 eum
955 2726 1075 2816 duplex
1089 2725 1136 2809 fit,
1152 2737 1188 2794 ut
1207 2726 1358 2809 vidimus,
1381 2728 1476 2815 mejo-

319 2832 396 2897 ritas
420 2839 476 2896 sut
500 2828 675 2910 minoritos,
699 2827 754 2897 vel
778 2848 927 2896 excessus
950 2828 1154 2917 defectusque
1176 2829 1266 2911 ratio,
1290 2829 1475 2918 majorinus

319 2931 457 3005 effabilis
471 2932 614 3018 quinque
626 2931 727 3018 vulgo
746 2930 867 3019 speeies
888 2938 1080 3013 statuuntur,
1100 2931 1217 3018 quibus
1231 2933 1357 2999 inverse
1379 2954 1474 2999 eone·

320 3032 478 3122 spondent
491 3033 624 3100 totidem
644 3034 766 3121 species
780 3032 980 3101 minoritatis.
1023 3033 1091 3101 Eue
1113 3034 1347 3102 reoensebimus
1367 3044 1402 3103 et
1421 3058 1475 3101 ex·

319 3156 484 3226 ponemus,
499 3136 546 3201 ito
558 3144 666 3203 temen
678 3145 715 3203 ut
729 3136 896 3204 divisionis
910 3137 1007 3225 hujus
1021 3137 1263 3205 iimdumentum
1276 3148 1310 3204 et
1322 3138 1474 3225 originem

323 3238 370 3357 (id
383 3237 494 3327 quod
483 3259 519 3302 ιιι
536 3237 624 3304 omni
648 3236 806 3307 divisione
825 3238 970 3306 teehniol
991 3239 1194 3367 potissimum
1215 3240 1351 3387 spectari
1373 3240 1474 3325 debet)

319 3343 408 3433 prius
423 3342 662 3430 investigemus

385 3446 427 3513 Id
440 3444 643 3535 aggredimur
655 3446 758 3513 iuuere
770 3443 921 3527 notendo,
937 3446 1023 3535 quod
1042 3468 1114 3515 eum
1129 3445 1193 3515 duo
1214 3456 1333 3535 qusnts
1352 3470 1475 3537 eompu-

319 3573 427 3618 rumue
441 3550 524 3617 inter
542 3571 577 3616 se
595 3549 750 3615 rationem
769 3546 922 3615 habentis
940 3547 1109 3631 effabilem,
1124 3548 1178 3617 vel
1196 3572 1305 3617 eorum
1323 3550 1398 3619 vioe
1418 3572 1474 3617 nu·

320 3676 423 3721 meros
443 3652 561 3742 quibus
580 3657 861 3738 representantur,
886 3649 1017 3717 modum
1042 3649 1162 3719 seilicet
1179 3652 1392 3739 inquirentes,
1414 3674 1475 3740 quo

319 3754 509 3821 antecedens
532 3760 776 3840 consequentem
799 3750 951 3832 eontinet,
975 3761 1031 3818 sut
1059 3751 1094 3817 in
1119 3774 1157 3819 eo
1180 3753 1369 3835 continetur,
1392 3754 1475 3821 huno

319 3864 558 3975 repraesentare
568 3851 821 3921 oontendimus'
811 3874 847 3917 ιιι
877 3852 1016 3920 numeris
1045 3854 1150 3940 quosd
1178 3855 1247 3943 ejus
1275 3854 1344 3921 fieri
1372 3866 1475 3945 potest

319 3959 481 4039 minimis;
503 3957 581 4046 quis
601 3956 683 4023 ratio
705 3954 828 4043 qurevis
854 3954 889 4020 in
914 3953 1057 4021 minimis
1077 3956 1222 4024 terminis
1245 3957 1370 4027 fseilim
1393 3957 1474 4026 metr·

320 4069 471 4127 maturet
484 4058 768 4149 comprehenditur.
813 4054 919 4144 Igitur
938 4056 1099 4140 enitimur,
1115 4067 1151 4126 ut
1165 4082 1272 4128 eornm
1292 4060 1382 4143 alter,
1402 4084 1473 4129 eon-

320 4184 455 4250 sequens
468 4186 592 4251 nempe,
607 4164 650 4230 sit
663 4163 735 4251 ipss
752 4159 870 4242 unitas,
886 4180 1087 4227 numerorum
1106 4161 1235 4230 infimus
1257 4174 1288 4231 et
1306 4163 1472 4254 simplicis·

371 4327 466 4471 Ἐξ
478 4414 509 4470 ol
520 4415 755 4473 sommensursblo
772 4416 866 4473 rutios.
1019 4434 1026 4483 ι

372 4498 507 4571 Fquslity.
