3167 5192
6 400 8 460 t
104 420 196 471 uror.
213 405 255 491 u]
457 423 645 476 mucrones
666 423 809 476 cruca.
1128 399 1172 474 23

102 586 170 675 ejus
183 588 394 656 tendentium
412 588 477 657 alio
492 589 689 659 determinet
733 588 840 677 Igitur
859 597 897 656 ut
911 587 993 670 aliis,
1008 609 1080 676 qnae
1094 599 1172 676 puto

102 691 199 758 variar
225 692 450 780 assignantur,
474 693 571 782 hujus
596 692 699 760 effecti
724 693 829 760 causis
850 692 1050 759 excutiendis
1073 691 1173 759 absti-

101 815 204 875 neam,
232 794 315 862 inde
341 797 515 882 genuinam
543 797 648 883 ejusce
676 796 831 863 rationem
860 797 908 882 (ut
936 805 969 862 et
997 795 1172 881 generatim

102 897 249 964 omnium
279 923 360 986 qna
386 899 469 966 circa
490 899 650 966 radiorum
671 897 885 966 inflectionem
907 898 1055 986 primitus
1077 898 1174 964 obre·

103 998 210 1084 niunt)
229 1001 390 1068 existimo
411 1001 591 1089 petendam,
613 1000 700 1088 quod
718 999 800 1066 lucis
818 999 926 1066 radius
946 1022 1012 1067 non
1026 1023 1113 1066 mera
1132 999 1176 1065 sit

102 1099 197 1182 linea,
213 1125 337 1169 verum
361 1102 614 1168 dimensionibus
637 1101 828 1169 omnimodis
851 1102 1020 1190 praeditum
1042 1123 1173 1190 oorpus3

101 1213 214 1292 utpote
233 1205 352 1293 (juxta
365 1227 438 1292 quae
458 1205 717 1293 praemonuimus)
742 1203 953 1292 cylindricum
971 1214 1027 1272 aut
1040 1204 1175 1293 prisma·

6 1349 12 1360 -
103 1305 305 1397 ticum,·pro
329 1309 434 1396 ligure
461 1308 650 1396 corpusculi,
675 1330 696 1373 a
716 1330 780 1395 quo
805 1308 913 1375 oritur.
960 1307 1175 1398 supponatur,

103 1407 320 1498 aliquatenus
347 1410 530 1478 illustrandi
566 1411 720 1500 propositi
755 1433 841 1498 ergo,
869 1410 1176 1501 Parallelepipedum

104 1512 382 1582 ABODEFGH
403 1514 483 1581 lucis
508 1515 635 1581 radium
657 1514 787 1602 oblique
813 1515 942 1602 speculo
967 1515 1177 1582 incurrentem
1189 1533 1247 1600 urg.
1260 1547 1284 1599 3·

105 1627 360 1703 repraesentare3
383 1617 473 1705 cujus
494 1617 580 1683 latus
597 1618 664 1683 BF
677 1616 854 1706 applicetur
876 1617 1014 1704 speculo,
1030 1617 1109 1684 dum
1127 1617 1179 1683 in·

107 1729 196 1787 terea
210 1723 381 1812 reliquum
395 1721 465 1810 ejus
479 1745 576 1811 supra
589 1722 712 1810 speculi
729 1721 862 1810 planum
877 1721 1028 1789 elevatur.
1072 1721 1181 1809 Impe-

108 1821 218 1892 dietnr
244 1847 325 1913 ergo
350 1825 654 1914 Parallelogramum
678 1825 812 1906 ABFE,
839 1848 880 1892 ne
901 1831 989 1892 reeta
1012 1825 1179 1914 procedat3

107 1925 185 1995 inde
209 1930 381 2016 continget
405 1940 523 1996 rectam
545 1931 612 1996 BF
632 1929 741 2018 aliquo
769 1952 867 2019 supro
895 1929 1017 1996 dictum
1047 1929 1180 2019 planum

109 2031 249 2100 resilire.
296 2032 418 2100 Verum
442 2034 479 2099 in
501 2031 582 2100 alias
603 2031 717 2100 saltem
735 2043 841 2119 partes
863 2034 919 2100 fiet
944 2034 1012 2101 hac
1031 2034 1180 2116 reflectio,

109 2137 293 2203 secundum
317 2160 397 2225 quas
419 2147 524 2204 rectus
549 2136 631 2202 radii
655 2159 851 2225 progressus,
882 2137 987 2225 quoad
1016 2138 1086 2224 ejus
1111 2137 1182 2204 fieri

110 2249 234 2326 potest,
251 2265 348 2330 quam
373 2241 505 2308 minime
528 2249 736 2329 pervertetur.
781 2239 865 2307 Cum
890 2241 975 2308 enim
996 2241 1026 2306 is
1044 2241 1182 2310 rectissi-

110 2365 205 2412 mum
231 2368 360 2411 cursum
387 2345 521 2425 affectet,
546 2365 619 2410 eum
642 2343 696 2427 (ex
718 2341 826 2408 indole
849 2350 943 2424 cent,
968 2351 1183 2433 perpetuique

112 2445 187 2536 lege
202 2452 340 2534 naturae)
358 2449 387 2515 si
403 2447 541 2536 perfecte
562 2447 684 2534 nequit,
707 2455 742 2510 at
762 2456 870 2511 tamen
888 2455 924 2512 ut
943 2447 1088 2534 proxime
1108 2471 1184 2513 eon-

113 2563 281 2639 sequetur.
326 2551 442 2636 Itaque
462 2571 536 2616 cnm
550 2547 634 2614 inter
649 2546 747 2636 plana
768 2546 868 2612 latera
888 2548 987 2613 ABD
993 2548 1029 2628 0,
1051 2547 1183 2614 EFHG

113 2654 252 2724 sibimet
273 2653 419 2742 opposita
444 2673 555 2718 cursus
578 2651 648 2739 ejus
670 2661 765 2716 antea
785 2649 985 2738 dirigeretur,
1005 2661 1038 2718 et
1059 2651 1185 2739 objecta

113 2755 306 2844 superficies
322 2753 406 2819 nihil
415 2753 486 2842 jam
505 2752 619 2834 obstet,
634 2775 698 2840 quo
717 2752 825 2818 minus
838 2752 923 2820 inter
944 2752 1054 2822 eudem
1076 2753 1182 2843 plana,

114 2858 252 2926 tametsi
279 2881 405 2926 sursum
430 2879 593 2939 exeamus,
623 2855 854 2946 progrediatur,
882 2856 1054 2924 admodum
1082 2857 1185 2946 liquet

117 2963 299 3030 etiamnum
316 2961 400 3030 inter
417 2960 476 3027 illa
489 2961 638 3028 semitam
657 2961 728 3048 ejus
743 2960 916 3044 contineri3
939 2962 1106 3051 locumque
1127 2983 1185 3030 seu

118 3066 254 3156 plagam
286 3065 469 3133 reflexionis
498 3074 629 3132 eatenus
657 3064 746 3132 hand
777 3086 941 3154 perperam
971 3065 1184 3136 determinari.

121 3167 284 3238 Craterum
313 3179 363 3236 est
391 3169 524 3258 planum
552 3168 693 3250 ABDO,
716 3168 810 3258 eique
842 3169 1022 3259 oppositum
1051 3171 1191 3238 EFGH

121 3274 246 3360 speculi
261 3272 357 3361 plano
371 3283 511 3354 rectum
534 3273 611 3360 quic
624 3271 935 3363 Parallelepipedum
953 3285 1075 3343 rectum
1093 3275 1185 3365 poni·

122 3384 185 3459 tur,
209 3386 242 3444 et
262 3376 334 3444 idco
353 3375 493 3443 lateralis
515 3387 601 3443 recta
622 3377 689 3442 BF
706 3376 742 3442 in
766 3377 888 3464 speculi
913 3377 1010 3466 plano
1033 3378 1183 3458 existens,

123 3477 231 3565 planis
244 3478 385 3560 ABDO,
407 3478 539 3544 EFHG
560 3486 655 3544 recta.
700 3476 855 3557 Quocirca
872 3479 901 3543 si
919 3487 1021 3545 totum
1043 3478 1104 3546 hoo
1121 3479 1184 3545 Pa·

123 3581 385 3670 rallelepipedum
407 3581 448 3649 ob
462 3580 640 3648 exilitatem
655 3601 755 3661 suam,
771 3587 828 3646 ant
847 3579 1082 3647 Mathematicus
1100 3603 1185 3648 corn·

123 3684 300 3773 putationis
314 3685 428 3771 petit,
436 3706 495 3772 pro
509 3688 596 3750 recta
608 3681 701 3771 quasi
715 3680 985 3786 lmet'oenseatur,
996 3683 1055 3750 erit
1069 3683 1186 3772 pariter

126 3799 160 3855 et
173 3787 311 3856 reflexus
331 3787 442 3854 radius
455 3785 553 3854 etiam
567 3785 653 3853 linea
672 3796 776 3868 recta3
799 3809 859 3852 nec
876 3809 942 3853 non
962 3795 1094 3876 uterque
1111 3809 1186 3854 eon·

126 3891 280 3958 tinebitur
301 3890 337 3956 in
351 3889 518 3979 superficie
531 3890 573 3956 ad
590 3889 712 3978 speculi
732 3889 864 3978 planum
885 3899 979 3958 recta.
1023 3889 1099 3957 Non
1121 3889 1186 3957 dis·

127 3993 227 4060 simili
251 3993 427 4074 ratiocinio,
450 3993 480 4060 si
503 3992 613 4059 radius
635 3991 774 4080 cylindri
802 3992 880 4059 recti
904 3992 1008 4080 figura
1034 3991 1186 4081 preditus

127 4096 314 4164 admittatur
335 4096 451 4185 (qualis
470 4095 660 4162 nimirums
681 4118 811 4184 corpore
831 4105 1040 4185 procurrente,
1055 4095 1108 4162 vel
1126 4095 1187 4160 im·

127 4199 220 4288 pulso
234 4199 432 4288 producetur,
448 4199 483 4266 id
503 4199 533 4266 si
556 4198 757 4288 sphaericum
773 4198 879 4280 fuerit)
904 4199 999 4266 etiam
1023 4197 1130 4266 radius
1152 4199 1187 4265 in

126 4303 293 4392 superficie
339 4302 437 4390 plano
473 4302 594 4391 speculi
630 4307 717 4370 recta
752 4302 965 4369 reflectionem
1005 4301 1188 4370 ostendetur

128 4406 245 4475 subire.
300 4405 431 4495 Speculi
459 4406 579 4495 quippe
610 4405 707 4493 plano
739 4414 844 4471 rectus
874 4405 994 4472 incidat
1024 4407 1188 4494 cylindrus
1201 4425 1258 4492 rig.
1270 4445 1295 4489 4.

127 4510 277 4594 ABDO,
300 4509 392 4599 cujus
413 4511 506 4581 bau
531 4509 677 4592 AMON,
702 4509 837 4591 BODP,
864 4509 935 4578 axis
957 4509 1036 4594 XZ3
1060 4510 1105 4577 ita
1125 4509 1185 4578 sci·
