3167 5192
83 401 174 453 ruer.
191 384 272 473 xm]
417 402 604 454 cerneum
626 402 899 452 uuunuunmcm.
1173 386 1237 455 32⁷

81 568 197 637 divisio
212 592 309 659 quum
324 570 507 637 subtectio.
542 570 700 651 Quemvis
720 570 902 649 obtinuerit,
923 579 960 635 ut
981 568 1038 636 ille
1058 569 1143 658 prior
1163 592 1239 659 ope·

82 672 161 738 rstio
175 672 303 739 dicutur
316 670 504 761 πρόσθεσις,
519 673 589 739 hece
602 672 755 761 posterior
768 682 874 738 sutem
887 669 1057 761 ἀφαίρεσις
1062 675 1083 740 ¹.

142 783 176 842 2.
223 773 382 855 Secundo,
407 774 558 841 rudieitus
581 775 658 841 hinc
680 774 838 855 evellitur,
865 784 921 840 aut
941 774 1036 863 plene
1061 775 1239 843 decernitur

82 878 305 958 conmercia,
316 900 413 966 quem
423 878 548 965 agitent
560 876 719 959 nonnulli,
731 900 890 965 quemque
900 878 1026 945 videtur
1036 878 1239 947 Memennus¹

83 980 258 1061 excitdsm
286 1003 366 1045 num
389 980 471 1046 ratio
494 980 618 1047 scilicet
642 980 834 1066 aequnlitetis
862 980 1000 1047 nihilum
1029 982 1152 1064 referet,
1183 994 1238 1052 eut

84 1093 268 1169 exequetur
295 1082 407 1163 nihilo,
438 1082 518 1149 rctic
555 1082 684 1170 majoris
719 1083 912 1170 equalitutis
948 1085 1111 1151 attolletur
1143 1110 1239 1177 supra

84 1185 233 1265 nihilum,
255 1185 335 1251 ratio
356 1184 487 1250 minoris
507 1184 735 1272 inequalitutis
759 1183 844 1250 inire
871 1186 1009 1251 nihilum
1035 1187 1237 1274 deprimatur.

84 1286 169 1355 Nem
184 1312 229 1355 ex
242 1310 318 1355 vero
332 1310 405 1354 eum
418 1288 509 1353 nullu
521 1289 602 1353 rutio
613 1297 733 1376 quante
747 1288 799 1369 sit,
815 1288 976 1355 intercidit
989 1289 1122 1379 hujusce
1136 1313 1239 1378 qnces-

85 1392 182 1459 tionis
196 1390 442 1458 fundemntclis
457 1391 654 1479 hypothesis,
674 1391 808 1480 ipseque
827 1390 923 1459 simul
938 1392 1104 1460 collabitur
1118 1405 1150 1461 et
1162 1394 1237 1463 ruit.

86 1496 147 1561 Ast
172 1518 218 1563 ex
241 1494 413 1583 hypothesi
438 1494 524 1581 quod
552 1493 824 1561 denominatorum
854 1496 1034 1585 effectiones
1063 1496 1239 1564 rationibus

87 1600 152 1665 suis
165 1596 388 1686 adjudiouudae
402 1606 487 1677 sunt,
506 1595 744 1663 evidentissime
762 1596 864 1685 liquet
883 1598 980 1664 etium
998 1598 1189 1665 minoritatis
1207 1608 1240 1666 et

88 1700 279 1789 equalitatis
292 1698 430 1765 rationes
444 1720 541 1788 supro
553 1698 692 1765 nihilum
706 1722 881 1786 assurgere.
927 1698 1061 1787 Semper
1079 1699 1165 1766 enim
1180 1701 1241 1766 mi·

87 1804 172 1869 noris
201 1803 334 1868 tutionis
362 1802 580 1869 denominetor
608 1812 657 1868 est
686 1802 817 1889 aliquod
845 1812 1000 1891 quantum
1029 1814 1240 1891 consequente

88 1907 212 1988 minus3
234 1906 377 1993 adeoque
395 1906 430 1972 in
447 1906 669 1972 Arithmeticis
687 1928 762 1993 pure
780 1906 836 1973 vel
854 1906 965 1973 fractio
984 1906 1087 1973 minor
1105 1907 1238 1975 unitate.

90 2008 239 2099 AEqurdis
253 2032 329 2076 vero
342 2009 473 2076 tutionis
491 2008 708 2075 denominetur
726 2010 931 2098 consequenti
951 2032 1074 2099 semper
1093 2010 1241 2099 cdaeque·

91 2125 146 2195 tur,
164 2125 199 2181 et
212 2113 336 2181 unitate
356 2113 554 2207 signaturis
573 2112 805 2179 Arithmetieis.
849 2114 919 2181 Nec
941 2115 1079 2203 emplius
1100 2115 1177 2203 quid
1200 2115 1242 2182 ed

91 2216 221 2306 hujusce
235 2216 421 2305 questionis
434 2215 624 2281 decisionem
639 2214 824 2300 requiretur.

151 2330 182 2388 3.
227 2319 348 2400 Tertio,
366 2319 518 2386 facillime
536 2318 724 2384 refelluntur
737 2318 813 2384 hine
827 2340 1023 2407 qusecunque
1037 2319 1241 2403 Meibcmius,

93 2423 242 2491 edversus
266 2422 415 2511 antiquos
437 2422 534 2510 juxte
557 2442 595 2486 ec
618 2421 807 2487 recentiores
828 2420 1025 2503 Geometras,
1051 2422 1135 2511 stylo
1160 2434 1243 2490 certe

93 2526 189 2592 uunis
208 2550 303 2614 quum
326 2524 546 2605 inverecundo,
570 2522 747 2610 disputavit
768 2546 806 2589 cc
828 2522 976 2590 edservit.
1020 2524 1138 2603 Qualis
1159 2534 1243 2607 sunt,

94 2629 178 2716 qnod
189 2630 271 2695 ratic
285 2628 495 2716 submultiple
513 2626 557 2693 sit
570 2625 681 2693 eudem
695 2625 812 2692 rationi
831 2626 998 2713 multiplae,
1019 2636 1146 2714 propter
1160 2627 1245 2693 idem

97 2734 136 2801 sb
149 2732 330 2822 {equalitate
349 2731 524 2814 διάπημα.
568 2728 784 2816 Praeterquam
805 2728 890 2795 enim
909 2728 995 2816 quod
1014 2752 1078 2795 non
1097 2730 1184 2796 idem
1203 2728 1247 2797 sit

98 2835 266 2921 διάστημα,
292 2859 369 2902 nem
390 2833 577 2921 longissime
602 2832 724 2899 distmt
748 2832 890 2899 defectus
916 2844 948 2899 et
969 2855 1130 2914 excessus,
1156 2832 1248 2901 diffe-

98 2942 192 3008 tentia
209 2938 363 3027 negative
377 2961 414 3004 uo
427 2936 577 3027 positive,
592 2936 671 3001 setis
685 2935 822 3023 liquebit
836 2935 930 3003 hasce
948 2936 1085 3004 rationes
1104 2935 1146 3002 ud
1161 2958 1247 3003 com-

100 3062 186 3111 mune
201 3064 398 3129 consequens
411 3038 581 3127 exigendo,
600 3038 699 3126 (quod
714 3062 772 3127 pro
791 3038 951 3106 rationum
965 3040 1134 3108 collatione
1153 3040 1247 3108 toties

99 3147 302 3214 necessarium
316 3143 520 3226 monuimus)
538 3140 704 3229 subduplae
719 3140 988 3210 denominstorem
1008 3144 1162 3211 minorem
1182 3144 1247 3211 fore

104 3250 287 3339 (quadrupli
305 3247 427 3315 ratione
445 3244 612 3329 minorem)
630 3243 866 3312 denominetore
885 3246 1018 3313 rationis
1033 3247 1150 3335 duplae.
1196 3246 1248 3314 sit

102 3363 173 3439 putu
190 3374 357 3421 commune
376 3372 571 3437 consequens
590 3358 620 3429 2,
644 3348 743 3435 igitur
764 3349 984 3417 antecedentes
1006 3362 1098 3417 erunt
1123 3358 1137 3415 1
1161 3358 1194 3416 et
1214 3358 1245 3431 4,

103 3456 180 3523 unde
192 3466 316 3523 constet
329 3454 535 3545 propositum.

162 3558 252 3642 Item,
273 3582 346 3625 cum
361 3556 484 3643 colligit
498 3554 636 3620 rationes
650 3559 799 3621 excessus
819 3564 851 3620 et
866 3554 1006 3620 defectus
1026 3554 1109 3620 inter
1129 3576 1163 3621 se
1182 3577 1247 3620 non

105 3682 190 3747 posse
210 3660 403 3751 compumri3
424 3681 499 3725 nem
523 3679 613 3746 teque
635 3667 857 3745 comparentur
878 3658 938 3738 hue,
962 3680 999 3723 uc
1021 3656 1092 3723 cliae
1113 3658 1247 3746 quevis,

298 3795 309 3830 ¹
326 3794 405 3862 Apud
415 3794 577 3854 Ptolcmoeure
592 3792 649 3845 Lib.
662 3804 681 3844 1.
695 3812 761 3845 συντ.
774 3798 801 3844 ot
811 3792 938 3845 Thoonem
950 3792 1031 3844 isthic.

298 3878 311 3913 ¹
327 3880 361 3930 n
371 3877 475 3942 erasae
487 3876 524 3927 aa
534 3875 612 3940 cyse.
624 3876 806 3940 remeat

157 4158 189 4225 (2)
220 4160 249 4215 Is
267 4161 317 4217 tho
336 4160 409 4217 retio
428 4159 460 4215 of
475 4158 598 4231 equality
616 4159 766 4231 expreesed
785 4160 823 4230 by
841 4166 866 4228 ο,
884 4158 1014 4231 majority
1031 4158 1068 4229 by
1085 4174 1103 4215 e
1121 4158 1248 4230 quantity

109 4246 210 4308 mter
218 4246 283 4303 theu
294 4253 319 4318 0,
330 4246 461 4317 minority
471 4246 509 4316 by
520 4262 537 4301 e
548 4247 675 4317 quantity
684 4247 740 4302 less
751 4246 818 4301 thnn
829 4246 964 4316 nothingt

111 4328 189 4467 milit)
220 4330 404 4388 hluhcmins's
418 4332 554 4387 essertion
569 4331 633 4387 thet
647 4347 665 4386 e
680 4328 858 4401 submultiple
869 4330 893 4386 'u
905 4330 953 4387 the
967 4346 1042 4386 sume
1053 4346 1084 4385 ec
1095 4344 1113 4385 u
1123 4327 1249 4398 multiple

161 4455 313 4560 neeesse
329 4520 366 4559 on
383 4502 504 4560 meuse
520 4501 686 4560 eomes..
