3167 5192
170 459 172 461 ,
286 385 328 450 10
675 393 801 444 ORATIO
824 394 1059 443 rnnrsrorrr.

286 593 358 638 rum
383 578 490 634 tumen
516 562 599 630 illud
632 571 721 629 tanto
751 562 948 649 angustioris
976 562 1087 643 animi,
1114 571 1204 628 tento
1229 561 1375 629 exilioris
1399 571 1456 629 est

290 671 405 751 meriti,
421 677 540 758 quanto
562 666 710 755 publicus
732 664 780 731 sol
803 665 982 732 domesticae
1004 665 1146 753 lampadi
1168 665 1329 754 praeluoet,
1348 687 1455 753 qusn-

290 789 385 864 toque
410 771 576 860 augustius
601 781 649 836 est
673 769 852 834 beneficum
875 768 1035 834 influxum
1061 768 1102 834 ad
1128 791 1239 835 omnes
1261 770 1453 848 diffundere,

292 899 389 966 quem
412 875 446 940 in
465 895 582 961 paucos
602 871 756 938 derivare.
802 870 929 951 Itidem,
952 881 989 936 nt
1012 871 1069 936 ulii
1091 873 1213 959 majora
1234 873 1454 960 praestiterint,

293 989 436 1046 nostrum
460 999 519 1042 sna
540 973 727 1064 prudentius
750 972 968 1061 dispensasse:
999 973 1157 1060 siquidem
1182 975 1455 1062 opportunissimo

293 1093 444 1171 tempore,
460 1103 533 1148 cum
555 1101 605 1146 res
626 1086 741 1156 vestra,
757 1077 879 1143 diutius
902 1077 1055 1164 neglecta,
1075 1079 1235 1165 conspicui
1261 1077 1380 1143 favoris
1399 1078 1454 1142 in·

294 1185 428 1272 digeret,
455 1195 487 1250 ct
513 1182 678 1270 deplorate
703 1179 843 1258 conditio
868 1168 1031 1246 literarum
1054 1180 1195 1245 validum
1221 1203 1313 1268 opem
1335 1179 1454 1268 implo-

292 1298 385 1369 raret,
416 1287 457 1353 ad
477 1308 555 1352 usus
577 1267 774 1371 summopere
795 1283 998 1364 necessarios,
1021 1283 1199 1371 quibusque
1222 1283 1327 1349 nescio
1348 1282 1454 1370 turpi-

294 1413 374 1458 usne
394 1389 488 1456 fuerit
506 1412 548 1454 an
571 1387 755 1453 damnosius
777 1409 837 1452 vos
858 1387 1013 1452 hactenus
1034 1387 1189 1452 caruisse:
1212 1385 1292 1451 alios
1314 1385 1455 1472 deniqne

294 1493 447 1560 beneficio
462 1491 645 1580 plurimum,
661 1489 821 1556 neminem
836 1512 926 1576 aeqne
944 1488 984 1555 de
1001 1489 1094 1554 vobis
1113 1488 1263 1576 exemplo
1279 1489 1452 1554 meruisse:

191 1659 196 1668 .
294 1597 422 1686 quando
444 1595 595 1662 nimirum
615 1593 665 1659 illi
679 1615 736 1680 pro
756 1602 935 1680 temporum
951 1592 1090 1678 ingenio,
1111 1601 1145 1657 et
1166 1592 1265 1657 seculi
1284 1591 1335 1657 sui
1353 1591 1454 1656 mori·

295 1701 357 1768 bus
383 1699 645 1786 obtemperantes,
671 1696 857 1783 vigentibus
885 1695 988 1782 gratis
1016 1694 1117 1760 literis
1146 1694 1367 1775 seclamarint3
1397 1693 1455 1759 hic

296 1801 428 1869 adverso
443 1824 507 1867 suse
523 1801 626 1865 estatis
641 1799 735 1885 genio
750 1797 908 1878 obnitens,
919 1795 1046 1863 invidis
1054 1796 1236 1862 laborantes
1246 1807 1277 1863 et
1288 1797 1454 1884 expositas

296 1903 465 1994 opprobrio
486 1903 593 1968 literas
616 1923 712 1968 ausus
734 1913 783 1968 cst
804 1901 911 1967 favore
933 1900 1109 1987 complecti,
1132 1900 1283 1987 dignatus
1304 1909 1354 1966 est
1377 1921 1456 1988 pro-

296 2007 387 2095 sequi
410 2004 596 2071 reverentis.
642 2003 769 2070 Tritum
793 2003 843 2069 illi
869 2003 983 2069 callem
1009 2003 1161 2090 ingressis
1186 2003 1317 2070 comites
1340 2025 1375 2069 se
1396 2004 1455 2068 vel

295 2109 501 2199 pedissequos
521 2107 757 2194 adjunxerunt3
779 2129 836 2194 per
857 2107 963 2172 aviam
984 2106 1039 2171 hic
1059 2106 1265 2174 solitudinem
1287 2107 1355 2172 dux
1375 2107 1453 2188 sibi,

295 2210 416 2278 nemini
445 2209 548 2274 socius
577 2207 725 2274 incessit:
756 2231 829 2294 spes
855 2207 910 2273 isti
935 2217 1066 2294 vegetus
1093 2207 1240 2275 fovenmt
1262 2209 1453 2289 studiorum,

294 2313 349 2380 hic
373 2320 545 2400 prostratas
571 2311 683 2389 erexit,
709 2299 920 2398 pessundatas
941 2300 1090 2393 restituit,
1113 2335 1196 2400 pens
1223 2313 1364 2402 sepultas
1392 2335 1454 2379 ex-

298 2415 483 2484 suscitavit:
506 2414 669 2481 florentem
684 2414 734 2479 illi
749 2437 877 2481 suorum
896 2425 1073 2503 temporum
1095 2417 1211 2482 famam
1233 2417 1455 2482 sustinuerunt

297 2521 507 2608 aliquatenus,
539 2529 594 2584 sut
628 2517 791 2584 tantillum
824 2529 1067 2607 promoverunt3
1105 2540 1198 2585 suum
1227 2520 1281 2586 hic
1309 2519 1452 2585 seculum

297 2624 415 2690 nedum
437 2622 558 2710 insigni
580 2621 698 2688 honore
720 2621 835 2701 effecit,
856 2621 913 2687 sed
934 2645 954 2686 a
974 2621 1165 2709 gravissimo
1187 2621 1319 2688 insumit
1342 2622 1454 2687 vindi·

296 2727 403 2792 cavit:
426 2749 445 2790 a
459 2725 646 2810 vulgaribus
661 2723 741 2788 adeo
758 2723 931 2788 benefactis
944 2724 1109 2809 vulgarem
1129 2723 1180 2789 illi
1201 2724 1327 2790 laudem
1341 2724 1453 2811 sdepti

294 2837 389 2918 sunt3
413 2826 606 2911 singularem
622 2835 819 2890 veronoster
837 2849 858 2890 a
877 2826 1031 2912 singulari
1045 2825 1253 2894 beneficentit
1266 2839 1455 2894 consecutus

296 2938 345 2994 est
373 2931 468 3010 (certe
493 2926 679 2990 commeruit
704 2926 873 3011 gloriam):
903 2938 1135 2995 antecessorum
1157 2929 1186 2995 is
1207 2929 1318 3016 utique
1338 2929 1455 2995 merits

298 3049 519 3118 supergressus
538 3037 587 3093 est
606 3027 711 3114 longe,
728 3027 869 3114 palmam
890 3039 976 3095 certo
997 3031 1161 3119 praeripuit
1182 3032 1392 3099 successuris:
1419 3033 1453 3097 ei

292 3133 390 3222 juxta
403 3131 564 3209 debemus,
580 3153 651 3218 quse
666 3131 740 3197 fecit
754 3131 833 3218 ipse,
849 3155 983 3219 qunque
1002 3133 1151 3224 deinceps
1170 3136 1227 3202 alii
1247 3135 1364 3202 similia
1385 3135 1454 3202 fac-

297 3235 360 3302 turi
383 3245 457 3300 sunt
478 3223 683 3313 debebimus:
708 3234 836 3321 quibus,
856 3245 893 3300 ut
913 3237 1089 3322 patrocinio
1111 3239 1314 3305 sublevarent
1332 3238 1453 3320 liturus,

295 3338 436 3405 faustum
458 3359 552 3402 omen
573 3337 718 3424 praebuit,
741 3336 881 3403 lucidum
902 3337 1003 3406 facem
1025 3341 1177 3428 pretulit,
1199 3353 1340 3430 apertam
1362 3341 1451 3409 vium

293 3439 562 3531 praemonstravit:
579 3439 738 3506 neminem
749 3451 786 3506 ut
796 3441 929 3529 posthac
939 3443 1059 3528 pudere
1074 3433 1338 3532 possit'impcnsu
1346 3443 1471 3532 Musis,

296 3543 517 3623 liberalitatis:
543 3565 652 3610 omnes
675 3565 749 3610 vero
773 3544 891 3631 pudere
916 3544 1030 3612 debeat
1052 3547 1115 3613 viri
1133 3547 1208 3613 talis
1231 3547 1453 3614 anctoritatem
1482 3627 1491 3637 ι

295 3671 361 3715 non
376 3647 476 3735 sequi,
492 3645 573 3712 tanti
588 3647 679 3712 ducis
694 3648 840 3734 vestigiis
855 3671 919 3715 non
933 3649 1090 3716 insistere.

360 3749 480 3817 Verum
495 3750 530 3815 in
545 3749 708 3816 immensae
723 3751 873 3818 orationis
888 3753 1021 3841 pelagus
1037 3755 1209 3843 improviso
1224 3755 1363 3822 devehor
1381 3755 1454 3820 lon-

296 3855 377 3942 gius,
391 3863 423 3921 et
436 3852 531 3940 plane
546 3852 647 3919 sentio
659 3863 777 3941 quanto
788 3855 961 3942 proclivius
972 3857 1015 3922 sit
1029 3861 1262 3944 (argumentum
1276 3867 1370 3925 nacto
1384 3867 1454 3924 tam

294 3955 411 4034 nobile,
424 3965 489 4020 tam
500 3953 712 4042 splendidum,
725 3965 791 4022 tum
806 3957 950 4043 liberale)
964 3958 1099 4024 nimium
1115 3960 1228 4041 dicere,
1241 3983 1338 4048 quam
1352 3961 1451 4028 sutis:

296 4055 479 4122 contraham
491 4055 589 4140 igitur
599 4057 689 4124 vela:
706 4059 752 4124 sic
762 4069 881 4138 tamen,
890 4068 928 4124 ut
936 4070 1074 4127 vestram
1084 4062 1182 4149 prius,
1191 4062 1454 4149 praestantissime

297 4157 471 4245 μακαρίτα,
487 4157 672 4244 suppliciter
692 4161 859 4248 implorem
878 4162 1015 4242 veniam,
1032 4174 1105 4229 tuas
1122 4165 1208 4250 quod
1227 4188 1287 4252 ego
1309 4165 1454 4253 privatas

295 4257 416 4339 laudes,
432 4257 584 4324 eximiam
600 4259 634 4323 in
649 4260 753 4327 Deum
768 4263 929 4348 pictatem,
945 4287 1056 4331 versus
1071 4267 1190 4332 amicos
1204 4268 1453 4349 observantiam,

294 4362 330 4428 in
348 4381 457 4427 omnes
475 4359 725 4446 benignitatem
749 4363 908 4432 illibatum
929 4366 1098 4433 candorem
1118 4369 1235 4450 animi:
1256 4369 1454 4457 inculpatam

295 4487 419 4532 morum
442 4462 652 4551 probitatem3
683 4465 877 4552 singularem
901 4469 935 4534 in
958 4471 1174 4538 conversando
1200 4474 1390 4552 comitatem,
1416 4471 1453 4537 in
