3167 5192
360 414 424 481 206
700 432 886 480 iuononi-:s
910 431 1182 481 narnensrrca.
1311 412 1413 501 [sacr.
1428 434 1494 483 1111.

425 602 497 688 Ego
512 623 587 666 vero
602 623 807 687 nunquamne
821 618 873 666 me
887 590 975 667 tricis
991 602 1066 674 istis,
1082 614 1115 668 et
1132 602 1313 690 leptologiis
1327 600 1497 690 expediam?

360 698 493 791 Semper
523 704 556 767 in
586 704 765 769 everrendis
789 703 971 790 quisquiliis
996 714 1122 793 tempus
1151 705 1344 793 prodigam?
1385 704 1422 769 In
1444 715 1496 769 tan

359 812 467 898 opima
486 832 596 889 messe,
612 819 677 874 tam
691 811 786 875 ubere
801 810 973 889 vindemia,
988 816 1078 875 tanta
1092 810 1354 896 gravissimarum
1368 807 1497 895 disquisi-

359 915 481 979 tionum
497 912 597 1000 copia,
615 912 693 999 quid
708 934 833 1000 sparsas
847 911 923 977 hinc
937 912 1012 978 inde
1027 912 1130 999 spicas
1149 913 1231 999 lego,
1251 913 1412 999 neglectos
1429 936 1497 977 raca·

359 1040 427 1083 mos
443 1016 578 1102 inquiro,
594 1012 718 1102 dilapsa
738 1038 848 1100 grana,
869 1014 1018 1080 deciduas
1038 1038 1118 1080 uvas
1138 1014 1281 1101 colligo?
1325 1014 1405 1081 Cum
1421 1038 1497 1101 gran·

359 1120 448 1185 dium
464 1130 495 1184 et
509 1118 677 1183 arduarum
689 1139 791 1183 rerum
804 1119 838 1182 in
851 1117 1086 1184 Mathematicis
1098 1129 1163 1183 tam
1175 1118 1275 1198 varia,
1287 1128 1355 1182 tam
1366 1117 1495 1204 jucunda

359 1234 425 1289 tam
448 1232 533 1288 certa
558 1230 705 1309 suppetat
729 1222 866 1300 venatio,
893 1243 990 1307 quare
1016 1220 1169 1287 leviculas
1194 1244 1255 1307 ego
1282 1220 1495 1305 minutulasque

360 1326 559 1414 quaestiones,
575 1348 633 1390 ceu
646 1346 781 1405 muscas,
799 1324 883 1411 stylo
904 1346 1076 1413 prosequor
1097 1334 1130 1389 et
1150 1324 1325 1391 confodio?
1369 1323 1497 1391 Solensis

355 1430 480 1495 scilicet
509 1429 624 1508 devito,
653 1428 733 1493 serio
763 1450 875 1512 nugor,
903 1428 1042 1513 graviter
1069 1428 1197 1515 ineptio,
1224 1428 1362 1493 minima
1384 1449 1495 1514 quaeque

359 1532 498 1598 studiose
523 1531 720 1617 conquirens,
748 1530 912 1595 fastidiose
941 1542 1085 1618 repetens
1110 1541 1143 1596 et
1167 1530 1344 1596 inculcans.
1386 1530 1496 1595 Adeone

358 1635 512 1723 perpetim
534 1644 581 1698 tot
602 1632 777 1720 longinqua
799 1633 995 1715 diverticula,
1018 1644 1066 1700 tot
1087 1632 1196 1700 devias
1217 1636 1371 1721 ambages
1390 1656 1495 1699 musac·

358 1742 457 1819 tabor,
484 1750 515 1806 et
544 1739 578 1803 in
607 1738 696 1803 tritos
723 1737 818 1823 regiae
842 1737 1012 1825 λεωφόρου
1037 1738 1133 1805 calles
1158 1762 1325 1825 nunquam
1349 1736 1495 1804 remeabo?

354 1841 447 1907 ¹Num
462 1843 496 1905 in
513 1842 574 1906 hoc
593 1839 787 1927 generalium
808 1841 1010 1905 materiarum
1030 1841 1109 1906 atrio
1129 1842 1269 1908 subdiali
1287 1861 1493 1916 consenescam,

357 1945 392 2008 in
408 1943 609 2008 scientiarum
628 1942 787 2008 vestibulo
808 1941 992 2006 diversabor
1011 1952 1174 2023 aeternum,
1191 1944 1322 2009 haerebo
1341 1940 1493 2028 semperiu

357 2047 477 2126 limine,
499 2045 730 2110 Mathematum
753 2045 834 2110 ostia
855 2053 981 2110 tantum
1002 2044 1146 2132 pulsabo,
1161 2069 1221 2112 nec
1240 2046 1279 2113 in
1300 2048 1431 2135 ipsomm
1445 2067 1492 2107 un·

355 2172 452 2237 quam
475 2149 603 2214 intimas
625 2148 718 2227 aedes,
740 2147 774 2212 in
797 2148 895 2235 adyta
915 2148 1071 2215 sanctiora
1091 2149 1291 2236 penetrabo?
1334 2146 1489 2214 Praeludam

357 2277 489 2341 semper,
506 2262 538 2318 et
552 2252 674 2317 eminus
689 2250 840 2330 velitabo,
855 2273 1019 2337 nunquam
1034 2252 1177 2317 cominus
1193 2253 1370 2338 aggrediar,
1383 2270 1489 2315 manum

358 2380 530 2436 conseram,
546 2366 628 2420 stato
647 2354 756 2443 praelio
775 2354 965 2420 decernam?
1008 2353 1096 2434 Quid
1117 2355 1204 2441 quod
1225 2356 1261 2420 in
1285 2355 1353 2435 illa,
1374 2376 1437 2441 qua
1454 2350 1489 2415 nil

356 2462 419 2527 nisi
434 2461 552 2526 clarum
569 2470 599 2525 et
614 2459 754 2539 evidens,
766 2468 887 2523 certum
903 2469 935 2522 et
945 2456 1154 2545 exploratum,
1166 2469 1317 2545 pacatum
1327 2470 1359 2525 et
1369 2476 1487 2523 serenm

353 2565 524 2655 pollicetur
549 2574 642 2651 atque
665 2562 763 2649 jactat
790 2560 931 2641 scientia,
958 2561 1194 2627 dubitationum
1218 2563 1353 2629 nebulas
1374 2556 1486 2633 offundo,

355 2670 428 2735 lites
454 2678 485 2733 et
513 2668 598 2733 bella
623 2690 701 2745 sero,
728 2665 838 2730 turbas
863 2688 901 2729 ac
925 2674 1127 2752 tempestates
1153 2664 1278 2745 excit03
1311 2659 1486 2750 disceptando

354 2772 493 2857 denique
515 2770 655 2850 liberius,
679 2777 711 2834 et
732 2768 773 2833 ad
795 2767 981 2832 semtininm
1005 2767 1155 2855 pleraque
1175 2767 1363 2847 revocando,
1385 2762 1487 2829 Mathe·

356 2886 477 2941 matum
493 2873 672 2939 certitudini
688 2880 719 2937 et
734 2870 900 2937 evidentiae
913 2869 996 2956 (quae
1011 2894 1031 2934 a
1044 2871 1124 2935 rixis
1138 2882 1304 2958 tantopere
1318 2882 1349 2937 et
1362 2892 1380 2934 a
1392 2862 1485 2932 mmnl·

355 2978 443 3050 tibus
465 2976 645 3059 abhorrent)
670 2974 831 3041 detrahere
854 2973 964 3038 videor
984 2984 1017 3038 et
1038 2973 1198 3060 derogare.
1241 2972 1299 3039 Ita
1315 2973 1390 3039 mihi
1409 2970 1483 3043 soleo,

356 3081 460 3147 forsan
484 3086 517 3143 et
535 3077 591 3143 alii
609 3076 733 3160 (saltem
754 3077 841 3142 haud
863 3076 931 3141 sine
953 3082 1048 3141 causa
1068 3075 1120 3141 vel
1143 3076 1246 3164 specie
1263 3076 1355 3164 justa
1373 3066 1481 3162 posunt}

356 3181 538 3271 exprobare.

352 3310 356 3319 ·
420 3284 534 3370 Neque
553 3293 660 3348 tamen
680 3282 760 3347 nihil
781 3284 935 3370 estquod
958 3284 1231 3350 criminationibus
1251 3282 1323 3351 istis
1341 3276 1481 3351 diluendis,

354 3388 597 3475 excusandoque
612 3387 691 3452 mihi
706 3396 815 3453 contra
832 3388 949 3476 possim
965 3388 1149 3469 obtendere;
1172 3412 1309 3475 cumque
1323 3396 1433 3454 tantum
1445 3380 1481 3445 in·

352 3480 478 3585 sperato
493 3515 578 3557 nunc
589 3490 745 3558 effluxerit
759 3491 834 3557 huic
849 3491 994 3557 Lectioni
1009 3492 1157 3558 destinati
1171 3494 1331 3581 temporis,
1342 3503 1377 3556 ut
1388 3504 1481 3555 noran

354 3600 449 3667 aliam
465 3596 627 3663 materiam
640 3596 708 3682 jam
724 3617 787 3660 non
803 3595 923 3660 invitus
942 3595 1057 3660 adoriri
1077 3618 1243 3683 nequeam,
1258 3595 1412 3681 indulgete
1426 3608 1481 3676 pre·
1532 3603 1533 3662 l

352 3726 407 3771 cor
424 3700 593 3789 (auditores
607 3698 841 3780 humanissimi)
858 3698 960 3764 veniae
974 3698 1155 3786 pauxillum
1171 3710 1202 3765 et
1219 3700 1377 3787 patientia
1391 3704 1479 3759 vesta

346 3818 477 3873 ¹nostras
502 3805 561 3869 has
585 3804 717 3869 affanias
744 3803 942 3889 aliquatenus
967 3804 1191 3890 propugnanti,
1216 3804 1397 3890 consiliique
1414 3790 1479 3885 quod

352 3914 506 3978 hactenus
521 3908 667 3973 iniverim
681 3906 744 3973 mei
760 3905 953 3971 ratiunculas
967 3908 1150 3993 exponenti.

418 4012 512 4093 Quod
526 4013 603 4077 istas
617 4034 722 4076 rerum
737 4020 768 4075 et
783 4009 993 4097 quaestionum
1008 4010 1161 4076 minutias
1175 4011 1289 4077 attinet
1302 4026 1417 4100 repono,
1429 4018 1477 4065 110ss

347 4122 476 4205 'semper
504 4138 572 4181 esse
601 4140 699 4203 parva
724 4138 796 4201 quae
825 4112 903 4181 talia
926 4114 1093 4195 videntum
1124 4138 1196 4181 cum
1226 4115 1326 4183 stellae
1353 4122 1476 4201 perqssffl

779 4273 822 4280 .-.
837 4274 1046 4280 ----,-.--
1075 4274 1098 4280 .-

404 4366 451 4421 He
463 4364 650 4435 expostulatas
662 4364 728 4419 witlr
740 4364 852 4419 himself
860 4365 903 4419 for
914 4364 1045 4434 dwelllng
1056 4381 1087 4419 so
1098 4364 1163 4434 long
1174 4381 1209 4419 on
1221 4361 1412 4433 preliminariss

404 4450 451 4507 He
472 4449 588 4507 defends
607 4448 723 4504 himself.
764 4450 863 4505 Trifles
883 4467 931 4506 are
952 4454 1003 4505 not
1025 4449 1221 4520 unimportant
1259 4450 1284 4506 A
1306 4446 1387 4518 single
1402 4450 1474 4503 Μ

349 4541 444 4595 notion
455 4555 517 4609 may
528 4536 650 4610 produce
662 4540 738 4592 utter
750 4536 894 4591 confirmes.
