3167 5192
95 394 186 445 mer.
203 379 260 466 n.]
448 396 636 455 auctiones
657 399 798 452 orrren.
1113 379 1155 448 27

94 568 166 635 inde
187 591 290 657 quam
309 570 488 638 tardissime
509 571 639 638 dimotis
656 582 808 640 extremar
831 570 972 638 velocius
990 567 1158 636 revolvan-

94 681 153 738 tur.
202 671 322 761 Itaque
331 697 404 740 cum
418 686 561 742 extrema
574 687 694 764 puncta
706 677 747 756 B,
759 678 794 741 D
808 687 913 764 partes
923 675 957 740 in
965 672 1156 740 contrarium

93 781 183 860 aqua
208 776 244 842 vi
271 777 424 857 nitantur,
454 802 558 865 neque
587 779 650 844 nisi
678 779 761 846 circa
789 779 929 844 medium
953 787 1107 865 punctum
1129 777 1163 842 Ζ

93 877 206 945 rotatio
222 893 403 967 peragatur,
420 882 504 968 quod
526 883 672 948 affectant
690 882 816 968 assequi
839 881 972 968 possint,
989 881 1022 944 id
1045 881 1155 946 statim

92 979 154 1061 fiet,
186 994 221 1048 et
251 985 383 1070 reliquae
412 998 517 1071 partes
542 986 627 1050 haud
654 986 812 1069 gravatim
836 985 1058 1070 obsequentur.
1103 981 1154 1048 Ne

90 1080 194 1148 dicam
209 1083 247 1149 in
262 1092 349 1151 recta
363 1086 427 1150 BD
442 1087 565 1151 nullum
581 1087 669 1151 aliud
686 1097 840 1174 punctum
862 1084 1007 1164 existere,
1023 1083 1075 1148 cui
1089 1105 1155 1169 prae

89 1183 161 1250 aliis
185 1187 263 1272 jure
289 1189 499 1274 praerogativa
527 1191 688 1278 competit,
722 1199 759 1253 nt
788 1187 870 1252 circa
900 1187 1005 1274 ipsum
1035 1185 1154 1252 mobile

91 1283 235 1354 libretur.
282 1286 331 1354 At
344 1287 489 1375 pluribus
504 1288 665 1355 abstinens
683 1288 726 1356 ad
746 1288 940 1354 retractionis
962 1289 1154 1376 praeeipuam

91 1384 195 1473 legem
222 1389 314 1456 haud
337 1391 478 1458 absimili
503 1391 649 1458 discursu
673 1391 900 1480 pmliciendam
923 1400 1020 1482 atque
1048 1389 1155 1458 deela-

90 1489 223 1558 randum
238 1492 364 1560 aooedo.
407 1493 503 1562 Hanc
516 1489 649 1583 nempe:

151 1689 217 1759 IV.
266 1695 298 1760 6.
342 1691 441 1758 Radii
456 1691 539 1760 lucis
552 1692 645 1760 alteri
663 1693 803 1782 cuipiam
818 1693 966 1760 dissimili
987 1695 1153 1784 perspicuo

92 1790 261 1875 (nimirum
274 1793 471 1882 homogeneo
487 1795 593 1882 quoad
612 1796 658 1880 se)
681 1795 855 1864 incidentes
870 1797 916 1862 ita
929 1796 1153 1884 refringantur,

89 1904 124 1960 ut
146 1907 308 1985 perpetuo
326 1898 405 1965 recti
430 1899 519 1966 sinus
548 1899 800 1982 inclinationum,
827 1923 906 1988 quas
931 1901 1053 1970 habent
1075 1902 1155 1968 inci·

88 1995 210 2082 dentes,
245 2002 494 2088 proportionales
529 2004 595 2068 sint
622 2004 716 2071 rectis
745 2003 879 2072 sinubus
902 2005 1153 2088 inclinationum,

89 2123 168 2187 quas
198 2105 347 2178 obtinuit
375 2105 511 2173 refracti.
555 2105 644 2174 Huic
674 2108 871 2191 elucidando,
902 2111 1156 2200 stabiliendoque

89 2203 238 2288 decreto;
263 2207 601 2296 Parallelogrammum
626 2210 760 2276 ABDO
785 2211 866 2278 lucis
895 2213 1020 2280 radium
1042 2237 1156 2302 reprae·
1169 2240 1226 2304 mg.
1240 2246 1263 2298 7.

87 2319 225 2376 sentans
239 2309 397 2398 impingat
416 2310 522 2398 planae
538 2311 714 2398 superficiei
733 2313 800 2377 EF
812 2313 962 2402 pellucidi
977 2316 1075 2381 medii
1092 2315 1157 2402 (vel

89 2409 131 2476 sit
144 2424 236 2480 recta
249 2413 317 2480 EF
329 2413 427 2480 sectio
441 2414 627 2494 communis,
642 2423 679 2478 ut
694 2414 729 2477 in
747 2435 824 2480 casu
842 2414 1048 2502 praecedente,
1072 2417 1159 2504 quod

88 2523 119 2577 et
132 2515 258 2581 abhinc
271 2538 395 2602 semper
408 2513 628 2600 intelligatur,)
649 2536 849 2601 progressum
870 2515 938 2602 ejus
958 2515 1158 2602 aliquatenus

89 2619 302 2685 retundentia.
345 2617 460 2702 Itaque
473 2615 615 2682 medium
628 2616 731 2682 isthoc
745 2617 988 2704 subingrediens
1002 2629 1157 2706 punctum

88 2718 120 2782 B
132 2718 315 2806 procedere,
331 2717 451 2783 tardius
465 2716 605 2806 quidem,
620 2719 789 2784 attentabit
803 2730 990 2807 perrectum
1005 2721 1083 2803 Be,
1099 2745 1158 2788 scu

89 2845 146 2910 per
158 2823 267 2912 ipsam
277 2822 344 2886 AB
356 2831 557 2909 protractam,
566 2821 687 2890 interea
701 2845 775 2888 vero
790 2833 945 2910 punctum
955 2825 991 2889 D
1005 2824 1039 2890 in
1053 2826 1156 2914 primo

90 2926 212 2994 durans
240 2925 346 2992 medio
371 2935 494 2991 motum
522 2947 616 2991 suum
645 2925 781 3014 priorem
811 2927 980 3014 adurgebit
1008 2929 1043 2994 in
1071 2937 1157 2998 rectt.

97 3030 205 3097 ODH.
249 3028 320 3096 Hos
335 3039 442 3094 autem
462 3037 603 3110 conatus,
618 3028 697 3094 alias
717 3029 821 3096 irritos
835 3030 957 3125 brturos
980 3033 1051 3118 (nec
1070 3033 1155 3098 enim

90 3142 263 3221 utrumque
277 3141 382 3220 potest
395 3143 517 3198 rectum
536 3143 659 3198 motum
675 3132 758 3209 illud
776 3133 908 3215 tardius,
932 3134 993 3201 hoc
1014 3135 1156 3204 velocius

92 3233 270 3304 incedendo
292 3237 498 3321 conservare)
524 3237 782 3324 quamproxime
805 3247 1044 3325 consequentur,
1060 3238 1155 3305 modo

93 3340 176 3408 circa
191 3352 344 3430 punctum
365 3341 495 3429 aliquod
517 3341 552 3406 in
573 3347 659 3407 recta
683 3342 751 3406 DB
769 3340 924 3429 producte
945 3343 1052 3422 situm,
1077 3352 1156 3430 puta

94 3447 188 3531 quale
202 3447 239 3527 Z,
254 3456 414 3526 rotentru3
438 3445 485 3510 ita
499 3443 620 3510 scilicet
634 3452 672 3508 ut
685 3442 763 3509 dum
779 3453 935 3529 punctum
950 3444 1032 3508 Diu
1049 3444 1154 3510 medio

94 3551 204 3616 rariori
230 3551 343 3637 (rarius
368 3547 495 3636 appello
517 3546 603 3634 quod
625 3546 732 3610 minus
757 3545 885 3625 resistit,
913 3556 968 3611 aut
996 3547 1153 3628 retardat;

94 3663 130 3718 ut
155 3664 188 3720 et
211 3655 341 3720 densius
362 3653 448 3740 quod
474 3661 596 3716 motum
621 3649 726 3734 magis
752 3649 903 3736 reprimit,
930 3659 962 3715 et
985 3649 1154 3719 tardiorem

95 3759 210 3845 reddit)
226 3758 367 3826 velocius
381 3758 483 3823 latum
497 3754 647 3821 describit
661 3777 769 3820 arcum
790 3755 941 3842 majorem
961 3752 1032 3834 Du
1055 3775 1155 3841 punc·
1246 3747 1248 3752 ’

95 3869 163 3930 tum
192 3865 225 3929 B
245 3862 366 3928 tardius
390 3861 426 3924 in
448 3857 552 3924 medio
579 3857 809 3923 contumaciore
834 3856 975 3922 delatum
999 3854 1153 3922 minorem

96 3987 204 4032 areum
217 3966 275 4046 Ββ
288 3963 443 4041 delineet;
461 3960 578 4048 quibus
592 3960 727 4048 peractis
741 3970 828 4026 reeta
842 3959 906 4024 BD
920 3960 1041 4026 tenebit
1055 3959 1153 4026 situm

95 4071 150 4147 βδ.
196 4070 279 4138 Οιιιιι
302 4091 377 4136 vero
396 4067 465 4154 jam
485 4077 639 4153 punctum
662 4066 696 4129 D
717 4065 846 4131 densius
869 4087 993 4151 quoque
1012 4062 1153 4130 medium

96 4173 191 4242 intret
205 4174 246 4241 ad
261 4173 297 4253 t;
313 4171 506 4262 proindeque
520 4169 637 4258 pariter
658 4179 690 4233 et
711 4168 817 4255 ipsum
831 4166 1024 4246 retardetur3
1048 4176 1153 4234 motus

95 4277 148 4343 isti
163 4277 330 4344 circulares
345 4274 488 4362 protinus
506 4273 735 4358 extinguantur
749 4280 872 4358 oportet
893 4272 963 4356 (nee
984 4269 1069 4337 enim
1082 4269 1152 4356 jam

96 4390 248 4468 punctum
270 4382 305 4446 D
327 4377 467 4445 velocius
489 4377 605 4443 feretur
630 4398 726 4463 quam
747 4375 781 4439 B
787 4399 796 4456 ;
820 4395 879 4440 nec
903 4371 974 4438 ideo
1001 4373 1151 4460 majorem

95 4495 129 4551 ut
143 4485 232 4575 prius
252 4483 350 4551 simul
371 4505 479 4550 arcum
500 4479 679 4565 describet.)
726 4477 840 4566 Itaque
863 4475 951 4565 prius
969 4476 1038 4559 iter,
1056 4498 1154 4563 quam
