3167 5192
280 385 324 452 28
609 401 797 451 nnerroxns
819 399 1094 450 nurusnsmcn.
1293 387 1405 464 [secr.
1422 401 1446 451 1.

282 574 342 641 hoc
366 583 414 640 est
439 572 666 662 praecipuarum
687 593 791 638 rerum
816 571 961 638 notitiam
982 571 1131 660 indipisci
1153 573 1331 639 studebant.
1369 573 1447 640 Huc

283 677 394 746 sellem
408 676 546 766 respexit
560 675 662 757 Pluto,
678 699 776 764 quum
791 675 850 741 hes
865 675 1011 742 scientias
1025 675 1086 758 τὴν
1098 674 1337 763 mactetur,
1352 679 1447 766 (prte-

283 781 369 847 viem
389 780 605 854 eruditionem,
621 780 681 844 hoc
698 789 746 845 est
760 777 970 867 philosophice
984 779 1076 878 quusi
1089 779 1289 868 praeludium)
1306 780 1447 869 appellet

286 884 332 970 (iu
347 883 519 966 Politicir);
542 892 574 949 et
596 905 668 948 cum
691 881 834 946 Platonis
855 881 978 948 Timeo
1003 882 1118 949 dicitur
1139 881 1295 949 Methesis
1317 881 1340 966 ἦ
1361 883 1447 950 κατὰ

284 987 453 1054 παίδευσιν
474 983 545 1055 ὁδὸς
561 984 657 1073 (apud
676 983 839 1051 Proclum'
857 986 959 1073 primo
974 984 1078 1069 libro).
1122 985 1235 1074 quue
1250 986 1447 1054 Xenocrates

283 1089 441 1176 eleganter
454 1087 649 1154 Mathemata
662 1088 788 1154 vocavit
801 1086 913 1167 λαβὰς
926 1091 985 1171 τῆς
1000 1089 1200 1178 φιλοσοφίας
1216 1091 1322 1175 (ansas
1342 1090 1447 1178 philo.
1573 1130 1577 1138 .

285 1193 437 1282 sophiee):
465 1191 510 1257 Et
528 1191 608 1257 alius
626 1211 691 1256 non
705 1213 798 1256 nemo
813 1190 974 1274 κλίμακος
987 1191 1052 1270 ,καὶ
1072 1191 1249 1280 ἐπιβάθρα,
1269 1194 1389 1280 gindus
1410 1217 1448 1261 ec

285 1316 413 1362 scemne
430 1304 531 1376 vocet,
548 1293 663 1381 quibus
682 1293 722 1359 ed
743 1317 848 1360 rerum
866 1294 1052 1360 sublimium
1071 1295 1283 1382 cognitionem
1303 1297 1447 1365 ascendi·

285 1412 355 1480 tur3
373 1399 468 1487 juxte
482 1397 600 1464 dictum
615 1395 774 1463 Platonis:
798 1399 864 1462 Τοῦ
886 1395 937 1463 ἀεὶ
954 1396 1044 1468 ὄντος
1064 1397 1086 1480 ἡ
1107 1399 1305 1487 γεωμετρικὴ
1323 1404 1448 1484 «γνῶσις

285 1502 384 1569 ἔστιν’
399 1499 496 1569 ἕλκον
511 1500 576 1590 ἄρα
589 1498 670 1588 πρὸς
685 1498 841 1582 ἀλήθειαν
856 1499 974 1588 ψνχὴν
993 1501 1041 1581 είη
1057 1501 1106 1568 ἄν·
1127 1503 1183 1569 καὶ
1202 1501 1447 1592 (immanendo

285 1605 471 1694 φιλοσόφον
482 1602 629 1686 διανοίας,
641 1602 722 1692 πρὸς
732 1602 770 1670 τὸ
781 1603 847 1670 ἅνω
856 1609 960 1693 σχεῖν.
971 1603 1058 1672 ἃνΐιν
1065 1605 1163 1689 κάτω,
1176 1605 1213 1673 οὐ
1224 1606 1295 1674 δέον
1302 1607 1447 1697 ἔχομεν’.

350 1709 406 1776 Ex
421 1709 632 1797 antiquiorum
646 1707 780 1796 denique
795 1709 950 1775 sententis
960 1708 1074 1775 Theon
1090 1709 1285 1797 Smyrnaeus,
1297 1711 1352 1779 ille
1371 1712 1448 1780 Ple·
1582 1711 1583 1720 ’

286 1813 398 1879 tonicoe
412 1811 592 1888 Mutbeseos
606 1822 749 1878 vetustus
763 1811 933 1900 expositor,
949 1822 1048 1878 totum
1061 1813 1264 1901 exquirendae
1281 1815 1446 1904 sapientire

285 1915 447 1995 rationem,
467 1937 524 2002 per
538 1936 656 1980 sacrem
676 1913 851 2001 antiquitus
873 1925 1055 1980 consuetam
1075 1916 1297 2003 mysteriorum
1316 1941 1447 2007 percep·
1577 1922 1582 1953 ¹

285 2017 402 2084 tionem
426 2016 555 2106 pulchre
579 2025 799 2104 repraesentem
820 2017 911 2104 cujus
925 2039 998 2082 cum
1017 2018 1146 2085 omnino
1166 2019 1305 2106 quinque
1326 2021 1446 2108 gradus
1581 2035 1583 2060 ¹

219 2147 221 2152 ·
285 2118 338 2186 vel
362 2129 465 2207 partes
490 2118 660 2198 extiterint,
685 2116 858 2204 καθαρμὸς,
888 2118 1012 2201 τελετὴ,
1036 2118 1204 2203 dumeta,
1232 2120 1445 2210 ιἐροφαννεάι,

287 2220 545 2306 εὐδαιμονισμόν
573 2221 617 2287 Et
641 2220 768 2308 quidem
797 2243 869 2286 eum
898 2222 1098 2311 philosophie
1122 2225 1295 2310 (rationalis
1318 2249 1445 2316 nempe,

285 2325 398 2406 civilis,
410 2334 442 2391 et
463 2324 625 2410 netrrrelis)
648 2327 688 2410 τῇ
707 2326 831 2409 τελετῇ,
853 2324 1044 2392 institutioni
1068 2327 1103 2392 in
1127 2329 1233 2410 saeris,
1254 2330 1335 2396 bene
1358 2353 1445 2396 com-

285 2438 428 2517 perctur3
453 2425 629 2514 Theologie
649 2449 724 2496 vero
743 2424 804 2510 τὴν
824 2414 1008 2509 demorer,
1031 2451 1189 2496 sacrorum
1208 2431 1445 2520 inspectionem,

285 2531 426 2620 apposite
439 2529 570 2610 releret3
594 2527 749 2596 Methesis
768 2531 815 2617 τῷ
827 2529 992 2617 καθαρμῷ,
1007 2531 1235 2618 praepereteriae
1252 2534 1445 2621 purgationi,

286 2633 372 2701 heud
389 2634 561 2722 incongrue
580 2631 780 2712 assimiletur,
803 2636 868 2719 qut
892 2631 1023 2697 minime
1042 2632 1168 2708 imbuti,
1189 2657 1248 2702 ceu
1268 2635 1392 2723 profani
1406 2648 1447 2704 et

285 2741 452 2821 inhabiles,
468 2740 576 2829 procul
590 2739 715 2805 arcendi
729 2738 919 2805 videbantur
931 2760 952 2803 e
963 2739 1124 2826 mysteriis
1139 2740 1310 2829 sapientire.

351 2841 471 2909 Verum
486 2842 524 2908 de
538 2841 589 2906 his
605 2840 699 2921 setis3
723 2849 759 2906 ut
780 2837 964 2906 concludere
977 2839 1070 2907 liceat
1083 2839 1142 2907 hus
1157 2842 1302 2910 scientias
1323 2845 1445 2933 optimo

281 2946 354 3034 jure
375 2944 437 3010 dici
457 2942 697 3009 Mathematicus
719 2941 782 3027 (vel
805 2940 848 3008 τὰ
868 2941 1055 3026 μαθήματα,
1076 2942 1270 3032 disciplinas)
1292 2948 1444 3035 quonism

285 3047 431 3138 primitus
453 3045 528 3112 solee
552 3044 760 3111 discerentrm
783 3068 856 3111 eum
878 3045 995 3114 nedum
1014 3070 1074 3128 res,
1094 3057 1128 3113 et
1141 3049 1297 3116 vocabule
1318 3074 1445 3140 quoque

286 3152 351 3218 sint
370 3149 472 3240 primo
498 3147 688 3236 occupantis.
733 3146 828 3227 Quod
843 3149 999 3238 imprimis
1020 3173 1062 3218 ex
1082 3150 1155 3237 ipss
1173 3153 1218 3218 rei
1233 3154 1365 3222 veritate
1385 3179 1445 3223 no·

285 3275 359 3320 men
373 3253 585 3333 obtinuerunt,
605 3251 640 3318 id
663 3262 772 3340 postes
792 3251 990 3320 retinuerunt
1007 3253 1118 3320 merito
1129 3256 1202 3339 (usu
1215 3257 1444 3343 possessionem

286 3356 514 3440 corroborante)
527 3355 648 3422 utinem
662 3377 727 3421 non
741 3353 857 3422 fresne
869 3355 1172 3445 retineantfqutque
1185 3381 1243 3447 per
1256 3370 1305 3427 est
1318 3361 1446 3429 solertia

287 3483 306 3526 s
328 3457 476 3526 studiosis
497 3458 745 3526 adolescentibus
762 3459 988 3548 perdiscentur.

352 3561 467 3634 Nescio
480 3583 565 3642 vero,
581 3561 620 3629 de
638 3561 873 3628 Mathemetom
891 3561 1019 3630 nomine
1039 3562 1115 3628 dum
1137 3563 1280 3654 dispicio,
1299 3588 1443 3655 operaeue

286 3667 380 3736 fuerit
401 3667 536 3756 pretium
560 3664 950 3753 adnotareturpissimum
979 3666 1058 3752 ejus,
1084 3667 1144 3754 qui
1170 3655 1263 3756 apud
1280 3669 1444 3738 Romnum

286 3771 438 3860 sequioris
453 3769 514 3837 evi
533 3768 707 3857 scriptores,
722 3767 867 3849 invaluit,
882 3768 1036 3850 ebusum3
1058 3780 1094 3837 ut
1108 3771 1226 3838 milicet
1243 3773 1278 3839 id
1295 3775 1443 3862 pessimo,

285 3874 520 3960 vanissimoque
549 3871 655 3958 generi
681 3869 845 3936 hominum
870 3871 1050 3959 Astrologis
1077 3873 1304 3960 (Astromuntis
1327 3876 1444 3965 potius,

382 4001 459 4052 ²rrr.
472 4001 581 4064 resep.
800 3998 891 4065 'Pap
904 3998 929 4052 6.
1143 4004 1343 4072 weneuep.

339 4203 419 4260 Pluto
430 4204 496 4260 cells
507 4205 699 4262 Mathematici
711 4208 880 4279 Propoedt'o.

339 4289 533 4346 Mathemutlcs
544 4291 691 4359 compared
702 4301 732 4347 to
743 4293 793 4349 the
804 4293 1003 4364 Pun’fieatiou
1015 4296 1043 4350 in
1054 4294 1103 4351 the
1115 4295 1269 4366 Mysteriee

259 4371 261 4376 ’
339 4376 533 4432 Mathematies
544 4391 638 4432 means
649 4377 805 4450 disciplinsl
815 4381 930 4438 studies.

244 4543 246 4549 Ι
339 4461 539 4518 Mathematici
550 4479 649 4534 among
661 4465 710 4522 the
723 4465 843 4523 Romans
854 4472 948 4526 meunt
959 4470 1144 4540 Astrologers.
