3167 5192
103 386 206 435 asor.
222 370 311 455 xva]
448 387 634 439 sacr10uas
657 388 930 439 nuenarianam.
1205 372 1269 441 265

100 564 141 621 et
161 553 398 641 heterogeneae:
429 578 514 637 nam
536 555 732 642 Homopeaeo
751 568 824 621 aunt
847 555 916 642 (ait)
945 580 1013 644 qao
1035 556 1137 622 eodem
1158 578 1268 642 penae

101 680 261 723 masura
273 657 511 724 maumam&
516 684 533 741 ,-
554 681 630 745 ergo
649 681 722 724 cum
742 681 851 725 omnes
866 659 1058 748 quantitates
1070 658 1163 725 lineis
1177 680 1266 726 men·

101 760 264 826 surabiles
280 759 355 841 sint,
375 770 469 827 erunt
485 784 595 827 omnes
613 760 828 848 homogeneae.
873 762 1086 849 Hctcropeaeae
1105 784 1176 828 voro
1194 776 1266 828 atatt

106 867 162 948 (nt
189 863 273 930 idem
297 864 366 952 ipse
391 886 451 930 nos
474 864 578 950 docet)
606 888 675 953 quo
699 865 822 931 diveas
844 886 955 951 panae
978 886 1128 932 manure
1145 888 1266 931 manaa·

101 979 241 1033 rantur:
261 990 336 1053 ergo
350 966 568 1053 heterogeneae
582 977 658 1033 sunt
676 989 787 1033 omnes
804 967 1007 1054 quantitates,
1028 967 1177 1054 quoniam
1198 989 1266 1034 om·

101 1090 166 1135 nes
188 1068 291 1149 lineis,
311 1069 548 1156 superficiebus,
568 1069 680 1159 solidis
701 1069 839 1155 angulis,
864 1071 1016 1156 (numeris
1038 1072 1196 1159 pleraeque
1216 1094 1267 1137 ra·

104 1170 282 1238 tionalibus
305 1183 362 1238 aut
384 1173 499 1258 smdis)
525 1174 700 1240 mensurari
722 1183 864 1262 possunt,
889 1197 927 1241 eo
950 1197 1064 1263 nempe
1086 1174 1180 1242 modo
1203 1196 1267 1264 quo

102 1296 289 1341 mensuram
303 1275 418 1364 accipit
431 1277 509 1365 ipse,
525 1276 602 1343 dum
617 1299 692 1343 suos
706 1276 800 1343 struit
815 1277 1053 1365 paralogismos.

173 1376 221 1442 Et
234 1400 311 1444 sane
324 1389 437 1444 cuncta
446 1380 515 1468 ejus
526 1380 590 1445 huc
600 1378 776 1467 spectantia
784 1379 949 1445 ratiocinia
962 1380 1103 1447 laborare
1117 1379 1266 1446 videntur

101 1481 170 1546 hac
194 1486 261 1547 unt
285 1484 343 1565 τῆς
367 1480 571 1569 ἀμφιβολίας
595 1482 743 1549 fallacia:
779 1483 899 1549 etenim
924 1488 1033 1549 revera
1057 1504 1128 1570 quae
1154 1482 1264 1549 eodem

102 1608 224 1672 genere
242 1608 398 1653 mensurae
417 1585 666 1653 determinantur
684 1588 881 1674 homogenca
900 1597 984 1669 sunt,
1000 1586 1153 1653 sumendo
1176 1609 1265 1652 men-

102 1711 216 1755 suram
238 1712 296 1777 pro
318 1698 416 1776 parte,
440 1689 493 1755 vel
515 1688 623 1777 aliquo
648 1712 788 1777 congruo
810 1690 856 1755 rei
881 1700 1087 1771 mensuratae3
1118 1688 1174 1755 sed
1199 1710 1264 1755 non

102 1814 232 1878 semper
255 1792 453 1877 homogenea
477 1801 560 1872 sunt,
585 1814 657 1878 quae
681 1792 792 1857 eodem
818 1814 933 1879 genere
957 1814 1112 1858 mensurae
1136 1812 1265 1857 mensu·

100 1902 227 1974 rantur,
243 1893 397 1959 sumendo
417 1916 598 1959 mensnram
619 1916 677 1981 pro
698 1894 791 1981 signo
812 1894 866 1961 vel
886 1904 1091 1981 argumento3
1114 1894 1160 1961 ita
1181 1904 1264 1961 certe

102 1995 199 2061 nulla
213 1996 293 2062 forat
307 2006 497 2084 quantorum
510 1997 771 2083 heterogeneitas‚
784 2006 818 2063 et
832 1997 924 2063 facilc
938 1997 1079 2063 confecta
1092 2020 1142 2063 res
1156 2006 1249 2063 esset.

173 2099 334 2167 caurum
358 2124 402 2167 ex
425 2100 477 2166 his
504 2101 661 2187 angustiis
686 2100 818 2167 eluctari
844 2122 995 2189 esposse
1021 2111 1134 2189 sperat,
1160 2124 1264 2168 rernm

100 2205 301 2291 quantitates
325 2206 368 2271 ab
395 2204 474 2291 ipsis
503 2204 632 2290 quantis
660 2228 812 2292 perquam
842 2205 1002 2272 subtiliter
1027 2204 1262 2292 distinguendo.

105 2308 280 2387 Quonts’tua
296 2306 411 2394 (inquit
424 2307 459 2373 in
473 2305 657 2391 Abstracto)
674 2310 880 2396 up'mcunque
893 2309 945 2375 rei
961 2309 1134 2395 quantitati
1152 2308 1188 2374 in
1209 2308 1264 2374 uh·

17 2415 19 2422 ’
99 2420 219 2472 structo
244 2406 408 2494 caquclibet
432 2405 563 2473 atrata
586 2406 638 2472 rei
660 2407 844 2494 tomcpeuau
871 2418 924 2487 est,
951 2407 1075 2494 ideoque
1100 2407 1262 2489 tunnam,

100 2509 348 2597 aaperfieairrmn,
367 2506 546 2589 alearum,
569 2510 724 2596 tempmd,
747 2521 856 2590 motus,
879 2510 936 2591 aas,
952 2510 1113 2597 panna,
1135 2508 1263 2589 rodun,

100 2612 288 2678 resumatis
301 2611 487 2697 quantitates
507 2611 704 2701 imnopcueoe,
719 2613 780 2679 etsi
790 2636 841 2679 reo
854 2614 932 2700 mooe
949 2624 1022 2678 aaut
1041 2602 1280 2699 tempato?

100 2716 242 2797 Rursus,
265 2715 359 2781 Vua
367 2715 443 2803 jum
456 2739 636 2802 quospiam
649 2714 821 2781 absurdum
834 2717 878 2783 ait
892 2715 1006 2781 lineum
1020 2714 1122 2783 dacae
1136 2715 1268 2802 tempori

103 2818 259 2905 oeqraalem
272 2842 345 2898 aaa,
360 2841 423 2888 uma
437 2830 540 2883 tamea
554 2818 687 2885 msurde
701 2818 771 2885 da’ci
788 2820 991 2906 quantitatem
1011 2818 1100 2885 tineo
1115 2815 1266 2904 aqualem

101 2944 167 2987 eoae
182 2921 329 3009 temporalo
347 2918 540 3006 quamtum
569 2918 723 3008 Alibique
736 2920 856 3009 passim
870 2921 930 2987 hoc
944 2920 1084 2987 inculcat
1096 2918 1265 2985 mirificum

101 3032 330 3089 commentum.
375 3021 447 3102 Quo
461 3031 569 3087 tamtm
583 3021 630 3087 nil
644 3023 756 3105 efficit;
772 3025 869 3090 verba
883 3033 1007 3090 tantum
1022 3022 1078 3089 dat
1089 3022 1193 3104 nobis,
1208 3032 1265 3089 aut

100 3128 212 3217 potius
241 3126 314 3191 sibi.
359 3125 454 3205 Quod
474 3124 560 3191 enim
584 3147 641 3213 per
661 3126 871 3213 quantitatem
892 3126 987 3192 istam
1009 3126 1200 3195 abstractam
1222 3126 1264 3191 ab

100 3234 184 3321 ipsis
198 3232 285 3297 linea
298 3243 330 3298 et
343 3217 484 3319 tempore
499 3228 642 3296 distimti
660 3230 743 3296 nihil
760 3232 867 3297 animo
886 3231 1043 3319 concipiat
1056 3231 1133 3319 ipse,
1150 3229 1264 3317 quovis

100 3335 209 3401 ausim
222 3334 355 3421 pignore
369 3356 442 3398 cum
456 3332 514 3399 illo
528 3333 724 3401 contendere.
761 3333 848 3414 Quid
865 3344 922 3409 est,
938 3334 1085 3413 obtestor,
1102 3332 1263 3420 quantitas

100 3441 208 3519 lineae,
223 3447 336 3526 praeter
350 3437 450 3525 ipsius
466 3436 560 3503 lineae
577 3436 771 3524 singularem
787 3447 821 3503 et
841 3437 1081 3503 determinatam
1100 3436 1262 3521 magnitu-

102 3544 223 3623 dinem,
239 3541 292 3607 vel
306 3541 376 3629 ipsa
390 3540 474 3606 linea
488 3544 553 3627 qua
567 3540 613 3605 sic
627 3538 858 3605 determinata?
902 3537 989 3618 Quid
1003 3536 1164 3625 quantitas
1183 3547 1263 3602 tem-

101 3648 201 3734 poris,
216 3646 279 3711 nisi
296 3644 428 3711 delinita
448 3645 498 3709 sni
518 3643 643 3729 generis
664 3644 819 3723 extensio,
835 3642 889 3708 vel
909 3642 1015 3728 ipsum
1037 3649 1162 3727 tempus
1183 3662 1262 3729 qua·

103 3765 198 3817 tenus
225 3750 331 3816 taliter
354 3741 546 3815 extensum?
589 3746 678 3833 Ergo
699 3746 728 3812 si
748 3746 834 3813 linea
854 3756 886 3811 et
907 3754 1032 3832 tempus
1053 3743 1263 3831 heterogenea

103 3863 189 3934 sunt,
204 3854 302 3921 etiam
317 3853 457 3940 ipsorum
471 3849 662 3937 quantitates
675 3850 892 3935 heterogeneae
906 3858 1008 3914 cnmt

169 3954 312 4043 Tempus
334 3964 366 4019 et
386 3952 504 4019 lineam
526 3974 594 4019 esse
616 3974 666 4017 res
688 3951 923 4038 heterogeneas,
941 3972 1006 4016 non
1027 3948 1131 4016 solum
1152 3960 1190 4018 ut
1210 3974 1260 4019 res

103 4058 267 4147 physicas,
282 4054 339 4122 sed
352 4064 389 4122 ut
403 4054 638 4121 Mathematicus
655 4053 913 4141 contemplationi
930 4052 1086 4134 subditas,
1100 4054 1145 4121 rei
1162 4053 1262 4123 nimia

254 4191 264 4225 ¹
281 4192 344 4256 Pag.
357 4202 397 4254 47.
562 4188 574 4221 ²
591 4190 659 4240 Diui.
671 4202 713 4238 nr.
726 4206 751 4254 p.
764 4192 805 4240 81.
969 4188 980 4222 ¹
997 4190 1059 4255 Peg.
1075 4200 1114 4254 77.

158 4403 215 4459 His
229 4404 401 4475 amptnoa.

157 4488 214 4543 His
230 4490 399 4547 distinction
435 4490 602 4559 Objections

150 4592 180 4639 B.
194 4592 233 4639 Η.
