3167 5192
306 399 349 466 50
646 411 832 462 nncrrouns
854 409 1127 461 ussurusmcn
1282 393 1393 478 [sacr.
1407 411 1469 458 ur.

370 582 461 649 Adeo
486 582 578 650 facile
607 581 722 650 deduci
751 589 884 670 possunt
911 602 954 645 ex
982 578 1234 645 consideratione
1262 580 1470 647 Geometrict

306 685 526 752 Arithmeticse
547 685 774 765 conclusiones,
795 683 937 770 alioquin
956 707 999 749 ex
1021 705 1056 748 se
1076 683 1154 748 satis
1173 683 1337 763 intricatae,
1359 693 1394 750 et
1413 684 1470 748 in·

305 789 464 876 vestigata
479 787 818 855 difficiles—Alterius
833 786 880 853 sic
893 786 1007 852 Altera
1024 785 1126 874 poscit
1145 808 1239 875 opem
1257 809 1316 868 res,
1335 795 1369 852 et
1386 809 1470 853 eon·

305 893 405 980 spirat
420 893 530 959 amice.
1577 874 1578 899 ¹

371 995 437 1064 III.
483 995 584 1062 Aliud
597 1017 690 1085 porro
704 995 905 1061 commodum
925 1017 968 1061 ex
985 993 1047 1060 hac
1064 1003 1205 1081 emerget
1220 991 1469 1082 conjunctione;

251 1173 256 1182 ,
306 1101 391 1188 quod
413 1099 528 1168 exinde
550 1100 670 1166 scilicet
691 1099 805 1166 evadet
825 1099 1026 1188 perspicuum
1051 1099 1287 1186 (contraquam
1309 1096 1396 1163 hand
1418 1097 1471 1162 ita
1577 1090 1578 1093 ¹

306 1202 428 1294 pridem
448 1225 513 1270 non
534 1225 636 1284 nemo,
657 1202 768 1289 magni
789 1202 839 1267 vir
859 1202 915 1267 sed
935 1200 1071 1266 infelicis
1091 1200 1222 1287 ingenii,
1243 1222 1306 1286 quo
1324 1197 1471 1265 Geome-

305 1307 384 1375 trica
413 1329 470 1373 sua
500 1307 679 1396 sphalmata
708 1305 780 1372 velo
809 1306 959 1393 quopiam
989 1303 1168 1384 obduceret,
1195 1313 1228 1369 et
1257 1302 1383 1369 facilem
1413 1325 1471 1369 er-

304 1419 444 1476 ratorum
467 1410 632 1477 elenchum
658 1408 840 1489 declinaret,
866 1406 953 1472 haud
976 1406 1137 1472 dubitavit
1159 1407 1307 1488 asserere)
1335 1404 1470 1471 nullum

306 1512 435 1578 omnino
455 1511 654 1580 ratiocinium
676 1509 914 1578 Geometricum
933 1508 1049 1590 valere,
1071 1531 1137 1574 non
1158 1531 1231 1574 cum
1250 1507 1471 1575 Arithmetico
1576 1486 1578 1626 l

306 1616 427 1684 calculo
442 1617 600 1705 exquisite
615 1615 832 1696 consentiens3
849 1624 881 1680 et
895 1611 1026 1703 proinde
1040 1612 1224 1678 commissos
1234 1612 1269 1676 in
1279 1611 1471 1679 Geomenia
1577 1628 1578 1655 ³

305 1720 532 1810 paralogismos
547 1741 639 1808 posse
653 1741 708 1806 per
723 1717 990 1805 computationem
1001 1713 1246 1781 Arithmeticam
1255 1726 1293 1780 ut
1302 1714 1470 1798 facillime,

305 1822 351 1886 ita
365 1823 546 1902 certissime,
559 1821 798 1907 justissimeque
811 1818 987 1886 examinari
1001 1828 1034 1884 et
1047 1818 1211 1900 refutari13
1234 1840 1356 1884 necnon
1369 1841 1470 1885 veras
1577 1856 1578 1893 ι

306 1923 522 1990 conclusiones
538 1922 753 1989 Geometricas
768 1920 973 1988 Arithmetiei
987 1919 1102 1986 calculi
1112 1919 1263 2007 suffragio
1274 1919 1469 2004 confirmari,
1577 1912 1578 1941 ³

305 2025 464 2110 legitimas
482 2025 764 2091 demonstrationes
786 2024 957 2106 illustrari,
982 2023 1100 2112 qnippe
1122 2047 1195 2090 cnm
1217 2024 1278 2090 hoc
1298 2035 1470 2113 prestrata

306 2139 338 2194 et
353 2127 503 2208 stabilito,
520 2126 679 2193 discursus
694 2127 914 2194 Geometricus
929 2129 971 2194 ab
985 2127 1197 2194 Arithmetico
1211 2127 1330 2194 calculo
1342 2129 1469 2196 nedum
1571 2138 1576 2159 ¹

306 2229 481 2311 dissentiat,
497 2240 531 2295 at
545 2231 729 2318 neutiquam
744 2230 879 2299 differat.

371 2332 448 2414 Ista,
475 2356 515 2399 ne
540 2332 632 2422 plura
653 2355 739 2398 nunc
762 2355 1012 2414 commemorem,
1043 2333 1078 2398 in
1107 2356 1174 2400 rem
1202 2333 1468 2402 Mathematicam

305 2437 499 2502 emanabant
524 2437 697 2518 commoda,
722 2437 848 2502 sublato
872 2436 1074 2517 Geometriae,
1098 2450 1130 2504 et
1155 2437 1374 2504 Arithmeticae
1395 2440 1468 2506 dis-

304 2541 444 2622 crimine,
463 2541 515 2608 vel
536 2541 700 2608 identitate
720 2541 893 2607 constitute
912 2551 945 2606 et
962 2540 1097 2608 adserta.
1143 2540 1245 2629 Atqui
1267 2565 1333 2609 rem
1357 2543 1406 2608 ita
1429 2568 1467 2612 se

304 2646 429 2728 habere,
454 2646 550 2712 fidem
574 2669 653 2735 pene
672 2645 777 2726 faciat,
799 2644 939 2711 validam
963 2644 1076 2711 saltem
1098 2646 1221 2734 injiciat
1240 2647 1466 2735 suspicionem,

305 2751 410 2838 ipsum
431 2748 621 2815 Geometriae
644 2771 759 2813 nomen
783 2747 848 2832 (vel
869 2747 1049 2834 generalius
1070 2748 1152 2814 illud
1173 2771 1289 2816 nomen
1309 2751 1468 2832 Metrroea,

306 2851 392 2938 quod
411 2873 475 2938 prae
495 2849 710 2918 Geometrices
729 2850 885 2916 vocabulo
905 2850 1032 2917 Platoni
1056 2852 1161 2918 arrisit
1182 2848 1271 2919 hand
1289 2853 1463 2940 immerito)

305 2952 384 3040 quid
398 2953 483 3017 enirn
498 2954 626 3018 obsecro
641 2951 770 3019 denotat
784 2952 822 3019 τὸ
835 2957 972 3040 μετρεῖν,
988 2955 1115 3038 (metiri)
1129 2955 1193 3022 nisi
1205 2955 1465 3043 magnitudinem

305 3076 436 3120 numero
461 3053 631 3130 notificare,
655 3054 707 3119 vel
733 3055 934 3144 exprimere?
977 3055 1109 3144 Μέτρον
1136 3056 1200 3145 «γάρ
1226 3058 1316 3124 ἐστιν
1343 3059 1466 3148 (inquit

305 3157 506 3244 Aristoteles)
539 3157 565 3248 ᾧ
592 3159 630 3225 τὸ
659 3158 763 3226 ποσὸν
791 3159 997 3243 γινώσκεται·
1025 3160 1218 3243 γινώσκεται
1244 3161 1277 3228 δὲ
1306 3162 1328 3245 ἧ
1355 3164 1412 3247 ἑνὶ,
1439 3165 1462 3248 ἢ

304 3261 432 3350 ἀριθμῷ
444 3262 482 3329 τὸ
496 3264 609 3346 ποσὸν,
622 3263 643 3351 ᾔ
658 3265 783 3332 aroco'v'·
799 3265 864 3332 h.e.
875 3267 1027 3331 Mensura
1035 3280 1089 3346 eat,
1101 3273 1165 3355 pud
1174 3282 1324 3354 pacatam
1333 3269 1465 3356 dipaca-

304 3371 409 3453 citar,·
431 3369 621 3456 da'paosoitar
640 3381 744 3436 uatem
761 3382 921 3456 quantam,
942 3373 1006 3456 qao
1026 3383 1185 3456 matum,
1201 3370 1252 3436 cel
1268 3372 1397 3451 undare,
1414 3374 1467 3438 vel

304 3497 441 3540 numero.
487 3471 600 3560 Itaque
624 3471 651 3537 si
676 3470 859 3538 Geometria
881 3470 1012 3538 nomine
1035 3495 1093 3538 suo
1118 3495 1286 3540 numerum
1309 3472 1462 3557 involvit,

304 3577 417 3667 quidni
432 3577 545 3644 debeat
559 3575 664 3665 ipsum
679 3581 788 3640 revera
802 3574 985 3642 continere?
1573 3646 1574 3657 ,

369 3681 503 3747 Accedit
518 3678 603 3767 quod
620 3676 658 3743 τὸ
675 3675 791 3756 ποσόν,
807 3699 870 3762 quo
884 3677 1005 3742 scilicet
1019 3677 1113 3744 unico
1127 3678 1283 3744 vocabulo
1297 3678 1462 3767 designari
1573 3678 1574 3727 ῑ

303 3785 385 3852 solet
405 3782 584 3850 universale
605 3780 786 3846 Matheseos
809 3779 976 3866 objectum,
996 3781 1188 3869 peculiarem
1208 3792 1386 3870 respectum
1408 3785 1462 3850 in.

352 3903 504 3964 ²Qnonlam
514 3901 681 3952 Arithmetica
698 3901 895 3952 instrumentum
906 3903 1036 3952 estomnis
1046 3904 1239 3968 supputationis,
1252 3906 1386 3955 etnnmari
1396 3913 1461 3956 sunt
1572 3944 1573 3975 ἦ

300 3984 408 4044 termini,
421 3985 512 4048 quibus
522 3983 639 4048 quaelibet
649 3982 797 4046 magnitudo
807 3982 970 4046 significatur,
982 3998 1033 4032 non
1048 3983 1153 4034 dubium
1171 3991 1217 4047 est,
1230 3986 1292 4049 qnia
1309 4003 1356 4051 per
1372 4003 1460 4036 nnme-
1572 3980 1573 3983 '

301 4080 343 4114 ros
354 4065 406 4113 fieri
418 4066 496 4128 possit
506 4065 587 4114 omnis
597 4064 778 4128 magnitudinis
789 4063 908 4114 calculus.
942 4065 1106 4131 Manrolycns
1119 4067 1145 4116 in
1156 4067 1292 4131 Proleqoar.
1304 4067 1338 4117 ad
1353 4067 1411 4119 Lib.
1423 4080 1457 4120 11.

301 4145 428 4198 neema.

747 4209 759 4243 ⁸
776 4223 803 4261 x.
816 4210 922 4274 naam.
936 4227 990 4277 cap.
1005 4228 1026 4262 r.

316 4341 412 4486 f{IL
446 4341 634 4483 rfheermrol
648 4344 821 4418 Maurolycua
838 4349 863 4404 is
880 4347 1285 4422 correctedthatnn'tlrmetic
1301 4347 1459 4406 etherea
1571 4300 1572 4333 r

299 4447 316 4486 o
371 4445 500 4497 somery.

351 4515 500 4573 Thename
513 4513 771 4587 comamprovos
782 4519 845 4576 this.
880 4521 949 4578 Alae
