3167 5192
264 306 308 369 44
601 317 786 368 uucrronss
810 315 1083 364 ususunamcm.
1263 297 1371 383 [sacr.
1388 312 1431 359 11.

265 515 307 558 ex
327 492 446 557 innext
467 489 633 577 gravitate,
653 489 706 555 vel
728 487 859 554 elastict
881 487 999 552 virtute
1021 486 1189 552 mobilium
1212 485 1377 563 confectio,
1396 493 1433 550 et

267 595 484 660 consideratio.
538 593 620 672 Irn0,
642 592 794 680 quoniam
816 591 966 658 universe
989 591 1088 657 motio
1105 589 1215 656 localis
1233 600 1303 655 tum
1322 588 1434 676 quoad

268 698 474 778 durationem,
491 708 559 764 tum
571 695 676 783 quoad
691 696 855 782 impetum
871 704 905 760 et
919 693 1148 773 intensionem
1168 693 1308 779 itemque
1321 691 1434 778 quoad

268 799 482 880 directionem,
498 811 530 865 et
554 798 658 887 quoad
674 795 872 863 omnimodas
893 795 995 884 ipsius
1012 795 1206 863 differentias
1227 794 1315 861 baud
1336 795 1435 860 aliter

151 957 155 965 .
268 901 417 968 aestimari
435 911 539 990 potest
556 901 591 965 in
606 923 650 980 sc,
668 898 720 966 vel
735 921 808 964 curn
824 899 924 964 altert
944 898 1085 964 motione
1106 897 1289 986 comparari,
1304 896 1370 962 nisi
1386 919 1434 963 ex

268 1005 390 1093 spatiis,
406 1004 466 1072 hoc
479 1015 528 1071 est
546 1027 588 1070 ex
607 1003 701 1068 lineis
723 1001 816 1066 rectis
835 1011 892 1066 aut
915 1001 1129 1080 circularibus,
1152 1013 1231 1088 quas
1253 1000 1435 1067 describere

269 1110 321 1176 vel
347 1109 535 1196 pertransire
564 1106 673 1195 possit,
700 1104 772 1170 ideo
809 1104 967 1192 pleraeque
1002 1115 1108 1193 partes
1141 1103 1294 1191 physicae,
1325 1105 1435 1192 iisque

269 1225 393 1300 agnatae
413 1223 506 1292 artes,
527 1211 693 1299 inquibus
715 1218 820 1274 motus
839 1208 950 1274 localis
974 1219 1080 1296 partes
1102 1208 1224 1274 obtinet
1243 1210 1434 1297 praecipuas,

270 1317 352 1382 inter
367 1315 610 1382 Mathematicus
625 1323 810 1393 censentur3
826 1323 983 1399 quatenus
993 1313 1148 1380 linearum
1162 1311 1227 1399 (vel
1240 1313 1433 1400 spatiorum)

270 1419 422 1484 adhibent
443 1416 682 1496 dimensionem,
705 1415 898 1482 Geometriae
922 1415 1174 1504 appropriatam
1196 1415 1281 1482 unde
1303 1415 1437 1483 Mathe·

271 1522 394 1587 maticis
424 1521 571 1586 accrescit
602 1518 804 1586 scientiarum
833 1518 981 1584 foecunda
1013 1539 1114 1605 seges.
1167 1517 1257 1584 Hinc
1279 1519 1366 1584 enim
1389 1519 1436 1587 de

271 1637 359 1692 motu
373 1625 557 1691 naturaliter
578 1622 834 1690 descendentium
848 1622 999 1703 doctrina,
1015 1628 1080 1710 qut
1099 1645 1143 1688 sc.
1158 1622 1218 1688 illa
1229 1623 1437 1710 proportione

271 1729 502 1810 accelerantur3
526 1729 565 1794 de
579 1738 668 1794 motu
688 1727 908 1815 projectorum,
933 1727 989 1814 qui
1012 1750 1055 1794 ex
1075 1725 1212 1792 naturali
1234 1738 1267 1793 et
1289 1725 1438 1793 violento

272 1832 479 1920 componitur,
496 1854 591 1919 quam
613 1831 729 1898 lineam
751 1854 881 1896 curvam
895 1831 1094 1916 describaut3
1116 1831 1157 1897 de
1173 1832 1264 1918 jactu
1283 1829 1436 1911 telorum,

273 1946 305 2002 et
328 1934 496 2000 missilium
516 1935 681 2001 tormentis
702 1934 905 2022 explosorum
919 1934 1069 2022 impulsu,
1085 1957 1164 2021 quas
1178 1932 1262 1998 vires
1281 1933 1436 2014 habeant,

272 2047 305 2105 et
323 2037 480 2125 quomodo
503 2036 704 2125 disponenda
725 2047 800 2102 sunt
818 2037 859 2102 iis
878 2037 1085 2103 inservientes
1104 2035 1269 2117 machina,
1290 2035 1439 2102 desfina-

272 2153 341 2208 tum
365 2151 401 2205 ut
423 2164 552 2230 scopum
567 2140 681 2207 feriant
697 2141 902 2222 validissime,
924 2142 1160 2229 certissimeque
1180 2141 1257 2208 item
1280 2140 1320 2208 de
1339 2141 1438 2229 aquis

272 2268 328 2335 per
343 2245 434 2325 atris,
446 2244 499 2311 vel
514 2244 642 2332 spiritus
656 2244 809 2332 impetum
827 2245 1079 2332 (compressione,
1090 2244 1306 2322 rarefactione,
1317 2254 1440 2310 atune-

272 2349 368 2428 tione,
385 2348 596 2428 evacuatione,
612 2347 664 2413 vel
686 2353 874 2434 qutcunqne
896 2349 1001 2433 canat)
1026 2358 1212 2436 conceptum
1236 2347 1272 2412 in
1294 2348 1438 2416 sublime

274 2453 463 2522 evehendis:
495 2451 584 2533 Qua,
600 2453 740 2539 inquam,
764 2451 804 2518 dc
826 2451 878 2516 his
901 2453 995 2517 rebus
1014 2461 1048 2516 et
1067 2451 1225 2517 similibus
1247 2451 1436 2539 dispiciunt,

274 2559 413 2626 scientiae
445 2557 648 2646 particulares
684 2555 982 2622 Mathematicarum
1018 2553 1212 2643 amplificant
1243 2577 1436 2622 numerum:

276 2663 398 2751 (qualos
416 2662 629 2750 Belopoe'tioe‚
650 2659 814 2740 Balistica,
838 2657 1052 2738 Pncumatice,
1080 2657 1294 2745 Hydraulice;
1318 2658 1439 2745 hisque

274 2766 425 2830 affinitate
445 2763 646 2850 conjunctae).
748 2813 750 2818 .

341 2865 371 2930 E
390 2863 507 2950 quibus
526 2872 655 2929 autumo
674 2863 752 2930 satis
769 2862 894 2950 liquido
913 2873 1058 2930 constare
1074 2863 1173 2950 (quod
1190 2862 1272 2929 mihi
1289 2865 1440 2951 proposi·

275 2977 344 3034 tum
363 2965 466 3032 iuerat
481 2965 654 3048 ostendere)
676 2963 946 3046 Mathematicam,
962 2966 1105 3033 habitam
1122 2966 1303 3054 dictamque
1321 2966 1437 3054 vulgo,

276 3068 339 3157 ipsi
359 3067 508 3155 Physica
526 3068 618 3154 quasi
636 3066 803 3134 coexteudi
822 3077 855 3133 ct
872 3068 1042 3155 adaequari.
1087 3067 1157 3134 Nec
1178 3091 1243 3134 uon
1264 3067 1360 3135 simul
1382 3070 1440 3136 in-

276 3172 382 3239 dicavi
411 3171 510 3256 (velut
535 3171 646 3252 obiter,
674 3182 707 3236 at
730 3170 807 3236 tata
831 3174 938 3260 opert)
965 3195 1029 3260 quo
1057 3195 1115 3239 suo
1143 3173 1257 3240 merito
1281 3173 1439 3260 quelibet

277 3276 410 3343 scientia
439 3274 638 3363 particularis
664 3275 705 3340 ad
730 3273 992 3344 Mathematicam
1022 3277 1210 3363 dignitatern
1240 3275 1439 3364 titulumque

277 3381 434 3471 adspiret3
457 3391 489 3446 et
508 3385 572 3469 qut
590 3379 711 3446 ratione
729 3377 913 3446 Matheseos
932 3381 1071 3446 ambitus
1090 3403 1229 3469 eousque
1248 3383 1438 3464 excreverit,

275 3499 312 3554 ut
322 3488 391 3576 jam
407 3485 504 3574 (quod
519 3485 558 3552 de
570 3483 717 3550 Romans
731 3482 912 3570 Republica
922 3483 1042 3550 dimum
1053 3484 1143 3570 olim)
1155 3484 1375 3572 magnitudine
1386 3486 1437 3552 la-

276 3594 365 3660 boret
380 3597 446 3658 sut.
473 3589 623 3670 Quinimo
634 3588 702 3675 jum
717 3587 875 3667 effectum,
887 3597 923 3652 ut
938 3587 972 3652 in
983 3588 1074 3672 vulgi
1089 3611 1223 3656 errorem
1237 3590 1334 3656 etiam
1348 3589 1436 3658 docti

277 3695 471 3762 consensisse
491 3693 675 3771 videantur;
699 3698 795 3777 atque
813 3699 851 3754 ut
864 3690 1015 3777 quicquid
1031 3701 1190 3780 utcunque
1204 3691 1436 3778 diagrammate

277 3797 378 3886 possit
401 3794 547 3883 exprimi,
574 3792 737 3878 velutique
759 3791 801 3875 ad
823 3814 951 3857 sensum
976 3793 1116 3879 imagine
1138 3794 1300 3882 proposita
1321 3793 1437 3862 adum·

277 3899 373 3980 brari,
389 3897 478 3963 idad
494 3895 665 3975 Matbesin,
682 3895 752 3982 ipso
766 3892 860 3974 facto,
875 3905 1039 3960 censeatur
1052 3896 1220 3982 pertinere.
1242 3969 1246 3977 ,
1263 3895 1312 3961 At
1326 3903 1436 3964 revert

276 4002 388 4068 mixtoe
414 4000 479 4065 illae
504 3998 557 4064 vel
586 4008 739 4064 concretae
763 3997 904 4063 scientiae
929 3997 1175 4081 Mathematicae,
1204 4024 1283 4088 quas
1307 4013 1434 4088 vocant,

277 4104 372 4171 unius
386 4101 578 4170 Geometriae
597 4100 729 4168 totidem
748 4101 854 4191 potius
873 4103 1022 4191 exempla
1042 4115 1126 4186 sunt,
1142 4129 1238 4194 quarn
1258 4117 1307 4174 tot
1327 4115 1435 4198 partes

330 4331 367 4386 So
378 4330 426 4385 the
438 4329 563 4388 doctrine
574 4333 605 4389 ol
614 4334 724 4406 Falliug
735 4337 844 4405 Bodias,
855 4338 887 4394 ot
896 4337 1063 4408 Projectiles,
1075 4337 1124 4393 &a

330 4415 404 4471 Thus
417 4414 610 4473 Mathematici
621 4418 646 4474 is
657 4422 832 4477 coextensive
844 4421 909 4477 with
923 4422 1045 4492 Physica.
