3167 5192
126 423 222 473 eser.
240 405 277 491 n]
456 421 643 473 satureum
665 423 940 474 uinummmcm.
1244 407 1283 472 31

122 594 246 681 jmreta,
261 603 294 658 et
308 591 474 657 oommista
492 592 663 680 reperitur3
686 592 762 659 hine
775 593 908 680 emergit
927 593 1041 659 divisio
1056 591 1236 659 Matheseos
1256 594 1290 659 in

126 719 240 785 puram
267 695 331 781 (vel
353 697 554 780 abstractam)
579 707 612 762 et
633 696 768 762 mixtam
785 697 865 783 (sive
887 698 1087 781 eonoretam).
1133 696 1237 776 Quam
1258 710 1290 764 et

128 799 222 865 Plato
236 799 363 865 videtur
372 821 540 886 agnosoere
556 799 602 885 (in
617 798 782 884 Philebo);
802 800 879 865 alias
894 799 977 866 enim
994 800 1175 889 disciplinas
1190 801 1290 868 καθα-

128 903 198 990 ρὰς,
226 901 369 992 πρώτας,
398 900 590 985 ἡγεμονικὰς
616 902 871 986 (Arithmetioam
900 902 1013 968 diserte
1039 901 1230 988 significans,
1259 917 1290 970 et

128 1004 358 1089 Geometriam)
375 1003 453 1069 alias
466 1027 542 1069 vero
557 1002 767 1091 ἀκαθάρτους,
783 1003 934 1091 impuras,
954 1003 1161 1086 secundarias,
1184 1005 1290 1072 minus

129 1120 260 1174 exactas
278 1106 399 1172 asserit
432 1106 478 1171 Et
491 1129 579 1195 purae
593 1106 730 1195 quidem,
746 1107 798 1172 vel
812 1107 975 1174 abstractae
991 1107 1171 1173 Metheseos
1186 1119 1290 1196 partes

128 1210 359 1302 magnitudinis
369 1234 406 1275 ae
415 1211 538 1276 numeri
549 1211 726 1296 generalem
740 1221 894 1290 naturam,
911 1222 943 1276 et
956 1209 1097 1299 proprias
1112 1211 1290 1278 affectiones

129 1315 273 1382 absolute
290 1314 558 1402 contemplantem
582 1313 697 1380 Mixtae
722 1337 807 1394 vero,
834 1313 886 1378 vel
908 1325 1068 1393 eoneretae,
1094 1315 1291 1382 considerant
1317 1396 1319 1401 ι
1408 1329 1410 1336 “

127 1419 266 1499 medem,
290 1429 326 1484 ut
348 1418 441 1484 eertis
464 1417 646 1504 corporibus
669 1427 702 1484 et
725 1415 873 1504 subjectis
898 1416 1085 1504 specialibus
1107 1417 1288 1506 applicatas,

127 1547 204 1590 eum
226 1523 261 1588 vi
283 1522 405 1589 motiva
429 1532 462 1588 et
484 1522 555 1588 aliis
582 1521 725 1609 physicis
749 1521 962 1587 accidentibus
987 1521 1165 1609 eopuletes3
1196 1525 1290 1608 (unde
1327 1586 1329 1590 .

128 1624 354 1714 φυσικωτέρως
362 1610 503 1712 appellat
509 1622 721 1703 Aristoteles¹3
731 1634 763 1688 et
771 1622 988 1704 αἰσθητικάς’;
1001 1624 1055 1689 alii
1065 1623 1291 1712 PhysieoMa-

128 1728 316 1794 thematieas
324 1727 462 1793 vocitare
470 1726 593 1810 solent.)
611 1725 698 1792 Pura
704 1735 929 1812 oonsequenter
939 1725 1092 1792 Mathesis
1100 1727 1218 1816 duplex
1228 1739 1291 1794 sta·

128 1830 526 1917 tuit'1n3Geometriaquae
534 1828 762 1915 magnitudinis
772 1829 935 1895 abstractae
947 1839 1090 1894 naturam
1103 1830 1289 1919 speculatur,

128 1935 251 2023 speeies
259 1933 435 2020 distinguit,
443 1932 647 2021 proprietates
656 1931 892 2018 investiget3et,
902 1931 1119 2014 Arithmetiee,
1129 1955 1200 2020 quse
1209 1937 1291 2002 mul·

128 2037 310 2117 titudinem,
326 2058 383 2102 seu
400 2059 577 2115 numerum,
591 2034 721 2122 ejusque
736 2035 856 2122 speeies
875 2044 908 2100 et
922 2036 1101 2103 affectiones
1115 2039 1183 2126 pari
1198 2041 1291 2106 modo

129 2139 361 2227 contemplatu
374 2149 406 2204 et
419 2137 596 2224 pertractat.
626 2135 733 2202 Mixta
745 2159 821 2204 vero
836 2137 990 2204 Mathesis
1005 2162 1062 2227 pro
1076 2143 1224 2222 materiae,
1239 2145 1291 2208 oui

128 2242 318 2330 magnitudo
332 2253 364 2309 et
377 2240 546 2307 multitudo
559 2240 663 2306 inesse
675 2252 818 2328 possunt,
834 2242 923 2306 varia
944 2243 1057 2330 speeie,
1073 2244 1126 2310 vel
1140 2246 1291 2332 qualitate

129 2346 288 2413 differenti
308 2344 479 2432 multiplex
501 2355 558 2424 est,
581 2366 640 2410 nee
659 2366 724 2410 uno
745 2344 876 2431 proinde
898 2346 991 2412 modo
1013 2369 1070 2412 seu
1088 2371 1108 2412 a
1122 2351 1289 2432 veteribus,

129 2472 190 2515 sau
203 2472 223 2514 a
236 2448 460 2515 raoentioribus
474 2445 671 2535 philosophis
685 2446 848 2534 dispertita
862 2459 919 2528 est,
936 2460 971 2514 ut
981 2471 1058 2514 mox
1072 2451 1289 2520 ostendemus:

129 2552 259 2620 interim
278 2553 318 2620 de
331 2552 426 2617 modo
440 2549 658 2616 considerandi
672 2549 797 2620 diverso
814 2572 885 2637 quae
905 2551 1045 2616 diximus
1062 2554 1208 2641 exemplo
1227 2579 1291 2622 uno

130 2656 185 2722 vel
207 2656 305 2723 altero
327 2655 472 2720 dabimus
496 2665 656 2741 uteunque
675 2652 840 2720 illustrata.
878 2653 991 2741 Itaque
1013 2656 1151 2743 exempli
1172 2659 1289 2743 gratis3

130 2756 235 2824 Recta
258 2755 351 2838 linea,
381 2778 453 2842 quae
475 2767 523 2821 est
552 2755 672 2843 speeies
699 2755 938 2841 magnitudinis,
964 2757 1090 2844 eoneip'r
1115 2769 1217 2846 potest
1240 2761 1292 2826 vel
1322 2757 1323 2760 '

129 2860 285 2940 absolute,
300 2869 333 2926 et
351 2857 626 2936 universalissime,
639 2857 736 2944 juxta
754 2857 969 2924 definitionem
984 2858 1091 2946 ipsius,
1112 2855 1149 2925 ut
1170 2861 1291 2951 simpli·

129 2962 260 3029 sissima
279 2961 443 3036 dimensio,
465 2960 687 3026 brevissimum
712 2959 793 3026 inter
815 2959 1085 3050 duo'quoeeunque
1106 2975 1223 3051 puncta
1237 2966 1291 3032 de·

130 3067 265 3153 signans
289 3063 596 3149 intervallumque
619 3073 713 3150 paeto
735 3062 930 3129 considerata
954 3065 1115 3151 generales
1140 3067 1292 3153 quasdam

130 3169 338 3257 proprietates
357 3166 462 3248 habet,
478 3190 498 3231 a
512 3164 682 3232 Geometra
695 3165 747 3230 vel
760 3167 1012 3255 prasuppositaa
1033 3169 1085 3236 vel
1100 3169 1292 3236 demonstra·

27 3296 33 3311 *
131 3284 201 3338 tas:
221 3271 293 3338 Aut
305 3269 402 3349 alias;
424 3280 580 3356 quatenus
599 3267 726 3348 scilieet,
746 3291 775 3335 e.
786 3291 819 3355 g.
838 3293 858 3334 a
872 3281 977 3336 eentro
994 3270 1078 3338 Solis
1096 3273 1137 3338 ad
1155 3273 1292 3340 Telluris

131 3384 277 3440 sennam
302 3383 451 3459 protensa
478 3393 643 3457 corporum
665 3370 798 3435 istorum
821 3371 1002 3438 distantiam
1025 3373 1149 3458 signat;
1171 3374 1233 3442 Vel
1256 3389 1292 3441 ut

130 3477 214 3544 lueis
231 3485 457 3564 repraesentans
477 3473 602 3538 radium
618 3473 653 3538 in
674 3473 735 3539 hoe
748 3495 860 3561 eorpus
882 3474 1041 3561 impingit,
1057 3476 1167 3542 abillo
1182 3478 1289 3558 resilit,

129 3603 191 3670 per
199 3579 264 3646 tale
274 3577 414 3646 medium
427 3576 591 3664 trajicitur,
602 3574 677 3642 hine
686 3574 739 3642 vel
752 3574 826 3641 inde
838 3574 1011 3640 deflectitur
1025 3587 1080 3641 eut
1091 3577 1290 3659 incurvatum

130 3683 197 3750 Vel
215 3694 252 3749 ut
267 3703 332 3748 uno
355 3691 496 3746 extremo
515 3677 621 3745 defixa
637 3678 761 3766 pondus
779 3701 939 3744 annexum
961 3678 1159 3746 circumferre
1178 3691 1289 3767 potest,

130 3797 189 3854 aut
209 3785 314 3873 ipsum
332 3793 524 3863 sustentare,
547 3782 677 3870 ejusque
691 3805 748 3869 pro
762 3781 851 3847 varia
872 3782 912 3847 ab
933 3781 1089 3848 immobili
1107 3794 1212 3849 centro
1227 3783 1291 3850 dis-

199 3933 209 3964 ι
226 3931 338 3982 gmu,
351 3929 426 3990 Phys.
439 3929 496 3978 Lib.
510 3940 540 3976 11.
553 3943 607 3992 esp.
621 3942 644 3976 a.
815 3924 826 3958 ¹
842 3925 920 3978 aaut.
934 3927 999 3978 Part.
1015 3927 1071 3979 Lib.
1085 3941 1103 3979 1.
1116 3945 1170 3995 eap.
1186 3944 1223 3993 13.

695 4077 850 4084 .-..---—

185 4161 349 4234 Magnitudo
360 4159 416 4216 and
426 4157 577 4214 multitude
586 4174 636 4214 are
645 4158 767 4213 obstruet
778 4172 811 4211 or
821 4161 954 4212 eormrate.

186 4250 283 4306 Henee
293 4248 381 4306 Paro
392 4244 587 4302 Mathematios
597 4243 654 4298 and
664 4243 769 4299 Missa
779 4241 982 4298 Mathematics.

186 4335 261 4392 Pure
272 4331 470 4390 Mathematies
480 4329 505 4385 is
517 4329 666 4398 Geometry
676 4327 732 4382 and
744 4326 921 4410 Arithmetie.

186 4424 214 4478 A
225 4421 347 4492 sunigbt
358 4419 415 4475 line
425 4434 487 4487 may
499 4416 536 4473 be
547 4413 694 4471 eoneeived
705 4413 866 4485 absolutely,
878 4431 911 4468 or
921 4430 953 4472 as
963 4430 998 4470 an
1010 4414 1129 4474 alemant
1146 4415 1178 4471 ol
1192 4417 1290 4472 Astro-

135 4524 222 4580 nomy,
233 4508 340 4580 Optiee,
352 4504 517 4573 umbones,
529 4501 626 4557 Music.
