3167 5192
747 397 935 450 recuccus
957 400 1099 452 cumen.
1257 383 1364 470 [nucu.
1380 399 1456 452 xiv.

802 640 933 709 Lucu.
957 639 1054 710 XIV.

397 781 427 848 I.
542 785 601 851 ΠΒ
609 785 815 874 precedentes
834 785 956 866 calcata,
979 784 1133 872 Regulam
1149 783 1384 874 pollicebamur,
1404 809 1458 852 om·

554 891 664 979 amplas
677 893 836 978 stipatum,
851 913 890 956 eu
910 896 974 978 qod
985 903 1175 980 pauctoamm
1193 913 1210 956 e
1230 891 1331 957 comcs
1351 889 1457 976 inflec-

396 992 532 1059 canina
560 995 749 1074 resultantes,
779 996 933 1081 imquitas
966 995 1189 1082 dc‘pnosccotar
1197 1019 1213 1077 ;
1246 993 1340 1059 ellam
1372 1015 1458 1059 nuuc

395 1100 573 1166 exhibemus
586 1125 679 1190 pacm
693 1100 924 1190 simplicissime
939 1113 1121 1188 conceptam.

256 1210 288 1261 '·
350 1248 358 1274 ‚
463 1202 515 1272 Sit
529 1205 686 1272 ABEFO
699 1205 808 1271 radius
826 1204 1020 1292 principalis,
1041 1201 1151 1292 puncti
1166 1203 1320 1269 radiantis
1334 1202 1367 1267 A
1383 1225 1457 1290 spe·

234 1291 290 1326 ¹⁰⁹
396 1306 475 1373 ciem
491 1331 547 1396 per
561 1307 645 1376 oculi
659 1318 802 1374 centrum
823 1308 1016 1389 Odeferens,
1033 1331 1075 1374 ex
1088 1307 1247 1374 incidente
1261 1307 1364 1395 primo
1378 1306 1455 1388 AB,

395 1418 428 1474 et
449 1408 576 1476 inflexis
591 1410 661 1490 BE,
677 1410 746 1490 FF,
762 1409 826 1476 FO
843 1408 889 1494 (in
911 1409 1064 1475 directum
1087 1418 1142 1475 aut
1163 1429 1253 1474 secus
1276 1407 1453 1495 dispositis)

395 1521 562 1592 constaus3
585 1522 655 1578 tum
676 1513 787 1599 puncti
803 1512 834 1576 A
854 1520 998 1599 respectu
1019 1510 1101 1577 oculi
1122 1511 1157 1576 in
1171 1516 1257 1576 recta
1270 1510 1336 1574 BE
1345 1509 1454 1597 positi,

394 1626 428 1681 et
452 1639 494 1682 ex
516 1615 695 1682 inflectione
717 1614 758 1680 ad
779 1614 977 1703 superficiem
999 1615 1032 1678 B
1049 1613 1206 1680 resultans
1231 1615 1261 1698 (e
1282 1612 1456 1700 premissis

394 1719 504 1807 utique
519 1718 739 1806 designabilis)
757 1718 863 1804 imago
884 1717 927 1783 sit
940 1717 974 1782 Z
977 1743 985 1798 ;
1008 1717 1086 1782 item
1106 1715 1202 1804 hujus
1222 1717 1256 1781 Z
1271 1714 1368 1803 (quod
1383 1716 1455 1803 jam

392 1821 495 1888 veluti
509 1823 635 1888 radians
654 1821 861 1909 concipiatur)
879 1830 1023 1909 respectu
1039 1821 1125 1887 oculi
1144 1821 1178 1885 in
1200 1826 1285 1886 recta
1299 1820 1365 1885 FF
1377 1843 1455 1886 oon·

393 1924 507 2007 stituti,
522 1933 554 1991 et
574 1925 615 1991 ab
635 1924 814 1990 inflectione
834 1924 875 1990 ad
895 1925 1092 2013 superficiem
1112 1924 1146 1988 F
1162 1946 1325 2010 emergens
1344 1924 1454 2010 imago

392 2026 436 2092 sit
463 2027 496 2089 Y
500 2050 509 2106 ;
532 2025 660 2092 demum
679 2028 790 2113 puncti
814 2028 848 2092 Y
864 2029 1027 2114 (tanquam
1046 2027 1081 2092 iu
1101 2025 1297 2115 superficiem
1317 2027 1353 2090 F
1366 2026 1454 2092 radi·

392 2130 489 2214 antis)
507 2140 652 2219 respectu
665 2130 749 2195 oculi
763 2130 798 2195 in
813 2131 876 2198 FO
890 2131 1035 2198 collocati
1052 2132 1093 2197 sit
1114 2131 1220 2217 imago
1236 2131 1274 2196 X
1279 2155 1288 2211 ;
1311 2131 1372 2198 erit
1391 2131 1453 2198 hoc

392 2242 545 2322 puuctum
561 2234 599 2300 X
610 2233 718 2320 imago
732 2234 855 2299 cunctis
870 2235 911 2301 ab
927 2233 978 2299 his
992 2234 1227 2300 inflectionibus
1241 2234 1450 2322 proveniens3

392 2361 495 2426 neque
510 2359 600 2404 secus
615 2347 818 2424 quotcunque
828 2336 945 2401 fuerint
959 2336 1153 2403 inflectiones
1165 2359 1233 2403 sese
1244 2359 1293 2403 res
1304 2337 1450 2418 habebis

391 2441 552 2507 enimvero
568 2461 692 2526 semper
705 2461 748 2505 ex
766 2438 825 2504 ills
845 2438 902 2504 tali
922 2442 1081 2526 postremt
1101 2437 1278 2504 inflectione
1293 2437 1449 2506 resultans

390 2545 507 2633 image,
524 2544 634 2611 eadem
648 2543 708 2610 erit
722 2565 794 2609 oum
810 2542 876 2624 ills,
893 2565 989 2631 quam
1005 2563 1113 2608 omnes
1128 2541 1292 2608 exhibent.

456 2649 565 2737 Hujus
591 2647 678 2715 effati
703 2647 820 2713 veritas
845 2668 863 2711 e
889 2645 1120 2712 constructione
1149 2645 1226 2711 satis
1253 2653 1399 2734 apparet3
1429 2667 1448 2712 e

390 2757 455 2842 qut
469 2752 561 2818 facile
576 2748 735 2837 colligitur
749 2749 967 2837 proximonum
986 2747 1049 2836 ipsi
1063 2750 1130 2814 AB
1150 2749 1359 2816 incidentium
1373 2749 1449 2816 hinc

390 2855 466 2921 inde
481 2855 640 2920 radiorum
655 2853 791 2919 inflexos
806 2853 935 2919 tandem
951 2852 1033 2918 circa
1047 2863 1200 2940 punctum
1216 2853 1254 2917 X
1265 2853 1370 2941 ipsum
1384 2855 1453 2920 FX

390 2957 596 3038 intersecare3
612 2955 664 3022 vel
679 2955 725 3020 ita
738 2978 805 3021 rem
820 2954 1000 3042 collegeris:
1016 2965 1170 3042 punctum
1184 2956 1218 3019 Z
1226 2964 1275 3020 est
1289 2955 1399 3043 puncti
1414 2955 1445 3020 A

389 3061 515 3146 imeg03
542 3070 574 3126 et
600 3067 754 3146 punctum
786 3059 818 3123 Y
839 3057 940 3145 ipsius
966 3059 999 3122 Z
1001 3084 1009 3139 ;
1041 3057 1207 3146 denuoque
1232 3069 1388 3146 puuctum
1413 3059 1453 3124 X

389 3163 491 3251 ipsius
513 3163 548 3229 Y
551 3189 559 3244 3
584 3163 691 3250 itaque
711 3170 865 3249 punctum
886 3161 923 3225 X
938 3161 1039 3248 ipsius
1054 3161 1086 3225 A
1106 3161 1211 3247 imago
1229 3161 1297 3235 erit,
1319 3161 1447 3248 qualem

389 3291 503 3356 nempe
528 3289 578 3332 res
608 3266 661 3331 hic
690 3265 759 3346 fert,
785 3273 915 3331 remota.
963 3263 1126 3332 Strictiore
1155 3263 1354 3353 longiusculo
1382 3265 1447 3330 dis·

388 3395 484 3438 cursu
497 3380 605 3460 posset
618 3370 678 3435 hoc
693 3368 900 3459 comprobari,
917 3367 972 3435 scd
987 3391 1138 3456 quorsum
1152 3391 1219 3435 rem
1235 3369 1313 3436 satis
1328 3368 1447 3435 claram

388 3476 558 3544 intricare?

454 3653 501 3720 ΙΙ.
539 3650 700 3739 Exempla
714 3651 794 3738 jam,
815 3673 886 3738 quas
906 3648 986 3731 dixi,
1007 3671 1064 3716 seu
1083 3673 1101 3716 e
1120 3651 1291 3738 premissis
1311 3649 1448 3716 deducta

389 3755 581 3824 consectaria
603 3754 799 3821 subnectam.
843 3752 981 3820 Notatur
1001 3764 1106 3821 autem
1126 3755 1293 3842 imagines,
1317 3777 1389 3843 qum
1410 3754 1446 3820 in

388 3860 429 3926 iis
458 3869 676 3948 proponuntur
704 3856 919 3945 designandae,
953 3860 1080 3925 oculum
1109 3860 1262 3948 respicere
1291 3858 1446 3926 Centrum

387 3963 557 4030 habentem
580 3961 615 4026 in
638 3961 708 4048 ipso
731 3960 915 4026 radiationis
939 3984 1000 4027 axe
1026 3961 1141 4049 (qualis
1164 3971 1249 4028 recta
1270 3962 1345 4047 BD)
1370 3983 1446 4027 con-

387 4067 554 4146 stitutum3
584 4065 661 4130 item
691 4063 887 4131 diversarum
914 4065 1148 4153 superficierum
1174 4087 1211 4132 ac
1232 4064 1445 4130 radiationum

386 4191 464 4236 axes
478 4167 608 4234 sibimet
622 4167 657 4232 in
671 4166 826 4233 directum
841 4167 935 4255 poni;
950 4179 1160 4256 praesumatur
1173 4168 1270 4235 etiam
1282 4168 1317 4233 in
1331 4168 1445 4234 refrac-

385 4272 526 4338 tionibus
549 4294 591 4337 ex
613 4279 685 4337 atre
706 4270 797 4337 fectis
826 4270 868 4337 ad
896 4272 1014 4338 vitrum
1044 4271 1110 4338 fore
1139 4272 1181 4338 I:
1198 4271 1380 4352 asaza
1402 4271 1445 4338 ad

385 4395 501 4460 aquam
523 4395 598 4439 vero
620 4373 685 4440 fore
706 4375 749 4439 12
765 4374 833 4440 112:
849 4382 868 4439 4
885 4398 893 4438 t
911 4381 948 4456 33
980 4373 1042 4458 (has
1065 4397 1179 4463 nempe
1200 4373 1338 4441 rationes
1360 4374 1444 4440 veris

384 4475 482 4565 probe
495 4497 642 4562 congrua
656 4475 961 4562 deprehenduntur);
975 4476 1068 4558 addo,
1080 4476 1273 4546 confusionis
1287 4476 1444 4544 evitandae
