3167 5192
216 478 277 546 Fig.
291 495 331 532 ur.

331 595 334 599 ’
357 642 361 649 .
378 582 428 662 Μ,
444 583 485 648 N
487 607 496 663 ;
519 592 685 670 protractae
704 582 763 648 ΖΑ
782 592 981 649 occurrentes
1004 583 1040 647 in
1059 583 1096 663 T,
1111 582 1151 648 X
1156 608 1164 664 ;
1187 593 1219 650 et
1242 583 1445 671 applicentur

376 296 451 364 198
688 311 876 364 nncuouus
898 313 1140 365 securamen.
1266 296 1377 385 [anon
1394 313 1445 365 ιν.

439 476 567 567 Nempe
581 476 610 544 si
624 477 695 544 duae
710 486 803 545 rectae
812 478 890 560 ΜΤ,
901 478 973 544 NX
983 499 1113 544 curvam
1124 485 1259 565 tangant
1270 477 1310 544 ad
1323 487 1446 567 puncta

380 686 456 765 ΜΡ,
474 687 514 751 N
515 687 542 766 Q
556 685 599 751 ad
620 686 680 752 YA
702 684 879 772 parallelae3
902 685 1109 752 velocitatum
1133 685 1174 750 ad
1192 694 1320 772 puncta,
1344 685 1390 766 Μ,
1407 685 1451 750 N

380 789 540 876 proportio
564 800 768 876 componetur
790 811 808 854 e
830 789 1032 877 proportione
1053 788 1154 876 ipsius
1180 789 1239 854 TP
1255 788 1296 854 ad
1316 789 1390 869 ΡΜ,
1408 799 1442 856 et

381 890 482 978 ipsius
508 891 575 972 ΟΝ
591 891 633 956 ad
654 891 725 972 QX.
770 889 857 956 Nam
878 889 1030 956 velocitas
1052 890 1087 956 in¹
1111 891 1153 956 M
1172 890 1214 956 ad
1238 891 1441 958 velocitatem

381 994 570 1062 uniformem
593 1017 650 1082 per
672 994 748 1059 AY
763 1014 798 1059 ae
821 992 918 1058 habet
942 1001 978 1058 ut
999 993 1057 1058 ΤΡ
1074 993 1116 1058 ad
1134 993 1206 1058 PM
1209 1019 1217 1074 ;
1241 1002 1273 1058 et
1287 993 1441 1060 velocitas

380 1095 443 1161 ista
457 1096 623 1162 uniformis
638 1118 672 1162 se
686 1096 783 1162 habet
799 1095 840 1162 ad
854 1094 1056 1162 velocitatem
1071 1095 1105 1161 in
1120 1096 1163 1176 N,
1179 1107 1216 1162 ut
1235 1097 1301 1176 ΘΝ
1309 1096 1350 1162 ad
1368 1098 1440 1178 QX.

380 1197 469 1285 Ergo
485 1198 636 1265 velocitas
658 1199 693 1263 in
717 1200 761 1262 M
777 1198 820 1264 ad
841 1197 1041 1265 velocitatem
1065 1199 1099 1264 in
1121 1199 1162 1264 N
1176 1223 1218 1264 ex
1241 1199 1293 1265 his
1314 1200 1440 1266 duabus

252 1304 257 1323 ¹
380 1303 557 1368 rationibus
572 1304 630 1368 ΤΡ
645 1302 687 1367 ad
700 1302 775 1383 ΡΜ,
787 1313 819 1368 et
840 1303 906 1382 ΘΝ
918 1287 1041 1382 adQX
1052 1312 1264 1391 componetur.
1291 1301 1440 1389 (Notatur
1529 1353 1535 1358 -

380 1429 400 1470 a
423 1427 577 1492 concursu
597 1405 799 1492 tangentium
820 1404 917 1471 ducta
941 1405 1005 1470 FE
1025 1404 1067 1470 ad
1088 1406 1164 1471 AY
1179 1405 1350 1492 parallela3
1373 1406 1440 1474 fore

385 1509 577 1576 Turn:
594 1509 776 1576 TPzPMx
797 1507 973 1594 QNrQX.)

445 1715 523 1783 XV.
569 1714 683 1783 Obiter
703 1714 860 1802 interjicio
883 1713 1061 1802 generalem
1082 1712 1157 1780 hine
1172 1723 1203 1781 et
1217 1715 1298 1782 bene
1312 1713 1438 1782 facilem

377 1818 532 1906 ‘consequi
560 1818 763 1885 Problemata
785 1819 879 1884 obtines
903 1817 1090 1898 solationem,
1119 1840 1215 1905 quam
1241 1819 1323 1884 tanti
1352 1819 1437 1901 fecit,

380 1930 413 1986 et
435 1921 487 1985 eui
508 1930 636 1986 tantum
648 1920 790 1986 laborem
805 1919 964 2007 impendit
985 1920 1141 1986 Galilaeae
1146 1946 1163 2004 ,·
1184 1943 1344 2009 quamque
1363 1923 1440 1988 Tor·

380 2021 520 2088 ricellioa
544 2022 732 2111 pronunciat
758 2045 830 2089 eum
848 2041 954 2111 'quam
978 2023 1097 2111 optime
1126 2033 1158 2089 et
1186 2024 1439 2111 ingeniosissime

380 2127 541 2215 reperisse.
586 2125 669 2193 Rem
691 2126 737 2193 ita
759 2126 907 2214 proponit
927 2126 1127 2194 Torm'eellr'os
1151 2127 1237 2208 (nam
1256 2128 1439 2216 ipseGola'·

309 2296 313 2303 ,
382 2230 457 2296 lara
471 2229 513 2295 ad
526 2253 657 2296 manum
678 2251 743 2296 non
767 2231 846 2315 est):
860 2230 1022 2319 proposita
1037 2229 1152 2317 queris
1163 2231 1331 2319 parabola
1348 2233 1439 2320 cujus

380 2347 486 2401 certer
499 2335 532 2398 A
548 2343 672 2422 oportet
691 2343 846 2422 punctum
866 2332 997 2421 aliquod
1016 2333 1151 2400 sublime
1165 2335 1301 2421 reperire
1310 2360 1319 2417 ς
1342 2358 1438 2422 equo

243 2439 248 2450 '
268 2452 326 2490 M·
380 2439 408 2504 si
430 2462 529 2526 gave
551 2438 645 2504 cadat
665 2460 766 2525 usque
787 2437 829 2504 ad
844 2437 888 2518 A,
904 2446 936 2503 et
955 2459 997 2503 ex
1014 2446 1133 2525 puncto
1150 2462 1222 2504 cum
1238 2439 1360 2527 impetu
1369 2439 1438 2528 jam

380 2551 531 2631 concepto
550 2541 788 2608 horizontaliter
811 2549 1021 2621 convertatur,
1039 2539 1109 2627 ipsa
1123 2543 1321 2630 propositum
1335 2567 1440 2631 pora-

379 2645 480 2712 bolom
503 2645 678 2712 describatr
709 2647 857 2731 (notetur,
885 2642 972 2731 quod
994 2653 1099 2709 motus
1121 2643 1326 2711 descensivus
1349 2668 1440 2734 para·

377 2750 487 2815 bolam
502 2747 683 2815 describens
701 2770 767 2812 non
782 2770 800 2813 e
814 2755 932 2834 puncto
950 2745 1091 2827 sublimi,
1108 2747 1163 2813 sed
1179 2747 1220 2813 ab
1236 2747 1306 2835 ipso
1321 2759 1438 2838 puncto

380 2850 413 2913 A
429 2860 572 2915 censetur
590 2849 762 2932 inchoare).
808 2845 884 2913 Huc
898 2847 1010 2913 recidit
1025 2847 1196 2931 Probiana,
1220 2848 1354 2918 aaziae·
1364 2873 1439 2940 sup·
1491 2865 1503 2884 ·

379 2951 504 3040 positia.
513 2951 699 3033 insistendo,
715 2963 752 3016 ut
771 2951 1020 3018 determinentur
1033 2952 1239 3039 particulares
1254 2953 1439 3022 velocitates

380 3065 534 3135 motuum,
549 3053 715 3120 uniformis
730 3051 945 3134 horizontalis‚
962 3075 1018 3118 seu
1033 3053 1213 3136 transversi,
1229 3063 1261 3120 et
1276 3056 1440 3144 aequaliter

380 3156 549 3224 crescentis
572 3155 749 3221 descensivi
768 3176 903 3242 quorum
918 3179 936 3221 e
951 3155 1177 3243 compositione
1192 3157 1351 3246 descripta
1365 3182 1440 3226 con·

381 3258 496 3346 cipitur
518 3257 664 3324 exhibita
684 3255 845 3345 parabola.
890 3254 959 3322 Nos
979 3257 1070 3338 illud,
1087 3281 1284 3346 quaecunque
1299 3261 1341 3326 sit
1356 3283 1440 3329 cres·

381 3363 480 3429 centis
496 3360 671 3428 descensivi
688 3370 794 3426 motus
811 3359 901 3440 ratio,
918 3359 1098 3448 quicunque
1112 3361 1236 3442 modus,
1251 3363 1440 3449 generaliter

380 3488 591 3554 exequemur;
614 3464 784 3553 specialem
802 3462 893 3529 illum
912 3463 952 3530 de
963 3463 1123 3552 parabodt
1144 3487 1252 3531 casum
1275 3465 1309 3531 in
1331 3489 1440 3534 exem·

380 3569 470 3658 plum
484 3568 693 3657 subjuncturi.
725 3567 915 3654 Reperiatur
926 3566 960 3633 in
971 3573 1057 3634 recta
1070 3567 1139 3632 ΑΖ
1147 3569 1228 3655 (queo
1244 3591 1320 3635 sane
1335 3591 1439 3638 ourvae

380 3674 533 3739 diameter
552 3673 611 3757 est)
637 3681 792 3760 punctum
813 3669 953 3757 aliquod,
974 3680 1011 3736 ut
1029 3672 1112 3752 P‚·a
1133 3694 1195 3758 quo
1218 3671 1246 3737 si
1268 3671 1438 3740 ordinatim
1569 3647 1570 3728 l

380 3776 556 3865 applicetur
565 3776 639 3855 ΡΜ,
655 3784 687 3840 et
701 3773 834 3839 ducatur
848 3783 984 3860 tangens
999 3775 1042 3840 Μ
1041 3775 1076 3854 Τ,
1091 3785 1184 3840 rectae
1198 3774 1267 3840 ΑΖ
1274 3798 1438 3844 occurrens

379 3881 415 3945 in
435 3880 470 3960 T,
491 3879 534 3944 sit
555 3877 729 3964 intercepta
749 3875 808 3940 ΤΡ
824 3875 956 3962 aequalis
975 3875 1039 3964 ipsi
1053 3877 1125 3942 ΡΜ
1127 3903 1136 3958 ;
1159 3887 1228 3944 tum
1246 3889 1389 3946 sumatur
1403 3879 1438 3946 in

380 3983 439 4048 ΖΑ
455 3984 613 4070 protracta
627 3989 712 4045 reeta
725 3977 905 4044 AS=AP.
950 3978 1031 4046 Dico
1047 3979 1175 4046 factum.

445 4088 528 4154 Nam
545 4087 695 4175 quoniam
720 4083 899 4167 SA=AP,
922 4086 1080 4174 concipiet
1103 4085 1222 4153 mobile
1244 4085 1437 4156 descendens

380 4191 422 4257 ab
447 4191 526 4257 sin
548 4191 581 4254 A
604 4198 729 4255 tantum
751 4186 916 4274 impetum,
932 4197 1087 4276 quantum
1105 4189 1146 4256 ab
1161 4190 1193 4254 A
1210 4189 1438 4258 achurvam

380 4292 585 4358 describendo
613 4290 753 4380 (ponitur
782 4289 868 4355 enim
897 4290 1099 4358 increscentis
1124 4289 1302 4358 velocitatis
1331 4303 1437 4360 motus

380 4395 547 4483 utrobique
561 4417 689 4484 prorsus
698 4392 809 4480 idem),
822 4393 882 4462 iste
893 4415 967 4463 vero
982 4394 1119 4483 impetus
1134 4403 1278 4483 aequauu
1291 4393 1435 4483 impetui,
