3167 5192
292 380 335 445 96
626 390 811 440 uacrronus
834 388 1107 436 urrunnnrres.
1278 369 1379 453 [eser.
1394 385 1439 431 vr.

292 559 477 625 strationem
502 557 671 636 causalem,
698 580 740 622 ex
765 561 862 621 causa
887 576 1001 642 nempe
1027 553 1152 619 formali
1177 552 1357 618 deductam.
1402 550 1440 615 ln

292 663 476 751 exemplum
494 671 687 748 proponatur
705 660 780 724 talis
800 658 1016 746 syllogismus.
1060 656 1102 721 In
1124 656 1211 721 omni
1232 657 1337 741 figura
1357 676 1441 741 pares

292 767 428 832 habente
441 764 546 830 radios
561 764 751 850 quadratum
771 786 813 827 ex
833 761 1084 849 perpendiculari
1104 770 1248 847 aequatur
1265 757 1441 843 rectangulo

293 893 334 936 ex
350 869 521 955 segmentis
536 868 693 933 diametri.
738 866 860 952 Figura
874 867 907 930 Ζ
920 888 1011 951 pares
1032 864 1130 929 habet
1146 863 1249 928 radios
1273 864 1326 947 (ex
1345 862 1442 948 hypo

292 973 375 1039 thesi
389 994 432 1038 sc.
449 982 504 1037 aut
518 995 560 1037 ex
575 971 721 1053 ostensis)
738 992 814 1055 ergo
829 969 863 1034 in
879 969 981 1053 figura
998 969 1031 1032 Ζ
1043 967 1233 1054 quadratum
1253 988 1295 1031 ex
1315 986 1443 1051 perpen-
1568 1027 1569 1038 ,

292 1074 424 1141 diculari
440 1084 583 1162 aequatur
597 1073 781 1159 rectangulo
801 1096 843 1139 ex
863 1071 1036 1157 segmentis
1056 1070 1212 1136 diametri.
1258 1067 1329 1133 Ubi
1344 1068 1444 1155 passio
1568 1043 1569 1098 l

292 1178 448 1266 quaedam,
464 1177 629 1265 aequalitas
645 1200 688 1242 sc.
705 1176 851 1264 quadrati
867 1198 939 1240 cum
955 1173 1148 1259 reetangulo,
1161 1173 1397 1238 demonstratur
1411 1171 1445 1237 de
1566 1235 1568 1292 ἶ

292 1281 435 1368 subjecta
455 1280 567 1365 figunt,
591 1302 647 1367 per
668 1277 881 1365 aequalitatem
908 1276 1083 1355 radiorum;
1114 1296 1186 1361 quse
1211 1284 1357 1359 respectu
1381 1274 1445 1361 ejus
1567 1301 1568 1326 ι

292 1396 341 1451 est
354 1406 450 1449 causa
463 1381 613 1459 formalis,
629 1390 666 1446 ut
685 1402 780 1467 supra
800 1379 979 1465 expositum
997 1388 1055 1443 est.
1100 1376 1191 1442 Talis
1212 1375 1308 1442 etiam
1333 1376 1377 1441 sit
1398 1376 1448 1441 hic
1567 1389 1568 1442 ζ

292 1487 508 1576 syllogismus.
553 1484 663 1551 Rectis
692 1482 785 1548 lineis
815 1504 978 1567 nunquam
1007 1478 1267 1545 convenientibus
1296 1478 1447 1543 insistens

290 1601 377 1657 recta
390 1589 475 1655 linea
488 1588 565 1653 facit
579 1585 713 1672 angulos
728 1584 866 1649 alternos
884 1583 1032 1670 aequales.
1077 1580 1124 1646 At
1138 1590 1230 1647 rectae
1244 1580 1338 1647 lineae
1351 1580 1398 1660 A,
1408 1582 1447 1659 B,

290 1714 453 1780 nunquam
474 1692 666 1758 conveniunt
687 1690 769 1755 inter
791 1712 825 1753 se
850 1689 903 1772 (ex
925 1686 1096 1773 hypothesi
1117 1695 1205 1773 puta,
1220 1684 1273 1750 vel
1294 1706 1339 1749 ex
1359 1684 1448 1769 prius

290 1795 525 1877 demonstratis)
543 1817 628 1879 ergo,
643 1792 737 1858 rectis
752 1792 845 1857 lineis
866 1793 909 1870 A,
930 1792 970 1870 B,
991 1790 1142 1855 insistens
1161 1798 1247 1854 recta
1266 1787 1353 1853 linea
1372 1786 1449 1853 facit

291 1898 425 1983 angulos
450 1898 587 1962 alternos
610 1895 758 1981 aequales.
814 1894 879 1961 Sed
903 1894 942 1959 de
966 1892 1168 1980 passionibus
1192 1890 1448 1957 demonstrandis

290 1999 359 2065 baec
373 1999 530 2064 sufficiant
544 1998 774 2064 animadversa.

356 2100 469 2180 Quoad
489 2100 698 2188 pronunciata
719 2102 862 2180 observo,
885 2099 972 2186 quod
993 2100 1051 2165 illa
1072 2098 1125 2165 vel
1148 2099 1295 2165 omnibus
1317 2097 1449 2184 quantis

199 2256 204 2263 .
289 2203 393 2283 lineis,
409 2202 645 2290 superficiebus,
661 2202 854 2289 corporibus,
871 2202 1007 2287 angulis,
1024 2212 1056 2267 et
1068 2212 1197 2289 propter
1211 2201 1280 2267 hac
1293 2202 1448 2281 numeris,

289 2306 439 2384 motibus,
455 2304 658 2393 ponderibus,
679 2304 886 2391 temporibus,
908 2312 940 2369 et
956 2304 1089 2392 reliquis
1111 2303 1296 2369 secundario
1317 2304 1449 2389 quantis

289 2408 500 2490 conveniunt;
523 2407 576 2473 vel
590 2408 781 2495 specialibus
797 2406 924 2493 quantis
944 2406 1143 2493 peculiariter
1163 2418 1361 2491 congruunt;
1385 2407 1449 2473 ista

288 2512 469 2579 communia
482 2533 664 2601 nuncupare
678 2510 763 2590 licet,
780 2511 849 2575 haec
862 2510 1000 2597 propria
1031 2509 1223 2576 Communia
1236 2510 1449 2596 pronunciata

287 2616 442 2702 quasdam
456 2615 600 2681 indicant
611 2614 752 2679 omnium
764 2612 979 2700 quantitatum
994 2611 1178 2677 essentiales
1192 2612 1356 2698 passiones
1366 2610 1449 2677 adeo

288 2718 449 2803 simplices
464 2728 496 2783 et
510 2718 621 2797 claras,
636 2716 745 2781 utrix
759 2737 817 2803 per
831 2714 912 2779 alias
927 2736 969 2779 ex
987 2714 1159 2801 hypothesi
1178 2714 1297 2802 priores
1313 2714 1449 2782 demon-

288 2820 381 2883 strari
395 2820 527 2906 possint,
544 2820 655 2885 saltem
670 2818 937 2885 demonstratione
951 2839 1015 2882 non
1030 2817 1204 2903 indigeant.
1249 2817 1301 2883 Ita
1316 2820 1449 2905 quantis

288 2922 436 2987 omnibus
458 2921 602 2987 absolute
624 2921 782 3000 convenit,
808 2942 845 2985 ac
868 2920 908 2985 de
931 2920 971 2985 iis
995 2920 1196 3007 pronunciari
1220 2930 1335 3008 potest,
1357 2923 1449 3009 quod

286 3032 442 3110 quantum
464 3023 626 3089 divisibile
647 3036 696 3089 est
718 3024 753 3088 in
774 3032 894 3110 quanta
915 3022 1112 3107 homogenea
1136 3023 1208 3109 (hoc
1229 3033 1279 3089 est
1301 3024 1387 3091 linea
1406 3026 1448 3093 in

286 3124 398 3205 lineas,
418 3125 600 3213 superficies
623 3125 656 3191 in
677 3126 868 3213 superficies,
885 3148 997 3213 corpus
1013 3126 1047 3190 in
1062 3128 1223 3213 corpora3)
1248 3139 1367 3213 quanta
1385 3128 1449 3195 ho-

286 3250 441 3314 mogeuca
454 3229 601 3316 componi
614 3229 668 3295 vel
683 3230 745 3294 sibi
760 3229 834 3295 addi
848 3238 992 3316 possunt.
1024 3228 1152 3309 Quanto
1167 3231 1283 3296 minori
1297 3232 1449 3298 subtrahi

284 3340 389 3421 potest
417 3332 539 3420 aequale
564 3344 718 3420 quantum
745 3356 764 3398 a
789 3332 908 3419 majore
932 3340 1061 3420 quanto.
1108 3330 1223 3399 Omnis
1253 3334 1447 3420 magnitudo

284 3438 424 3525 spatium
443 3436 561 3524 replere
580 3445 684 3523 potest
703 3435 903 3522 adaequatum
925 3434 998 3501 sibi.
1044 3432 1159 3501 Omnis
1177 3435 1363 3523 magnitudo
1386 3435 1449 3503 de-

285 3540 446 3607 terminati
461 3541 541 3606 situs
556 3562 659 3627 capax
676 3550 743 3619 est3
766 3548 871 3625 potest
890 3538 1058 3625 quiescere,
1079 3548 1186 3625 potest
1205 3540 1335 3620 moveri,
1351 3552 1450 3609 motu

285 3643 418 3729 quovis3
449 3642 578 3721 directe,
605 3643 638 3707 in
667 3664 802 3727 gyrum;
832 3639 992 3721 uniformi,
1016 3640 1169 3721 deformi;
1199 3640 1447 3721 velocatardo.

285 3746 481 3833 Hujusmodi
492 3746 619 3832 quidem
635 3744 781 3810 absoluta
795 3744 1001 3831 pronunciata
1016 3743 1213 3811 subticentur
1227 3768 1247 3809 a
1260 3744 1448 3815 Geometris

284 3850 326 3915 ob
348 3850 480 3916 nimiam
502 3848 714 3927 evidentiam3
741 3857 776 3912 at
797 3846 994 3933 subintelligi
1015 3846 1132 3913 debent
1154 3849 1195 3914 ob
1217 3848 1281 3913 alia
1301 3870 1449 3936 pronun-

284 3951 376 4030 ciata,
392 3962 580 4039 propterque
595 3949 794 4015 definitiones
809 3948 1066 4034 magnitudinum
1081 3948 1276 4036 specialium,
1293 3960 1325 4016 et
1346 3973 1450 4038 prop-

284 4062 333 4116 ter
346 4051 586 4138 cujusquemodi
604 4051 806 4139 hypotheses.
852 4050 892 4116 E.
903 4073 935 4138 g.
957 4074 1029 4115 cum
1050 4049 1174 4132 dicitur,
1190 4052 1447 4138 magnitudines,

284 4176 356 4241 quae
370 4146 548 4240 congruunt
562 4154 645 4219 inter
658 4178 702 4235 se,
717 4154 770 4219 vel
784 4176 856 4242 quae
871 4154 955 4222 idem
971 4154 1109 4242 spatium
1125 4177 1278 4243 occupare
1296 4168 1445 4244 possunt,

283 4268 459 4344 aquantur,
490 4258 679 4343 supponitur
708 4257 944 4345 magnitudines
977 4281 1069 4347 posse
1105 4261 1244 4349 spatium
1277 4282 1446 4347 occupare.

285 4359 368 4427 Cum
398 4359 547 4425 definitur
574 4360 711 4445 angulus
736 4372 840 4427 rectus
866 4385 907 4428 ex
933 4361 991 4429 tali
1016 4361 1197 4429 insistentia
1224 4372 1316 4431 recta
1346 4361 1446 4431 lineae

336 4477 488 4550 Principlcs
500 4494 548 4533 arc
559 4493 683 4533 common
695 4496 727 4534 or
738 4480 845 4549 special.
