3167 5192
108 352 199 404 sacr.
213 337 293 423 xm]
447 356 636 407 memoras
657 355 931 409 mammea.
1195 344 1263 412 317,

106 524 215 592 cismos
227 526 301 591 sani
315 526 488 615 quiequam
501 536 558 593 aut
574 526 670 593 solidi
688 526 814 593 videtur
831 524 1053 616 elephantinus
1072 528 1133 594 iste
1152 541 1260 618 partus

105 629 137 692 in
149 629 250 695 lucem
264 630 447 717 protulisse.
492 630 634 710 Diutius,
652 630 773 719 opinor,
794 638 826 696 et
844 630 973 717 graviim
992 630 1095 697 eidem
1115 632 1262 699 incubuit

108 732 158 815 (au
174 731 239 798 fere
260 732 433 798 succubuit
453 731 558 798 dicam
565 732 594 816 l)
618 732 779 797 maximus
799 731 859 813 vir,
875 740 908 797 et
927 732 1101 798 recentium
1123 732 1262 801 Geome-

105 844 216 901 trarum
230 836 316 901 nulli
331 836 572 923 posthabendas
585 836 761 922 Gregorius
774 834 973 917 Vincentius,
989 846 1129 902 attamen
1142 847 1180 901 ut
1193 860 1260 903 rem

105 960 171 1003 mco
189 937 315 1025 judicio
341 940 515 1027 reliquerit,
538 938 626 1006 haud
650 940 757 1005 minus
782 939 958 1014 absonam,
974 962 1070 1027 quam
1094 939 1260 1020 invenerit,

105 1040 257 1106 fusissime
286 1042 367 1109 licet
394 1051 427 1108 et
456 1041 704 1108 elaboratissimo
727 1049 959 1130 pertractatam.
1013 1040 1099 1121 Quid
1121 1042 1220 1129 igitur
1242 1064 1263 1107 a

105 1144 306 1229 paucularum
334 1145 483 1211 horarum
507 1144 623 1225 studio,
649 1144 728 1232 quid
755 1147 805 1231 (ut
833 1152 945 1209 caetera
973 1145 1106 1229 mecam)
1135 1145 1177 1211 ab
1202 1144 1263 1210 hac

106 1252 349 1335 extemporanee
372 1270 454 1335 pene
479 1246 650 1335 scriptione
674 1246 759 1313 circa
782 1246 947 1312 materiam
970 1246 1126 1335 ejusmodi
1152 1257 1263 1317 eontu-

107 1350 228 1416 maciter
247 1349 442 1439 perplexam
460 1349 574 1415 marito
590 1349 695 1436 possit
712 1348 900 1437 expectari?
941 1348 1006 1418 Sed
1023 1350 1262 1437 obsequendum

107 1462 151 1517 est
168 1453 383 1520 nihilominus
404 1453 552 1519 instituto
573 1462 699 1533 nostro;
721 1451 919 1539 pergendum
936 1461 986 1518 est
1004 1454 1039 1519 in
1059 1453 1171 1522 itinere
1192 1476 1263 1520 sus-

107 1566 199 1643 cepto,
210 1567 376 1646 praerupto
389 1555 595 1643 quantumvis
605 1565 638 1621 et
647 1555 817 1642 impedito;
833 1556 1068 1643 suggerendum
1082 1566 1130 1623 est
1140 1558 1264 1645 aliquid

106 1669 259 1747 utcunque
273 1659 407 1726 nudius
421 1668 453 1725 et
464 1657 606 1745 asperius
620 1681 640 1724 a
653 1658 817 1725 maturiori
828 1658 951 1746 judicio
965 1668 1071 1725 vestm
1085 1681 1265 1747 excoquen-

109 1762 178 1828 dum
198 1773 230 1830 et
251 1764 463 1831 elimandum.
508 1760 591 1829 Haec
611 1761 813 1849 prelocutus,
837 1762 879 1828 ad
900 1784 980 1849 opus
1002 1762 1147 1849 accingor
1169 1772 1263 1851 atque

109 1875 259 1933 commen
273 1866 460 1954 multiplex.

167 1968 335 2058 Imprimis
349 1977 456 2035 summ
471 1967 645 2035 decidenda
661 1967 751 2036 venit
764 1968 907 2056 quaetio,
924 1968 1128 2036 dicendorum
1145 1969 1265 2036 intelli-

112 2072 218 2157 gentia
244 2072 466 2159 maximopere
493 2069 682 2139 conducens.
728 2071 836 2152 Quum
865 2094 978 2160 nempe
1003 2072 1150 2155 rationes,
1175 2071 1264 2141 haud

112 2196 194 2242 secus
205 2200 307 2265 quam
322 2175 469 2243 absoluta
481 2174 604 2263 quavis
618 2183 747 2262 quanta,
763 2174 909 2241 dicanbrr
927 2174 1009 2242 inter
1025 2198 1060 2241 se
1079 2175 1263 2264 comparari,

113 2278 153 2343 sic
171 2279 239 2346 haec
260 2280 396 2367 aequalis
417 2278 460 2344 sit
480 2286 537 2345 aut
557 2278 724 2366 inaequalis
745 2277 813 2359 illi;
836 2302 936 2367 quum
956 2281 1111 2368 componi,
1128 2281 1263 2363 resolvi3

113 2382 191 2464 addi,
211 2383 378 2465 subtrahi3
408 2381 624 2470 multiplicari,
651 2382 774 2463 dividi3
804 2392 909 2470 potest
934 2383 1056 2469 ambigi
1080 2406 1143 2471 quo
1169 2405 1266 2450 sensu

114 2482 240 2552 debeant
271 2486 341 2553 haec
369 2481 519 2571 intelligi,
551 2507 631 2550 num
662 2483 788 2573 proprie
819 2484 872 2550 vel
904 2484 1093 2572 improprie:
1130 2484 1193 2565 vel,
1223 2507 1265 2550 an

115 2584 245 2655 rafioues
266 2598 411 2655 accurate
431 2586 591 2674 loquendo
607 2608 658 2652 res
680 2596 809 2674 quanta
831 2587 905 2667 sint,
921 2586 1106 2673 quantitatis
1127 2588 1267 2653 affcefio-

115 2688 202 2756 nibus
224 2690 310 2771 istis,
333 2688 515 2777 equalitati,
538 2686 760 2775 inequalitati,
782 2687 907 2769 rationi,
931 2686 1160 2775 compositioni,
1183 2688 1267 2756 divi-

117 2791 198 2874 sioni,
208 2792 404 2880 reliquisque
418 2794 544 2882 proprie
558 2792 766 2879 subjacentes.
792 2790 942 2881 Plerique
956 2794 1141 2861 recentiores
1156 2795 1191 2859 in
1205 2794 1267 2862 hac

118 2897 267 2964 autentis
290 2906 465 2977 versantur,
491 2896 587 2984 idque
613 2895 739 2961 disertis
763 2895 871 2963 verbis
897 2907 1085 2978 asseverant,
1111 2899 1265 2966 rationem

118 3019 179 3066 csse
196 3022 300 3088 genua
320 3000 478 3088 peculiare
496 2998 693 3087 quantitatis,
708 2998 802 3086 eique
816 3000 1002 3087 quantitatis
1023 3000 1176 3068 attributa
1193 3002 1265 3088 jure

119 3114 303 3192 competere:
332 3102 394 3169 hoc
412 3101 601 3171 Vincentius
619 3102 680 3169 toti
699 3125 827 3169 suarum
847 3104 1173 3193 proportionalitatum
1193 3104 1267 3173 doc-

119 3204 199 3273 tn'na
213 3208 397 3289 substernit,
412 3206 505 3294 eique
524 3207 659 3273 succinit
673 3206 906 3274 eruditissimus
921 3209 990 3296 ejus
1005 3209 1168 3276 consocius
1183 3208 1267 3275 Tac·

121 3318 242 3394 quetus3
264 3310 401 3377 inculcat
414 3310 477 3376 hoc
489 3310 532 3376 D.
548 3307 697 3377 Hobbius
712 3311 892 3377 adversarm
908 3334 964 3378 suo
982 3311 1164 3378 doctissimo
1184 3310 1267 3379 nihil

121 3410 318 3493 reclamante3
333 3412 479 3500 agnoscit
489 3411 576 3479 idern
589 3414 738 3501 egregius
746 3414 803 3480 illc
814 3412 973 3493 Borellus,
986 3414 1121 3501 Apionos
1135 3412 1264 3500 (inquit)

114 3512 178 3597 jort
191 3516 228 3583 do
241 3522 324 3583 nord
338 3517 438 3605 qiwa'c
452 3518 667 3605 quantitates&
711 3515 799 3597 Quid
814 3515 1029 3596 Mersennum,
1045 3516 1265 3600 Meibcmium,

123 3616 193 3686 alios
207 3620 350 3702 referam,
366 3642 440 3686 cum
453 3643 518 3687 uno
531 3644 585 3688 ore
599 3621 768 3688 videantur
782 3642 902 3702 omues,
918 3619 1093 3708 praesertim
1111 3618 1166 3706 qui
1186 3619 1268 3686 circa

123 3724 412 3810 proportionalitatis
430 3724 606 3790 doctrinam
624 3723 777 3793 innovare
797 3723 994 3807 studuerunt,
1011 3722 1085 3789 huic
1103 3721 1267 3811 astipulari

124 3826 298 3893 aranda?

552 3980 710 4046 ¹Ad7dcf.
723 3982 780 4033 Lib.
795 3994 837 4034 111.

171 4265 196 4320 Δ
210 4266 323 4326 difficolt
340 4267 454 4339 subject

128 4351 456 4508 ocilendadllblmble
473 4357 505 4413 cl
519 4358 698 4431 comper-ison,
716 4356 850 4429 addition,
869 4358 1086 4433 mmtiplicetion,
1103 4358 1172 4415 &cl
1208 4360 1267 4413 Are
