3167 5192
301 344 345 412 54
649 360 836 411 sucurouus
858 358 1131 408 unuuuusrucsc.
1280 339 1388 426 [nucu.
1406 358 1467 406 111.

303 531 447 620 apposite
458 530 649 611 deserviunt,
661 541 756 619 atque
771 528 960 596 conducunt.
1005 529 1053 595 At
1063 552 1138 596 vero
1151 551 1226 594 cum
1239 527 1384 608 suuncio,
1397 538 1468 594 trec

302 644 435 713 montes,
455 632 588 699 veltres
608 634 725 720 angeli,
740 633 794 699 vel
808 642 872 698 tres
886 632 988 713 lineae,
1005 632 1059 697 vel
1080 631 1208 698 demum
1231 641 1295 698 tres
1316 632 1466 711 numeri3

301 736 424 802 nullam
439 735 560 804 habent
573 735 748 802 necessario
770 734 948 821 singulares
969 735 1108 802 unitates
1129 758 1172 802 ex
1193 732 1311 822 quibus
1331 757 1469 823 compo-

302 841 390 906 nitur
409 840 469 906 iste
488 839 652 918 temerius,
668 838 882 926 sequalitatcm
902 837 985 903 inter
1001 860 1055 919 se3
1077 861 1115 904 ac
1134 838 1248 904 saltem
1267 839 1469 906 convenien-

302 943 381 1020 tiam
395 942 449 1010 vel
466 942 707 1008 similitudinem
722 941 884 1028 quandam
904 940 1084 1027 generalem
1103 941 1138 1006 in
1157 943 1277 1008 ratione
1297 944 1467 1008 communi

303 1046 429 1126 montis,
445 1056 500 1110 aut
515 1045 633 1132 angeli,
648 1055 703 1110 aut
722 1045 825 1123 lineae,
846 1054 903 1109 aut
921 1044 1054 1110 numeri.
1099 1044 1244 1125 Quando,
1259 1045 1391 1132 inquam
1407 1069 1467 1112 ex.

302 1171 329 1215 c.
346 1147 416 1216 dico
431 1158 495 1214 tres
510 1149 633 1214 numeri
649 1157 678 1227 5,
695 1157 723 1227 7,
740 1156 769 1228 9,
790 1147 911 1233 singuli
930 1147 986 1212 isti
1005 1147 1139 1222 numeri,
1152 1159 1309 1234 quatenus
1326 1148 1377 1213 illi
1395 1159 1468 1214 tres

302 1261 386 1332 sunt,
401 1250 555 1316 rationem
570 1250 691 1315 habent
705 1249 849 1328 unitatis,
864 1259 897 1316 et
910 1249 1013 1336 liquet
1026 1249 1101 1316 illos
1120 1250 1291 1337 inaequales
1308 1273 1385 1330 esse,
1403 1252 1468 1318 sed

302 1376 412 1420 omnes
427 1354 461 1420 in
475 1353 596 1420 ratione
610 1352 734 1418 numeri
750 1351 939 1439 conspirare.
970 1351 1031 1418 Sin
1045 1353 1127 1418 alter
1139 1352 1333 1418 adsciscatur
1345 1377 1469 1421 nume·

301 1479 407 1524 rorum
429 1455 593 1537 ternarius,
616 1465 695 1544 puta
719 1463 767 1534 10,
793 1463 841 1534 15,
866 1463 925 1536 203
950 1479 1018 1522 non
1038 1456 1100 1522 erit
1120 1456 1177 1522 ille
1197 1456 1283 1544 prior
1303 1457 1468 1523 ternarius

302 1561 434 1648 aequalis
460 1560 534 1626 huic
560 1559 707 1627 ternario.
756 1557 787 1626 Ε
813 1564 878 1645 qut
902 1559 1153 1626 consideratione
1177 1559 1299 1647 duplex
1322 1561 1469 1646 emergit

302 1665 393 1752 qussi
404 1687 505 1752 genus
516 1663 648 1744 numeri,
659 1685 792 1749 quorum
809 1662 891 1728 illud
902 1662 1056 1751 appellari
1066 1663 1168 1751 possit
1178 1663 1466 1746 Mathematicum3

303 1769 467 1856 (quoniam
481 1767 587 1854 ipsum
602 1765 823 1832 Mathematici
836 1767 1013 1854 praesertim
1027 1767 1289 1856 contemplantur,
1309 1791 1346 1834 ac
1366 1769 1468 1835 adhi-

301 1871 379 1938 bent
394 1870 435 1936 ad
450 1868 706 1956 magnitudinum
722 1868 933 1936 dimensiones
948 1869 1172 1958 exprimendas
1186 1878 1218 1936 et
1232 1871 1467 1958 comparandas

302 1973 384 2040 inter
401 1996 453 2052 sc3
478 1973 569 2059 cique
587 1970 844 2057 magnitudinum
866 1972 1074 2059 proprietates
1094 1973 1262 2061 quadrant,
1281 1985 1313 2040 et
1330 1973 1468 2042 Mathe·

300 2075 427 2142 maticae
446 2075 662 2140 conclusiones
682 2073 882 2161 applicantur
890 2075 912 2160 ς)
935 2075 996 2142 hoc
1017 2099 1092 2144 uero
1111 2077 1382 2144 transcendeutale
1407 2079 1466 2145 vel

302 2178 578 2266 Metaphysicum3
602 2187 670 2244 tum
686 2178 761 2264 quia
776 2178 927 2246 tribuitur
941 2180 1089 2246 omnibus
1103 2181 1271 2248 indiscrete
1293 2182 1403 2266 (ctiam
1419 2207 1465 2250 ex

302 2283 445 2372 partibus
467 2281 665 2369 quantitatis,
688 2280 916 2368 heterogeneis,
939 2281 1148 2370 imaginariis,
1170 2285 1357 2372 privativis;
1378 2284 1465 2352 dici-

301 2411 374 2456 mus
389 2388 473 2454 enim
488 2387 550 2452 duo
565 2395 692 2474 puncta,
706 2393 723 2450 3
739 2384 964 2466 dimensiones,
979 2395 999 2451 4
1011 2387 1183 2468 chimaerae,
1199 2397 1218 2453 5
1232 2389 1463 2476 praedicabilia,

304 2501 342 2560 10
357 2491 538 2575 siccitates),
553 2501 623 2558 tum
638 2489 714 2578 quic
728 2488 921 2576 deprehendi
936 2499 1041 2577 potest
1059 2490 1242 2578 hujusmodi
1257 2513 1463 2560 numerorum

301 2597 409 2684 aliqua
430 2596 527 2677 notio,
549 2619 614 2662 non
636 2593 729 2660 modo
752 2591 944 2682 Geometriae
965 2595 1094 2681 praevia,
1115 2595 1172 2662 sed
1193 2595 1247 2662 vel
1267 2595 1331 2683 ipsi
1345 2596 1463 2662 Arith-

301 2701 423 2766 meticce
447 2699 694 2787 praesupposita:
733 2694 782 2763 Ut
805 2717 879 2762 cum
900 2694 1035 2762 dicimus
1055 2720 1121 2763 non
1142 2697 1237 2764 modo
1258 2697 1461 2786 triangulum

301 2802 403 2867 tribus
425 2801 576 2868 lateribus
597 2799 765 2880 concludi;
788 2798 845 2865 scd
865 2810 897 2868 et
913 2822 1081 2866 numerum
1101 2799 1231 2887 planum
1256 2824 1298 2866 ex
1322 2801 1462 2868 duorum

301 2905 336 2968 in
359 2925 392 2968 sc
411 2923 623 2980 numerorum,
644 2899 781 2966 solidum
800 2923 843 2967 ex
862 2901 959 2967 trium
981 2902 1015 2966 in
1037 2923 1071 2968 se
1092 2901 1358 2990 multiplicatione
1379 2903 1462 2972 defi·

302 3003 419 3070 nimus.

367 3106 465 3174 Unde
486 3117 573 3196 petet
594 3108 772 3194 arguuncnti
795 3107 921 3189 solutio,
944 3132 1009 3197 quo
1030 3107 1245 3176 Nicomachus
1266 3111 1460 3178 Arithmeti·

301 3233 372 3277 cam
401 3215 515 3276 nature
542 3210 676 3298 priorem
705 3211 890 3278 Geometrit
915 3222 1047 3278 conatur
1074 3212 1254 3293 adstruere3
1282 3214 1361 3300 quia
1387 3215 1460 3282 scil.

302 3313 485 3380 Geomctuia
507 3335 653 3379 numeros
677 3335 827 3401 usurpare
849 3313 931 3380 solet
955 3326 987 3380 et
1011 3335 1139 3380 neccsse
1164 3315 1260 3381 habet
1285 3315 1460 3404 inprimis

301 3415 474 3503 figurarum
489 3413 736 3495 definitionibus,
753 3416 1050 3502 comparationibus,
1067 3425 1100 3482 et
1113 3416 1368 3504 proportionibus
1386 3441 1461 3485 mu·

301 3519 365 3586 tuis
385 3517 602 3606 explicandis3
626 3529 662 3590 ut
676 3541 748 3584 cum
764 3518 799 3583 iu
813 3542 852 3584 ea
865 3519 1072 3606 trianguhrm,
1088 3520 1288 3607 quadratum,
1302 3523 1457 3608 pyramis,

1567 2089 1569 2169 l

1568 2174 1569 2245 l

300 3625 411 3705 cubus,
426 3622 619 3710 reliquaque
632 3621 743 3708 figurae
757 3644 799 3688 ex
814 3621 948 3690 laterum
963 3622 1016 3687 vel
1031 3623 1220 3709 angulorum
1234 3647 1366 3690 numero
1380 3624 1458 3691 defi·
1564 3620 1565 3649 ³

300 3725 449 3804 niuutur3
473 3733 592 3790 etcum
607 3721 797 3810 quadratum
812 3722 959 3790 diametri
969 3724 1104 3812 duplum
1119 3724 1296 3791 ostenditur
1310 3726 1457 3813 quadrati

300 3851 342 3896 ex
357 3829 473 3896 latere:
497 3849 569 3893 cum
590 3823 756 3912 cylindrus
779 3825 850 3892 coni
873 3849 963 3913 aeque
984 3826 1043 3892 alti
1064 3850 1158 3915 super
1179 3828 1333 3916 aequalem
1354 3829 1458 3898 busim

302 3929 466 3998 constituti
480 3929 594 4017 triplus
614 3929 865 4010 demonstratum
891 3929 972 3996 etin
986 3930 1165 3997 similibus:
1192 3931 1247 3996 Ex
1262 3931 1358 4000 dictis
1370 3935 1457 4000 enim
1563 3994 1564 3997 ,

302 4043 482 4121 promptum
501 4031 563 4096 erit
581 4031 769 4118 respondere
787 4030 1012 4112 Geometriam,
1028 4032 1144 4120 pariter
1163 4057 1201 4100 ac
1221 4033 1324 4122 ipsam
1343 4035 1458 4102 Arith-

302 4133 459 4214 meticam,
475 4153 554 4219 quos
572 4133 623 4199 vel
638 4133 672 4199 in
687 4133 925 4202 definitionibus
939 4136 1006 4204 suis
1021 4138 1215 4220 extruendis,
1231 4139 1284 4206 vel
1305 4140 1340 4206 in
1360 4143 1457 4210 ratio·

302 4237 394 4304 ciniis
415 4246 573 4322 utcunque
594 4236 659 4302 suis
681 4239 899 4320 enunciaudis,
914 4240 1045 4308 adhibet
1066 4265 1213 4310 numeros
1234 4245 1457 4315 transcenden-

354 4452 380 4508 N
382 4449 558 4508 ioomachus's
570 4451 795 4519 argumentum
808 4453 977 4511 Arithmctic
984 4455 1009 4510 is
1017 4456 1093 4526 prior
1102 4461 1132 4512 to
1142 4459 1299 4533 Geomctup,
1307 4463 1456 4520 mscered
