3167 5192
88 410 175 461 nucu
192 390 291 477 xun]
419 408 605 459 uncrsosns
628 408 902 459 munuunncm
1174 389 1238 462 201

85 579 246 665 wlamque
259 600 332 665 qun
345 576 451 643 minus
465 577 519 643 hic
533 577 724 645 attendenda
740 578 843 645 iuerat
859 574 1062 667 respicientes
1080 582 1237 649 actualem

85 680 331 767 congruentiam.
375 678 471 745 Unus
492 680 535 745 ab
557 679 617 745 htc
638 681 750 747 erroris
771 682 959 769 contagione
981 702 1016 749 se
1037 686 1238 753 conservavit

84 784 252 849 immunem
268 782 407 871 optimus
422 780 573 867 Glanum
596 804 691 870 quem
705 784 864 850 immerito
884 795 1051 873 propterea
1068 788 1238 875 reprehen-

84 888 128 953 dit
151 886 356 953 doctissimus
380 887 450 974 ejus
476 884 639 973 ὁμόφυλος
665 886 865 976 Tacqnetus3
898 889 972 955 Non
995 903 1075 956 reate
1105 890 1239 958 Olacios

87 990 207 1077 (inquit)
223 992 282 1056 hcc
296 992 425 1056 aciemn
437 992 604 1073 coemi&
618 990 744 1077 falsum
761 1005 807 1058 cat
824 995 906 1059 enim
925 1016 962 1058 ea
980 1016 1049 1080 quas
1065 993 1238 1062 animatio

84 1096 157 1160 inter
170 1118 203 1160 re
216 1093 358 1181 oeqrmls'a
370 1106 444 1158 sunt
456 1093 521 1159 nti
532 1106 638 1159 mutuo
659 1116 839 1182 comm,
852 1096 1025 1162 decimiles
1045 1098 1129 1163 enim
1149 1122 1238 1186 maq-

85 1198 235 1265 nitudinar
250 1210 390 1286 possunt
412 1221 475 1264 essa
498 1196 640 1285 oeqsrnlea
663 1222 760 1287 aeque
783 1212 886 1266 tamen
907 1214 1082 1288 mannent,
1105 1203 1189 1289 qaod
1207 1205 1240 1270 ei

85 1302 195 1368 similes
220 1314 250 1367 et
276 1300 412 1388 nquam
427 1300 565 1389 ficerim,
591 1301 705 1369 valebit
729 1326 885 1370 mamea.
938 1303 1011 1391 Ego
1033 1327 1108 1371 vero
1128 1307 1236 1394 potins

86 1402 183 1471 Cluvii
211 1403 410 1491 singularem
436 1414 494 1469 aut
521 1402 722 1491 prudentiam
748 1414 806 1470 aut
829 1404 981 1496 εὐωχίαν
1005 1408 1151 1490 demiror,
1179 1410 1235 1496 qui

86 1509 287 1575 communiter
312 1518 473 1596 arreptum
496 1530 631 1573 errorem
655 1508 789 1576 feliciter
810 1511 954 1592 evitavit,
977 1512 1135 1599 istamque
1155 1514 1237 1579 falso

86 1610 283 1679 fundamento
304 1612 477 1679 subnixam
500 1611 719 1699 exceptionem
739 1634 865 1701 prorsus
879 1614 997 1696 omisit,
1013 1638 1148 1702 vereque
1163 1616 1238 1682 licet

86 1714 162 1781 haud
175 1715 279 1803 plene,
296 1714 438 1802 satisque
453 1714 612 1780 luculente
628 1715 871 1802 pronunciatum
885 1716 966 1782 illud
980 1717 1138 1805 exposuit.
1173 1716 1238 1784 Sed

86 1818 184 1885 inhcc
197 1818 321 1885 nimina
336 1818 394 1899 fui,
410 1820 557 1905 quamvis
572 1818 727 1884 nonnulla
740 1820 892 1885 subticeo.

143 1931 170 1987 2.
206 1920 296 1988 Noto
315 1920 463 2002 secundo,
484 1921 570 2008 quod
589 1944 631 1988 ex
651 1922 843 2009 aeqnalitatis
861 1922 922 1988 hta
939 1929 1105 2011 praestrstt
1123 1922 1238 1991 delini·

88 2022 173 2105 tione,
192 2047 266 2111 qnae
287 2024 503 2111 aequalitatem
523 2034 666 2111 spectant
686 2024 848 2090 axiomata
865 2035 1000 2113 possunt
1016 2026 1235 2094 demonstrari.

90 2126 217 2215 quuod
231 2130 303 2217 ejus
326 2128 432 2214 arguit
450 2128 705 2193 convenientiam
725 2138 821 2215 atque
839 2129 1065 2217 prestantiam.
1110 2128 1238 2197 Debent

89 2230 163 2297 enim
176 2232 342 2299 axiomata
358 2231 452 2316 (sicut
466 2230 662 2296 admonitum
678 2241 726 2297 est
740 2232 870 2317 sepius)
888 2241 927 2297 nt
943 2232 1137 2299 theoremata
1150 2253 1238 2319 quas-

89 2330 256 2401 demerita
271 2334 455 2399 constitutis
470 2332 685 2415 terminorum,
701 2333 819 2420 quibus
832 2344 988 2415 constant,
1001 2335 1239 2402 definitionibus

91 2432 285 2503 &monstrari
303 2458 405 2523 posse.

145 2538 249 2606 Solem
264 2539 368 2626 igitur
380 2540 488 2619 istum,
504 2560 598 2626 quem
613 2538 789 2626 appellavit
803 2537 937 2620 Remus,
952 2540 987 2604 in
1001 2536 1237 2605 Mathematiois

90 2639 300 2723 chrissimum,
318 2640 398 2721 Quae
413 2640 516 2707 eidem
534 2650 708 2729 aquantur,
726 2640 854 2707 sibimet
871 2650 1036 2729 equanam
1055 2638 1238 2722 mutuatio

89 2744 177 2829 petitt
203 2746 279 2811 hinc
313 2744 580 2811 demonstratione
607 2743 780 2811 illustravit
809 2743 1023 2833 Apollonius:
1061 2743 1136 2813 Sint
1164 2744 1236 2811 duee

90 2847 316 2933 magnitudines
332 2846 376 2927 A,
402 2846 435 2927 0,
456 2856 590 2935 utraque
608 2846 797 2933 singillatim
815 2847 948 2935 aequalis
969 2846 1059 2914 alteri
1078 2848 1179 2913 tertie
1197 2848 1235 2913 B.

91 2945 159 3015 Dico
184 2950 425 3037 magnitudines
453 2950 498 3030 A,
531 2949 711 3018 Osibimet
735 2952 864 3039 aequari.
908 2948 994 3017 Nam
1019 2950 1169 3039 quoniam
1194 2972 1238 3019 ex

90 3051 245 3141 hypothesi
260 3064 430 3142 aequantur
444 3054 680 3141 magnitudines
694 3056 738 3137 A,
753 3057 794 3136 B,
809 3055 889 3143 ipse
905 3056 1109 3144 (equalitatis
1123 3055 1237 3123 defini-

92 3154 164 3223 tione
178 3158 356 3247 proemisst)
373 3178 545 3243 congruere
559 3156 611 3223 vel
628 3179 780 3245 occupare
799 3168 946 3245 poterunt
963 3158 1100 3225 eundem
1119 3159 1236 3227 locum.

91 3255 239 3349 Occupant
259 3261 362 3348 igitur
385 3260 489 3326 locum
506 3260 543 3327 Ζ.
588 3260 672 3327 Item
693 3259 845 3348 quoniam
869 3258 1084 3350 anuebilis
1105 3263 1235 3350 ponitur

91 3359 142 3448 ipsi
158 3366 190 3430 B
207 3364 379 3453 occupanti
401 3364 505 3431 locum
527 3363 564 3445 Ζ,
587 3363 683 3429 etiam
707 3363 742 3445 0,
764 3386 807 3431 ex
829 3366 1021 3453 equalitatis
1042 3365 1237 3445 definitione,

92 3467 192 3548 poterit
205 3468 313 3535 locum
327 3466 362 3532 Ζ
372 3488 534 3555 occupare.
578 3464 667 3553 Ergo
686 3475 821 3553 utraque
839 3466 872 3533 A
892 3478 926 3533 et
951 3466 980 3533 O
994 3466 1111 3553 poterit
1129 3466 1236 3532 locum

93 3566 119 3629 Ζ
131 3589 288 3659 occupare.
333 3568 430 3637 Unde
451 3568 607 3657 reciproce
629 3592 670 3635 ex
693 3569 883 3657 aequalitatis
904 3568 1089 3636 definitione
1107 3568 1139 3633 A
1155 3577 1188 3634 et
1208 3566 1238 3634 0

94 3672 216 3756 equales
229 3682 336 3755 erunt,
357 3674 516 3754 emt).

148 3772 231 3842 Huic
253 3787 361 3843 autem
389 3772 565 3843 definitioni
591 3775 702 3862 objicit
729 3773 871 3855 Procius,
898 3772 984 3862 qnod
1009 3774 1163 3839 innitetur
1185 3793 1237 3838 as·

139 3983 176 4039 hs
189 4002 231 4043 we
247 3986 420 4043 nndmotand
437 3989 571 4059 pennen
589 3989 755 4060 divisibilia.
791 3987 901 4045 Cissim
917 3986 999 4043 utone
1014 3986 1039 4041 is
1057 3984 1134 4055 right
1151 3983 1239 4041 about

96 4062 149 4135 thiu
158 4068 261 4140 though
274 4070 397 4141 Tuoquet
407 4071 513 4129 blamcs
523 4073 589 4129 him.

140 4152 180 4293 1ss
210 4154 300 4298 Propi
311 4157 368 4213 this
385 4157 475 4213 axiam
492 4157 524 4231 (1.
537 4162 591 4215 An
603 4158 634 4231 8)
651 4159 700 4216 the
717 4158 799 4217 other
816 4158 922 4215 morus
940 4156 1096 4229 mspccting
1114 4154 1235 4228 equelity

96 4250 306 4397 mlhcpddicm,
317 4324 434 4399 ‘things
451 4330 532 4400 aquai
551 4334 581 4387 to
598 4330 647 4387 the
664 4346 739 4387 mma
751 4346 799 4387 are
810 4328 891 4400 oqnnh
903 4331 933 4383 te
944 4344 997 4384 one
1007 4327 1138 4398 another,'
1150 4328 1236 4383 hence

1107 4589 1235 4653 rc.
