3167 5192
110 411 206 461 uscr.
224 396 302 481 xm]
449 413 635 464 rucrrorss
658 413 931 464 nsunmsrrrcm.
1206 402 1269 469 331

106 579 232 671 stractis
253 579 383 660 utendo,
404 579 469 645 dici
492 579 712 667 sextuplicitas
735 590 784 647 est
807 580 906 668 dupla
928 580 1130 669 triplicitatis.
1175 582 1269 650 Certe

104 684 291 771 sextuplum
310 707 435 771 semper
453 683 555 749 dividi
574 693 679 771 potest
697 683 732 749 in
748 684 811 750 duo
831 684 945 771 tripla3
968 685 1099 772 triplum
1114 686 1268 774 duplicari

103 795 216 872 potest,
232 798 268 855 et
281 787 332 853 bis
346 787 458 875 accipi,
475 788 521 854 sic
534 798 571 853 nt
590 787 774 877 sextuplum
795 798 972 875 componat.
1016 788 1081 853 Ast
1102 788 1172 878 ipsa
1193 812 1266 857 sex-

103 889 265 977 tuplicitas
280 890 407 957 videtur
420 913 489 957 esse
503 891 583 979 quid
597 892 801 982 indivisibile,
817 914 921 979 neque
936 891 1103 979 triplicitas
1122 902 1197 979 apta
1216 903 1265 959 est

101 993 363 1080 compositionem
378 993 513 1080 ingredi.
558 1003 577 1061 3
589 1009 618 1066 ÷
629 1004 648 1061 3
660 1004 807 1082 exequat
823 1004 840 1061 6
852 1020 860 1075 ;
884 1004 918 1061 at
931 1016 1000 1061 esse
1014 993 1145 1081 triplum
1156 1011 1185 1068 ÷
1195 1019 1265 1063 esse

102 1096 233 1182 triplum
249 1096 326 1181 (hoc
340 1107 397 1171 est,
412 1097 581 1185 triplicitas
592 1113 621 1170 ÷
631 1098 812 1187 triplicitas)
829 1097 956 1185 qualem
973 1120 1132 1163 summam
1149 1099 1263 1166 efficiat

99 1220 160 1264 non
189 1199 322 1286 assequi
351 1222 483 1287 possum
512 1200 691 1289 cogitando.
736 1201 870 1289 Triplex
895 1211 944 1269 est
972 1202 1139 1268 trihorium
1166 1202 1261 1285 horas,

101 1302 215 1388 triplex
235 1302 412 1368 triennium
432 1303 519 1383 anni,
539 1304 602 1370 ista
621 1303 789 1392 triplicitas
809 1304 885 1371 huic
903 1305 1082 1393 triplicitati
1100 1306 1260 1394 adjuncta,

98 1427 166 1491 quse
184 1404 418 1472 Mathematice
434 1406 678 1495 computabilcm
695 1430 853 1473 summam
872 1410 1017 1491 efficiant,
1034 1409 1180 1497 equidem
1195 1432 1259 1475 non
1310 1488 1313 1493 ¹

98 1510 203 1595 capio;
219 1508 320 1575 video
333 1508 440 1596 potius
454 1532 497 1575 ex
511 1510 635 1578 duabus
649 1512 730 1592 istis,
745 1512 980 1601 (Metaphysice
994 1514 1139 1599 duabus)
1154 1512 1258 1602 tripli-

97 1610 245 1678 citatibns
262 1611 532 1698 sextuplicitatem
547 1612 670 1679 nnllam
681 1614 809 1679 conflari
824 1615 876 1680 vel
891 1638 1059 1702 emergere.

157 1713 323 1781 Caeterum
343 1724 380 1779 ut
402 1714 471 1780 haec
492 1714 663 1783 dilucidius
682 1726 823 1804 pateant,
843 1725 876 1784 et
899 1718 985 1805 quod
1008 1717 1097 1783 nulla
1118 1716 1258 1805 postulet

97 1818 268 1885 neomutus
289 1816 472 1886 distinctam
494 1817 635 1907 aliquam
656 1820 832 1888 rationibus
854 1822 1062 1910 quantitatem
1090 1821 1254 1907 assignari,

96 1920 174 1986 circa
187 1920 352 1987 rationum
367 1919 552 2007 συγκρίσεις
565 1922 720 1988 nonnulla
729 1924 868 2011 pressius
879 1924 1087 1990 advertemus.
1135 1932 1162 1989 1.
1184 1923 1255 1990 Ad-

96 2035 178 2089 verto
205 2044 327 2110 nempe
356 2023 468 2109 primo,
495 2022 591 2103 Quod
619 2024 717 2091 nullae
745 2026 884 2093 rationes
914 2027 996 2093 inter
1021 2048 1054 2093 se
1079 2026 1254 2115 comparari

96 2136 233 2211 possunt,
262 2126 310 2192 sic
334 2135 372 2192 ut
396 2127 573 2194 innotescat
598 2138 655 2194 aut
680 2129 877 2197 aestimabilis
905 2130 1054 2197 reddatur
1083 2130 1153 2212 ista,
1180 2142 1253 2218 qnae

97 2229 266 2297 advesarii
291 2230 493 2319 pertendunt,
518 2231 659 2319 ipsarum
688 2234 779 2313 ratio,
810 2233 873 2299 nisi
901 2234 990 2321 prius
1018 2234 1060 2299 ad
1086 2255 1253 2301 commune

97 2352 289 2419 consequens
310 2332 517 2413 reducantnr3
544 2333 726 2401 immediate
750 2335 901 2401 nimirum
927 2345 982 2402 ant
1007 2336 1153 2417 mediate,
1180 2348 1253 2403 actu

96 2443 125 2499 et
136 2434 298 2524 explicite,
312 2436 365 2501 vel
379 2436 557 2503 virtualiter
574 2448 608 2504 et
624 2438 787 2526 implicite.
835 2436 923 2505 Scire
941 2462 973 2505 v.
984 2462 1016 2525 g.
1035 2462 1129 2505 nemo
1148 2450 1252 2525 potest

96 2548 149 2602 snt
168 2539 343 2626 concipere,
358 2563 505 2627 quaenam
519 2540 615 2620 ratio,
634 2563 713 2605 num
734 2541 859 2606 numeri
880 2550 917 2605 13
939 2542 980 2607 ad
1002 2550 1032 2621 3,
1050 2541 1103 2606 vel
1126 2550 1146 2605 4
1168 2542 1210 2608 ad
1232 2552 1251 2607 3

95 2642 190 2729 major
209 2644 263 2725 sit,
284 2653 340 2710 aut
358 2641 516 2731 quomodo
535 2644 647 2732 major,
665 2644 729 2709 nisi
749 2642 976 2710 considerando
998 2643 1083 2731 quod
1107 2652 1144 2709 13
1167 2644 1209 2709 ad
1231 2654 1250 2712 3

95 2746 193 2813 taliter
208 2770 245 2813 se
258 2746 357 2813 habet
369 2758 406 2813 nt
420 2755 440 2812 4
454 2746 496 2811 ad
512 2755 540 2826 1,
555 2755 588 2812 et
602 2754 621 2811 4
642 2745 684 2810 ad
704 2755 723 2810 3
743 2745 826 2812 sicut
845 2755 863 2810 3
886 2745 929 2811 ad
948 2754 976 2813 1.
1023 2744 1096 2831 (Vel
1116 2746 1250 2813 unitatis

96 2845 158 2915 loco
180 2849 321 2939 quodvis
345 2849 433 2915 alind
456 2846 676 2914 substituendo
699 2870 866 2914 commune
890 2870 1092 2936 consequens,
1117 2859 1196 2937 puta
1218 2858 1246 2930 5,

97 2952 319 3019 mnsiderando
340 2952 425 3040 qnod
450 2959 700 3018 1313113015
722 2961 756 3019 et
777 2961 797 3017 4
819 2976 826 3017 :
852 2962 870 3017 3
894 2976 914 3020 :2
939 2961 977 3018 10
1000 2974 1008 3020 :
1032 2953 1075 3037 5).
1121 2951 1246 3033 Quibus

97 3055 297 3123 consideratis
317 3065 413 3143 atque
433 3054 617 3144 perspectis,
632 3062 702 3121 tum
724 3056 852 3123 demum
874 3079 917 3123 ex
935 3055 1196 3137 antecedentium,
1213 3057 1247 3123 in

96 3155 175 3226 hisce
188 3158 285 3224 novis
299 3157 577 3246 aequipollentibus
596 3158 783 3239 rationibus,
799 3158 964 3226 collatione
984 3158 1177 3245 dignoscitur
1197 3160 1245 3247 ip-

96 3282 194 3328 sarum
215 3261 375 3329 rationum
396 3260 595 3349 inaequalitas
616 3270 649 3327 et
669 3262 749 3327 ratio
772 3263 856 3348 (quae
876 3262 1013 3348 dicitur).
1059 3262 1156 3329 Unde
1173 3286 1245 3351 pro-

93 3366 174 3432 venit
186 3366 257 3444 hoc,
270 3388 365 3454 quam
378 3364 511 3446 exinde3
527 3365 614 3452 quod
627 3364 766 3431 rationes
780 3365 858 3453 ipsae
874 3365 995 3431 nullam
1010 3388 1051 3431 ex
1066 3386 1101 3430 se
1115 3367 1242 3452 quanti-

95 3476 185 3536 atem
207 3470 328 3535 hubent
348 3468 509 3536 ullatenus
530 3467 778 3555 imaginabilem,
796 3468 976 3533 distinctam
998 3491 1018 3531 a
1039 3468 1243 3535 terminorum

96 3592 215 3640 suornm
239 3572 426 3660 quantitate,
455 3570 578 3637 nnllam
606 3570 731 3659 proprie
760 3570 879 3636 dictam
907 3569 1172 3656 inaequalitatem
1210 3584 1253 3645 at¹

96 3675 209 3759 saltem,
231 3687 400 3765 postquam
421 3697 588 3741 commuue
610 3696 805 3762 consequens
826 3672 980 3751 obtinent,
1004 3682 1132 3761 propter
1154 3686 1242 3741 ante-

97 3779 266 3847 cedentium
280 3779 528 3868 inequalitatem
542 3774 715 3865 inequales
729 3786 761 3842 et
775 3776 862 3865 ipsas
876 3774 1097 3843 denominari?

154 3892 182 3949 3.
219 3882 344 3948 Pariter
365 3880 488 3947 adverti
510 3879 626 3967 poterit
645 3877 792 3952 secundo,
814 3876 899 3963 quod
918 3900 991 3943 cum
1010 3877 1144 3944 duarum
1164 3902 1242 3967 qna-

96 4005 280 4074 mmcnnqne
303 3985 462 4051 rationum
484 3982 613 4049 termini
636 3991 712 4048 sunt
735 3980 946 4067 heterogenei,
972 3980 1154 4050 nullatcnus
1176 3983 1241 4051 illae

535 4154 637 4161 ——--

141 4265 175 4322 So
185 4266 313 4337 sextuplo
323 4267 348 4321 is
359 4266 419 4322 said
430 4270 462 4323 to
472 4266 510 4323 be
521 4265 624 4323 double
635 4265 666 4321 of
674 4264 766 4336 triplo,
777 4264 830 4321 but
841 4265 1014 4337 improperly.

140 4354 172 4418 (l)
205 4353 304 4409 Ratios
314 4368 363 4407 are
373 4352 521 4423 compared
532 4352 569 4421 by
579 4350 662 4420 being
673 4350 796 4405 reduced
807 4353 837 4405 to
848 4367 864 4406 a
876 4366 999 4406 common
1010 4357 1186 4423 consequent.

141 4440 238 4505 (3111
254 4440 320 4509 they
338 4455 387 4495 are
406 4438 632 4508 heterogeneous,
649 4436 716 4506 moy
734 4440 810 4493 must
829 4436 865 4492 be
887 4435 1011 4494 reduced
1030 4442 1060 4493 to
1079 4455 1098 4493 a
1117 4455 1241 4495 common

98 4536 252 4677 min.
1111 4612 1153 4675 41
