3167 5192
101 418 203 469 auur.
218 403 300 489 vra]
447 422 635 472 naorronas
656 422 929 475 mansurarum.
1207 414 1269 483 107

98 588 383 673 demonstrantur3
406 592 489 657 atsi
510 592 550 658 de
572 592 645 659 talis
668 592 803 681 alicujus
825 595 1028 665 theorematis
1050 598 1181 667 veritate
1204 626 1268 669 non

98 706 227 761 constet
241 695 394 775 studioso,
409 694 525 783 Optico
542 696 606 779 (vel
621 696 750 763 alterius
765 698 942 788 disciplina
957 701 1124 789 Magistro)
1143 705 1267 773 incum-

97 798 154 863 bet
169 798 208 863 id
223 798 391 879 declarare,
405 798 459 864 rel
473 823 511 865 co
526 800 637 867 saltem
658 801 794 887 digitum
815 803 986 885 intendere,
1002 806 1059 871 ubi
1074 808 1266 875 declaratum

97 900 295 968 invenietur.
340 901 422 982 Imo,
439 902 515 967 siin
533 902 641 990 aliquo
660 905 856 971 haesitaverit
877 908 1035 975 axiomata
1055 909 1264 994 Geometrico,

96 1028 164 1070 non
185 1006 330 1093 effligere
349 1007 464 1093 poterit
483 1007 721 1090 demonstrator,
742 1032 809 1076 rem
834 1010 940 1077 stricte
961 1013 1156 1095 aestimando,
1178 1015 1265 1082 illius

96 1107 344 1174 demonstrandi
362 1108 599 1176 necessitatem:
622 1110 692 1177 Nec
713 1112 799 1178 enim
821 1112 887 1178 ulla
909 1115 1027 1182 censeri
1048 1125 1152 1203 potest
1173 1140 1265 1185 aceu-

95 1222 165 1276 rate
192 1212 342 1298 perlecta,
369 1234 555 1301 summeque
580 1212 752 1279 scientifica
777 1214 1012 1297 demonstratio,
1035 1242 1106 1305 quaa
1133 1242 1197 1285 non
1222 1221 1264 1287 ad

96 1317 224 1402 primos
247 1316 386 1381 seientia
408 1316 522 1397 fontes,
546 1317 587 1383 ad
609 1317 739 1405 aliquod
765 1320 950 1408 simpliciter
973 1322 1262 1408 indemonstrabile,

95 1426 157 1485 aut
184 1420 315 1485 solari
340 1420 477 1502 firmum,
505 1427 564 1487 sut
588 1421 658 1488 luce
682 1422 813 1503 clarum,
840 1426 1026 1511 pervenerit.
1079 1429 1171 1513 (Τότε
1199 1430 1263 1519 γὰρ

95 1522 236 1607 οἰόμεθα
248 1522 418 1607 γινώσκειν
432 1525 579 1606 ἕκαστον,
595 1523 673 1591 ὅταν
687 1525 731 1592 τὰ
743 1528 833 1592 αἴτια
854 1529 1060 1616 γνωρίσωμεν
1078 1531 1120 1597 τὰ
1137 1537 1261 1621 πρῶτα,

95 1628 152 1693 καὶ
166 1626 232 1699 τὰς
246 1626 352 1717 ἀρχὰς
366 1625 425 1700 τὰς
439 1627 579 1718 πρώτος,
596 1629 651 1695 καὶ
664 1630 763 1718 μέχρι
777 1634 843 1697 τῶν
859 1632 1041 1721 στοιχείων,
1057 1635 1155 1701 dictat
1170 1638 1261 1704 uobis

95 1730 321 1817 philosophus,
345 1730 438 1796 initio
459 1734 600 1818 φυσικῆς
621 1729 827 1818 ἀκροάσεως.)
862 1734 922 1799 ¹At
943 1736 1108 1822 quomodo,
1131 1762 1262 1827 percon·

94 1846 185 1902 tetur
199 1835 324 1921 aliquis,
340 1834 521 1900 ostendetur
535 1836 653 1901 veritas
666 1837 863 1903 axiomatum
878 1838 1175 1909 Geometricorum?
1199 1843 1263 1911 Per

95 1939 172 2019 aha,
191 1938 396 2026 respondebo,
413 1937 605 2023 simpliciora
619 1940 836 2026 pronunciata,
853 1940 880 2005 si
900 1964 964 2028 qua
982 1955 1064 2025 sunt,
1088 1968 1129 2010 ex
1150 1946 1260 2015 altiore

95 2042 239 2128 quadam
259 2053 291 2107 et
309 2042 534 2108 universaliora
553 2042 694 2121 scientia,
715 2042 865 2108 nimirum
886 2068 903 2110 e
923 2046 1026 2133 prima
1046 2046 1258 2136 philosophia

97 2145 327 2235 depromenda;
352 2148 382 2230 (e
396 2145 500 2233 primt
520 2146 732 2234 philosophit,
755 2170 827 2233 quae
849 2148 988 2215 maxime
1008 2152 1202 2237 generalium
1223 2177 1260 2221 ao

97 2248 296 2336 simplicium
317 2248 480 2313 notionum
497 2248 665 2315 thesaurus
678 2258 727 2314 est
745 2261 800 2315 aut
818 2273 886 2317 esse
905 2250 1008 2332 debet,
1031 2252 1259 2342 Aristotelique

96 2350 233 2438 proinde
249 2350 430 2417 nominatur
448 2348 544 2437 κνρίο
558 2348 691 2415 πάντων
704 2349 903 2434 ἐντιστήμνγιε
926 2350 1049 2434 Proclo,
1066 2354 1125 2437 μία
1140 2353 1260 2421 ἀνυπό-

98 2455 190 2524 deror
212 2451 401 2538 (ἐπιστήμη)
420 2450 498 2540 πορ’
521 2450 559 2535 ἧς
573 2450 610 2518 οἱ
622 2452 725 2518 ἄλλοι
743 2452 961 2541 ἀποδέχονται
979 2454 1038 2526 τάς
1057 2454 1186 2545 ἀρχάν)
1209 2458 1259 2523 sin

97 2558 189 2623 nulla
209 2566 412 2643 compareant
432 2555 517 2635 talia,
538 2578 595 2642 per
614 2556 813 2622 definitiones
835 2558 1049 2638 terminorum,
1070 2560 1188 2645 quibus
1210 2560 1259 2648 ip-

98 2683 171 2725 sum
191 2668 334 2739 constat3
359 2670 397 2725 ut
416 2658 518 2746 siquis
536 2659 681 2746 ambigat
699 2659 738 2726 de
757 2682 805 2740 eo,
827 2682 869 2723 an
891 2658 1010 2725 Totum
1028 2673 1116 2748 parte
1138 2668 1196 2727 sua
1218 2663 1259 2728 sit

98 2766 222 2852 majus;
238 2763 267 2828 si
281 2762 405 2829 nullum
419 2762 592 2850 reperiatur
605 2763 640 2827 in
653 2762 882 2851 metaphysicis
893 2762 1054 2829 theorema
1065 2764 1116 2831 vel
1130 2766 1258 2833 axioma

98 2868 224 2947 certius,
247 2866 435 2947 evidentius,
459 2866 635 2953 simplicius
660 2865 731 2946 isto,
754 2888 811 2954 per
831 2866 918 2953 quod
939 2865 1130 2946 ostendatur,
1153 2890 1257 2934 recur-

98 2971 232 3037 rendum
247 2979 296 3036 est
315 2970 356 3034 ad
375 2969 573 3035 definitiones
593 2971 695 3049 totius,
716 2978 749 3035 et
762 2971 884 3057 portas,
895 2970 1026 3057 majorca
1046 2994 1082 3035 ac
1101 2970 1234 3038 minoris
1239 2998 1256 3054 ,-

99 3073 252 3161 equibus
271 3084 355 3138 reete
373 3070 484 3159 positis
503 3070 592 3136 haud
613 3070 739 3135 difficile
760 3070 855 3136 fuerit
876 3070 956 3136 illud
977 3071 1104 3137 axioma
1126 3072 1255 3139 damon·

99 3188 206 3243 strare.
252 3173 435 3260 Pariterque
450 3196 484 3239 se
496 3197 548 3239 res
562 3174 660 3239 habet
673 3174 707 3238 in
722 3174 862 3260 reliquis.

161 3277 263 3343 Haud
280 3276 419 3344 absimili
438 3276 559 3342 ratione
576 3276 686 3363 liquet,
701 3277 787 3363 quod
805 3275 845 3341 ad
863 3276 1089 3365 principiorum
1108 3288 1254 3345 naturam

99 3404 161 3447 non
182 3380 328 3447 absolute
348 3379 484 3467 pertinet
504 3389 560 3444 aut
580 3379 758 3466 requiritur,
779 3390 816 3445 ut
837 3378 907 3467 ipsa
928 3380 993 3445 siut
1014 3403 1055 3445 ex
1077 3402 1121 3460 se,
1140 3380 1191 3445 vel
1214 3380 1254 3445 ad

99 3508 223 3551 omnem
237 3483 420 3550 immediate
434 3491 563 3570 captum
577 3482 738 3548 evidenter
751 3506 836 3561 vera,
853 3481 910 3548 sed
923 3482 1079 3547 duntaxat
1093 3491 1129 3547 ut
1144 3482 1182 3563 ei,
1198 3485 1254 3570 qui

100 3587 140 3651 ad
157 3585 358 3653 ediscendam
376 3585 595 3675 particularem
613 3586 718 3666 istam,
734 3586 786 3651 cui
801 3586 887 3651 dieta
903 3584 1059 3673 principia
1072 3584 1254 3651 deserviunt

101 3686 270 3769 seientiam,
286 3699 451 3777 promptus
465 3698 498 3754 et
518 3699 646 3774 paratus
670 3688 743 3773 (hoe
764 3698 813 3754 est
835 3689 941 3754 animo
964 3687 1136 3769 surdiosus,
1148 3687 1253 3754 indole

101 3790 225 3877 habilis)
247 3791 377 3873 accedit,
397 3791 659 3889 manifestavere
676 3791 855 3873 videantur,
879 3803 911 3858 et
930 3800 1006 3879 apta
1027 3798 1102 3855 nata
1121 3800 1255 3857 consend

568 3958 579 3990 1
596 3958 672 4008 Anci.
686 3958 751 4009 Post.
765 3972 783 4008 1.
797 3974 821 4027 9.

149 4263 332 4323 Geometrical
348 4265 487 4321 theorema
504 4282 552 4321 are
569 4265 716 4339 principles
731 4265 799 4322 aith
817 4262 917 4335 regard
928 4266 958 4318 to
971 4260 1075 4333 Optics,
1088 4260 1251 4332 Mechauics,

104 4348 275 4423 naamamy:
292 4351 409 4407 andare
420 4354 451 4406 to
461 4350 498 4406 be
508 4352 615 4422 proved
626 4352 697 4407 from
709 4350 876 4407 definitions.

147 4436 329 4495 Geomcuical
348 4437 496 4509 principles
515 4437 628 4494 crident
645 4442 677 4493 to
696 4440 853 4507 geometars
871 4434 977 4504 though
1000 4435 1050 4487 not
1072 4434 1103 4487 to
1125 4433 1252 4502 ignorant

102 4532 212 4585 lima
