3167 5192
327 345 393 412 360
663 355 850 407 maurosus
872 353 1146 404 auresaures.
1277 334 1381 420 [incr.
1395 349 1472 400 anu.

326 528 518 598 multifarias
538 526 706 595 methodos
728 526 854 593 infinita
878 537 997 615 puncta
1017 523 1239 612 designandi)
1264 542 1398 608 eumque
1415 541 1474 608 prs·

326 635 430 700 siones
446 621 628 698 innumeras
643 630 808 698 obtineant
827 629 939 696 intime
958 629 1021 695 sibi
1038 649 1211 707 connexas,
1229 635 1265 693 et
1285 648 1327 690 ex
1343 633 1425 711 parte
1439 622 1475 686 rei

326 759 416 824 arque
439 735 568 823 primas,
593 755 746 820 aequeque
767 733 860 799 claris
882 731 1114 820 hypothesibus
1135 729 1310 808 subnixas,
1333 737 1475 814 eapropter

325 839 470 926 pluribus
492 837 595 904 modis
617 837 741 903 definiri
762 846 895 925 possunt
917 847 949 902 et
970 835 1093 917 solent,
1115 834 1196 900 adeo
1221 831 1355 920 quidem
1375 839 1409 894 ut
1427 850 1474 914 ego

325 941 447 1006 nullam
468 964 509 1007 ex
529 941 569 1006 iis
588 941 792 1027 rejiciendam
813 939 954 1021 arbitror,
975 939 1123 1027 quamvis
1141 943 1212 1004 una
1231 935 1349 1024 qudvis
1368 931 1474 1010 selecta

325 1067 384 1110 ceu
397 1044 510 1132 primt,
525 1043 717 1130 reliquarum
732 1066 774 1109 ex
789 1049 828 1110 ea
842 1042 1047 1132 proprietates
1063 1051 1299 1112 consectentur,
1315 1047 1348 1103 et
1363 1033 1474 1124 proinde

325 1145 585 1212 demonstrabiles
601 1145 675 1212 sint.

390 1246 446 1314 Ex
460 1270 524 1335 quo
538 1247 638 1334 liquet
652 1247 754 1313 obiter
767 1246 884 1312 falsum
899 1269 977 1328 esse,
993 1269 1056 1334 quo
1074 1245 1254 1334 prasertim
1270 1243 1332 1308 niti
1346 1240 1476 1306 ridentur

324 1349 506 1430 adversarii,
516 1349 758 1437 pronunciatum
772 1349 855 1415 illud
869 1373 926 1415 seu
939 1350 1093 1438 placitum
1108 1346 1299 1414 Aristotelis
1314 1345 1349 1409 in
1363 1339 1475 1429 Topicis

325 1452 485 1534 traditum,
502 1452 642 1523 Πλείους
656 1451 714 1518 οὐκ
731 1451 894 1540 ἐνδέχεται
907 1455 965 1518 τοῦ
979 1451 1078 1518 αὐτοῦ
1093 1449 1250 1540 ὁρισμοὺς
1273 1447 1366 1516 εἶναιι
1391 1444 1478 1530 (Fr'eri

324 1557 439 1643 aequit,
460 1571 495 1622 at
513 1557 649 1644 ejusdem
667 1557 718 1622 rei
729 1556 839 1644 pluras
858 1558 923 1622 siat
939 1557 1156 1642 definitrbaea).
1202 1555 1279 1620 Imo
1294 1549 1362 1617 fieri
1376 1555 1473 1636 potest,

324 1670 362 1724 ut
376 1659 479 1748 reipst
492 1660 646 1747 pluscula
666 1660 739 1740 sint,
757 1669 806 1724 tot
825 1681 939 1747 nempe
959 1661 1004 1726 rei
1024 1660 1165 1747 cujusvis
1183 1657 1397 1731 definitiones,
1411 1660 1475 1738 quot

324 1762 395 1850 ipsa
409 1764 615 1851 proprietates
629 1763 802 1851 reciprocas
820 1762 927 1844 habet,
943 1762 1065 1851 liquido
1086 1764 1178 1828 nobis
1196 1759 1363 1848 expositas
1381 1765 1412 1821 et
1428 1775 1473 1838 ap

323 1876 480 1952 parentes.

389 1966 495 2054 Igitur
515 1968 726 2054 nequicquam
748 1968 790 2033 D.
810 1966 959 2034 Hobbius
981 1967 1158 2034 definitioni
1181 1975 1300 2033 nostrae
1322 1967 1469 2048 repugnat·

322 2069 477 2169 Recitabo
486 2079 610 2134 tantum
619 2070 781 2156 quaeciroa
790 2070 1005 2136 definitionem
1015 2067 1367 2159 hancinopereprofert
1374 2062 1470 2128 Arith-

323 2171 437 2238 metieo
452 2173 503 2237 vir
516 2172 709 2238 clarissimus
724 2184 757 2238 et
771 2174 1002 2240 eruditissimus
1018 2175 1134 2262 partim
1153 2175 1182 2241 ei
1202 2171 1354 2249 faventia,
1369 2165 1468 2256 partim

323 2275 540 2355 adversantia3
563 2275 629 2339 Noa
648 2275 715 2360 (ait)
734 2277 814 2340 hanc
829 2277 1045 2362 definitionem,
1061 2279 1203 2364 quamvis
1224 2299 1333 2343 raam
1351 2267 1466 2360 quidem,
1542 2289 1543 2334 ι

322 2391 351 2443 et
364 2379 509 2445 Eaclilrh
527 2381 606 2445 satia
626 2380 861 2460 aecmnrwdara,
877 2382 912 2446 irc
932 2383 1047 2447 nostris
1065 2379 1376 2446 demonstrationibus
1392 2373 1465 2438 ortil-

323 2481 445 2546 terrdcm
460 2482 618 2563 duximus,
634 2507 729 2568 acque
743 2483 856 2548 adhoc
870 2482 1031 2571 κριτήριον
1042 2483 1300 2572 proportionalia
1320 2495 1465 2544 accommo-

320 2585 440 2649 demus.
469 2585 591 2673 Quippe
605 2584 878 2672 quodpcrpleaiaa
889 2587 1021 2666 videtur,
1033 2611 1087 2652 acc
1102 2586 1177 2652 αάο
1183 2589 1312 2672 forsan,
1326 2573 1463 2667 tyronibus

314 2689 502 2774 prasertim,
510 2690 725 2790 perspr'euarp.
748 2689 814 2754 Nec
824 2688 950 2774 quidem
966 2701 1027 2754 tarn
1036 2689 1323 2778 proportrhrzaliam
1337 2695 1461 2750 marram

321 2791 497 2856 immediate
511 2795 647 2880 respicit,
663 2817 758 2880 qaam
777 2792 941 2858 eorundem
964 2791 1149 2878 affectabaem
1172 2794 1315 2881 alr’qaam
1335 2787 1407 2854 eatr't
1424 2803 1461 2844 rt·
1541 2835 1542 2854 r

321 2893 463 2957 nectarc'.
508 2894 588 2959 Haec
610 2896 673 2976 ille,
695 2896 814 2982 quibus
833 2895 920 2960 haud
942 2897 1125 2962 abludentis
1147 2919 1221 2962 cum
1246 2895 1377 2962 antehac
1398 2883 1460 2952 tofis

321 2995 535 3082 expenderim,
548 3021 651 3064 causae
665 2999 749 3064 nihil
764 3011 812 3064 est
826 3020 881 3063 eur
896 2999 936 3064 iis
951 2999 1099 3065 immorer
1112 3000 1250 3088 amplius
1267 2989 1459 3064 discutiendis·

386 3098 441 3163 Ad
454 3099 579 3165 triarios
593 3101 662 3186 jam
677 3102 850 3169 deventum
867 3112 924 3184 est,
944 3103 984 3168 ad
1000 3103 1104 3192 ipsum
1124 3104 1217 3170 illum
1235 3097 1456 3170 subtilissimum

321 3201 495 3282 Borellum,
511 3203 727 3270 adversarium
742 3207 939 3286 acerrimum,
955 3207 1073 3294 quique
1087 3229 1152 3293 prae
1169 3207 1302 3296 reliquis
1320 3204 1377 3269 hoc
1392 3217 1457 3284 prt-
1540 3283 1541 3292 ἵ

321 3305 403 3371 stitit
421 3305 595 3392 egregium,
616 3315 653 3371 ut
670 3330 787 3373 noram
808 3308 1108 3396 proportionalitatis
1126 3308 1312 3390 doctrinam,
1331 3297 1454 3390 equidem

321 3409 484 3498 pulchram
502 3421 533 3475 et
551 3409 695 3491 solidam,
716 3421 855 3477 attamen
881 3411 1042 3478 Euclidem
1059 3412 1196 3480 'minime
1222 3417 1306 3481 sicut
1329 3403 1455 3478 exhtimo

321 3513 442 3580 cunctis
464 3514 613 3600 expensis
635 3513 879 3594 anteferendam,
903 3538 920 3580 c
943 3521 1001 3579 sut
1025 3537 1110 3603 penu
1133 3518 1310 3603 protulerit.
1355 3508 1451 3574 Verum
1540 3503 1541 3538 ¹

319 3640 378 3683 nec
406 3618 440 3682 in
470 3617 541 3704 ejus
566 3617 780 3705 disputatione
807 3617 915 3683 sedulo
940 3628 1140 3705 perscrutans
1171 3621 1279 3686 omnia
1307 3615 1451 3707 quiequam

319 3721 440 3807 reperio
462 3721 615 3806 gravioris
637 3721 799 3801 momenti,
819 3719 995 3786 definitioni
1017 3731 1131 3786 nostrae
1154 3715 1449 3809 derogassemus
1539 3725 1540 3748 ¹

492 3841 503 3874 ¹
522 3842 604 3905 Topic.
615 3853 652 3890 vt.
667 3853 689 3903 5.
926 3837 937 3866 ²
953 3841 1061 3906 [Wallis.
1074 3841 1172 3906 Arist]
1184 3859 1238 3920 cap:
1253 3860 1293 3908 35.
1461 3869 1475 3900 ο

937 4001 1053 4009 ..η-..-

373 4105 530 4162 Aristotlets
545 4109 646 4163 marim
658 4108 721 4164 that
733 4109 815 4165 there
826 4113 925 4165 cannot
941 4108 976 4165 be
993 4109 1097 4165 several
1113 4109 1270 4166 definitione
1286 4109 1317 4164 of
1330 4105 1372 4162 tlte
1386 4105 1446 4150 ml
1538 4089 1539 4098 ἵ

319 4187 405 4258 thing,
417 4191 442 4244 is
456 4191 532 4245 false.

370 4273 490 4328 Wallis’s
507 4277 624 4332 remark

370 4359 495 4415 Borelli’s
512 4376 572 4415 new
589 4362 715 4419 doctrino
732 4364 763 4418 of
776 4366 952 4436 proportior:
1538 4346 1539 4434 l

373 4444 431 4501 Not
447 4445 601 4516 preferable
618 4450 649 4502 to
667 4448 792 4505 Euclid's
1538 4437 1539 4458 i
