3167 5192
138 395 235 446 recu.
250 379 288 464 1.]
447 395 634 446 muneras
655 395 896 447 annumerem.
1136 381 1198 449 171

138 589 263 632 autumo
290 565 402 632 eadem
431 565 618 654 compendio
648 567 862 634 demonstrare
890 566 1015 655 poterit,
1053 566 1199 656 quisquis

138 668 397 756 contemplationi
411 690 477 734 suae
492 670 635 756 subjecta
649 670 866 758 cujuscunque
884 670 1008 758 generis
1023 681 1142 758 quanta
1157 671 1198 738 ad

137 771 320 858 analogicae
333 771 571 858 magnitudines
586 773 646 838 rite
661 795 862 861 congrueque
875 773 966 840 norit
979 774 1131 862 redigere.

204 872 298 952 Quod
305 873 333 938 si
344 895 436 961 porro
445 873 622 940 velocitatis
631 875 747 962 gradm
756 875 906 942 continuo
911 899 971 972 per
980 877 1106 963 singula
1118 887 1198 944 tem·

136 975 223 1063 poris
234 977 388 1042 instantia
398 989 617 1064 supponantur
627 978 792 1066 aqualiter
802 979 963 1066 adaugeri,
975 980 1028 1046 vel
1038 980 1195 1063 imminui,

137 1099 158 1144 a
172 1079 274 1166 gradu
283 1080 425 1160 minimo,
439 1102 496 1146 sen
507 1082 622 1167 quiete,
635 1081 801 1147 definitum
813 1081 853 1148 ad
863 1082 1039 1149 velocitatis
1050 1084 1195 1171 gradum,

136 1185 190 1252 vel
205 1209 225 1250 a
238 1186 368 1252 definito
382 1185 440 1251 tali
455 1187 556 1272 gradu
570 1186 612 1253 ad
626 1187 783 1274 quietem3
803 1188 960 1254 consimili
975 1199 1069 1276 pacto
1082 1190 1197 1276 poterit

138 1299 312 1376 aggregata
335 1288 487 1356 velocitas
511 1297 579 1376 per'
593 1290 740 1376 quamvis
756 1277 966 1378 'superficiem
990 1292 1153 1380 aeqnaliter
1177 1317 1199 1358 a

137 1401 255 1479 puncto
281 1402 472 1458 crescentem
494 1391 535 1456 ad
557 1390 721 1458 delinitam
742 1392 964 1479 magnitudine
984 1392 1121 1475 liueam;
1144 1394 1197 1461 vel

137 1493 248 1560 eodem
263 1493 443 1580 retrograde
463 1515 561 1581 passu
579 1493 820 1574 decrescentem,
840 1493 1003 1575 exhiberi3
1027 1495 1197 1583 simplicis·

137 1597 218 1662 sime
235 1619 322 1676 vero,
341 1605 374 1660 et
394 1595 514 1682 optime
530 1617 588 1682 per
606 1595 801 1682 triangulum
823 1595 1038 1676 rectilineum,
1061 1608 1098 1663 ut
1118 1608 1198 1686 puta

137 1721 194 1786 per
218 1697 414 1788 triangulum
439 1699 547 1779 AEY,
570 1699 605 1764 in
635 1722 698 1787 quo
720 1720 791 1765 crus
813 1700 883 1765 ΑΕ
900 1711 1026 1788 tempus
1048 1701 1196 1783 denotat3

137 1803 269 1889 ejusque
290 1801 417 1889 ptructis
434 1801 601 1890 applicatae
623 1802 716 1869 lineae
737 1802 897 1890 parallelae
918 1803 995 1885 BY,
1024 1803 1053 1870 0
1058 1805 1094 1886 Y,
1117 1805 1196 1888 DY,
1211 1820 1267 1886 Εἲς.
1283 1834 1305 1874 ι.

137 1905 210 1970 EY
236 1905 354 1993 gradus
382 1905 561 1972 velocitatis
590 1906 728 1993 singulis
761 1906 957 1972 instantibus
992 1929 1148 1995 congmos
1179 1933 1198 1974 a

137 2017 256 2096 puncto
275 2009 308 2072 A
334 2007 432 2096 (quod
454 2007 603 2095 quietem,
626 2009 679 2075 rel
701 2009 844 2074 infimam
866 2009 1067 2076 velocitatem
1090 2011 1195 2097 refert)

138 2112 179 2177 ad
207 2111 374 2178 definitum
404 2111 539 2198 gradum
565 2112 650 2177 linet
677 2115 821 2178 maximt
843 2115 914 2178 EY
937 2125 1197 2202 repraesentatum

138 2215 302 2302 acqualiter
314 2216 539 2295 increscentes;
563 2215 615 2282 vel
631 2216 671 2281 ab
685 2216 795 2283 eadem
811 2217 846 2280 Ε
850 2217 883 2280 Υ
891 2227 974 2283 retro
989 2218 1030 2282 ad
1044 2229 1198 2305 puuctum

137 2321 170 2383 A
190 2319 308 2406 qnietis
322 2319 615 2406 repraesentativum
638 2319 841 2386 declinantes.
888 2319 953 2388 Sed
975 2330 1008 2385 et
1028 2324 1097 2408 pari
1115 2324 1197 2410 jure,

137 2442 200 2508 quo
214 2420 313 2508 prius,
328 2421 454 2506 trigona
464 2421 573 2500 ABY,
585 2421 654 2486 Ao
659 2422 695 2501 Y,
711 2422 824 2502 ADY,
839 2422 945 2487 AEY
953 2445 1010 2510 per
1023 2425 1200 2510 respectiva

137 2524 179 2587 ab
192 2523 286 2588 initio
299 2532 441 2610 tempora
456 2523 596 2589 decursis
611 2523 722 2611 spatiis
736 2524 999 2610 repraesentandis
1015 2525 1198 2594 inservient.

138 2623 184 2688 Et
200 2635 436 2711 consequenter,
457 2625 485 2690 si
503 2625 656 2690 velocitas
676 2625 841 2713 aequaliter
862 2626 1026 2692 adefiuito
1042 2628 1143 2714 gradu
1158 2627 1199 2694 ad

137 2725 273 2813 gradum
291 2727 457 2793 definitum
480 2737 677 2814 supponatur
696 2729 816 2815 angeri,
839 2729 893 2796 vel
915 2729 1061 2812 diminui,
1084 2753 1198 2818 reprae-

138 2830 315 2896 sentabitur
343 2840 410 2896 tarn
435 2840 610 2918 aggregata
633 2831 795 2912 velocitas,
818 2855 915 2922 qnam
938 2833 1076 2919 spatium
1099 2833 1129 2898 ei
1150 2857 1199 2899 re-

137 2935 296 3020 spondens
310 2957 331 2999 a
343 2935 446 3020 fignrt
460 2934 681 3021 quadrangula
696 2934 862 3023 Trapezit,
877 2933 983 3022 qualis
997 2945 1046 3001 cst
1062 2935 1198 3018 GYYE',

137 3037 171 3102 in
186 3036 291 3123 figure
303 3039 393 3126 prins
408 3037 564 3103 adhibita.

203 3141 299 3222 Hine,
323 3163 388 3207 nou
417 3163 508 3207 secus
537 3163 632 3229 quarn
658 3140 694 3206 iu
722 3139 984 3230 precedentibus,
1015 3139 1199 3228 hujusmodi

136 3239 243 3308 motus
260 3245 368 3330 (quern
383 3242 581 3309 uniformiter
595 3243 804 3309 acceleratum
815 3243 943 3309 nomine
958 3265 1110 3331 perquam
1125 3252 1199 3330 apto

144 3345 299 3410 Golilaeas
315 3345 524 3431 nuncupavit)
543 3344 724 3409 affectiones
739 3366 849 3409 omnes
866 3344 1033 3432 praecipuae
1048 3345 1200 3412 facillime

138 3448 421 3536 deprehendentur,
442 3458 538 3534 atque
560 3447 879 3527 demonstrabuntur3
904 3447 1082 3532 cujusmodi
1104 3459 1197 3513 sunt:

137 3549 233 3630 Quod
247 3550 362 3637 aequali
374 3561 513 3637 tempore
525 3549 708 3614 conficietur
723 3549 845 3636 aequale
857 3549 995 3636 spatium
1007 3571 1063 3638 per
1077 3561 1200 3616 motum

137 3675 158 3717 a
171 3653 278 3740 quiete
300 3653 499 3719 uniformiter
512 3653 730 3732 acceleratum,
746 3675 784 3718 ac
798 3673 855 3738 per
869 3651 974 3739 ipsum
990 3663 1111 3716 motum
1127 3653 1200 3718 uni-

136 3754 278 3835 formem,
291 3755 385 3820 modo
396 3753 548 3820 velocitas
559 3753 655 3841 hujus
666 3753 828 3840 subdupla
843 3753 885 3818 sit
900 3751 1087 3830 velocitatis,
1103 3776 1199 3839 quam

137 3857 193 3923 ille
203 3857 378 3922 maximam
390 3857 496 3923 habet.
534 3855 627 3935 Quod
639 3857 744 3943 spatia
754 3865 844 3921 motu
856 3879 875 3921 a
886 3855 993 3943 quiete
1003 3855 1202 3922 uniformiter

137 3957 310 4026 accelerato
326 3969 465 4048 peracta,
480 3981 549 4025 sese
567 3958 688 4024 habent
701 3969 739 4023 ut
759 3959 924 4039 Qrmdrotu
944 3969 1114 4046 temporum
1137 3957 1202 4043 (rel

138 4064 173 4129 in
187 4062 349 4152 duplicata
363 4073 541 4150 temporum
552 4059 780 4150 proportione).
818 4059 864 4126 Et
875 4060 1017 4125 diversos
1032 4059 1093 4126 hoc
1106 4060 1201 4127 modo

138 4167 326 4234 acceleratus
354 4177 460 4232 motus
489 4163 720 4253 comparando:
760 4161 856 4242 Quod
884 4163 925 4229 ab
952 4162 1018 4228 illis
1043 4173 1203 4230 mansueta

137 4269 242 4357 spatia
255 4269 396 4335 habeant
414 4269 568 4334 rationem
587 4267 802 4334 erationibus
822 4275 1010 4354 temporam,
1033 4275 1066 4333 et
1084 4265 1204 4335 veloci·

136 4383 241 4448 tatum
263 4371 497 4439 maximarum:
523 4373 570 4439 Et
591 4372 710 4439 similia
730 4373 810 4438 talia
830 4371 883 4438 vel
901 4370 952 4437 his
974 4395 1127 4454 connexa,
1150 4375 1203 4442 vel

138 4474 214 4542 inde
223 4475 458 4564 consequentia,
474 4498 547 4564 quae
559 4475 730 4563 triangulis
745 4475 940 4543 conveniunt
954 4475 1037 4542 inter
1051 4499 1085 4542 se
1100 4478 1204 4564 quoad
