3167 5192
135 373 232 424 nncr.
249 357 304 442 ra]
477 373 662 422 nacrronss
684 372 958 434 nsrnnnsrrcra
1257 357 1299 420 37

133 565 193 630 per
206 542 416 608 instrumenta
430 561 554 627 quoque
568 540 739 621 materiata,
756 540 932 608 dimetitur:
956 539 1006 608 Ut
1023 540 1139 627 (Procli
1153 540 1301 630 exempla

135 647 225 730 sunt)
240 668 299 734 pro
314 645 401 710 conis
417 666 543 710 acervos
556 643 592 709 in
606 667 739 710 acumen
754 656 963 731 assurgentes,
983 667 1041 732 pro
1063 644 1217 732 cylindris
1239 669 1298 734 pu·

135 761 224 828 tcos;
254 747 350 835 idque
378 771 434 836 per
462 747 626 828 lirniculos,
657 771 808 829 amusses,
837 749 1068 836 perpendicula
1117 749 1298 836 Logisticen

134 853 256 940 pariter
278 853 320 918 ab
342 851 552 918 Arithmetica
577 866 783 932 secreverant,
809 864 917 940 utpote
940 876 1039 940 quum
1064 853 1132 918 haec
1155 875 1219 918 non
1242 855 1298 920 ab·

135 966 272 1020 stractos
293 977 441 1020 numeros
462 955 645 1036 consideret,
668 969 702 1022 at
723 958 816 1022 rebus
836 956 923 1044 ipsos
944 956 1079 1044 applicet
1100 979 1227 1022 sensum
1248 957 1299 1022 in-

135 1059 354 1137 currentrbns;
378 1068 414 1123 ut
433 1081 505 1124 cum
527 1058 600 1123 dato
620 1069 759 1145 tempore
779 1070 856 1145 quot
877 1059 928 1123 sui
947 1057 1055 1123 circuli
1074 1070 1178 1146 partes
1199 1059 1298 1146 sydus

135 1161 267 1248 aliquod
294 1172 442 1248 peragat3
473 1161 514 1226 ad
542 1160 732 1249 phalangem
758 1162 972 1228 instruendam
998 1174 1075 1248 quot
1102 1163 1299 1250 requirantur

135 1263 275 1344 milites;
297 1265 415 1352 quibus
429 1263 580 1350 impensis
595 1263 678 1329 aedes
698 1263 803 1330 extrui
823 1264 954 1352 possint,
969 1264 1160 1352 exploratur.
1204 1265 1297 1354 Opti·

134 1389 209 1434 oam
222 1388 324 1454 porro,
337 1364 527 1432 Geometriae
543 1364 681 1430 sobolem
700 1364 851 1449 (radioses
861 1365 979 1454 quippe
994 1366 1103 1448 bneas,
1114 1377 1146 1432 et
1161 1365 1299 1434 visuales

135 1469 273 1556 angulos
286 1470 327 1533 ab
340 1467 397 1534 illa
410 1469 618 1553 mutuantem)
633 1469 667 1532 in
681 1479 745 1534 tres
759 1469 941 1539 diffidenmt
954 1470 1105 1536 surculos.
1149 1469 1298 1558 Opticam

134 1572 398 1663 proprie'dietam,
407 1573 641 1660 (Adtpeotc'oam
651 1573 769 1638 dixeris
780 1573 867 1644 haud
877 1574 1085 1657 inconcinne)
1100 1597 1172 1660 quae
1181 1575 1297 1644 directo

135 1676 251 1740 obtutu
272 1673 531 1761 adspectabilium
553 1674 688 1739 rationes
714 1675 851 1755 evolvit;
875 1678 924 1760 (ut
947 1677 1150 1763 quamobrem
1171 1676 1298 1764 longius

134 1773 338 1845 excurrentes
359 1777 516 1865 parallelae
538 1777 629 1844 lineae
648 1777 822 1844 coincidere
844 1779 1019 1860 videantur,
1034 1792 1066 1846 et
1087 1805 1143 1846 cur
1164 1782 1297 1868 quadra-

135 1894 244 1948 tnme
268 1880 442 1966 longinquo
463 1889 636 1966 spectatum
659 1879 767 1946 circuli
789 1881 924 1966 speciem
946 1883 1115 1967 ostentet):
1138 1882 1297 1973 (latoptri-

134 2007 218 2063 cam,
236 2007 309 2070 quaa
328 2006 369 2049 ex
389 1983 486 2048 radiis
507 1984 547 2048 ab
569 2005 666 2070 opaco
689 2006 816 2069 corpore
838 1985 1035 2072 repercussis,
1051 1985 1103 2052 vel
1124 1986 1158 2050 in
1180 1987 1297 2054 diversi

134 2085 287 2174 pellucidi
301 2085 397 2150 medii
419 2086 553 2152 transitu
572 2085 702 2152 detortis
723 2086 909 2153 resultantes
926 2090 1124 2176 apparentiae
1142 2104 1298 2160 scrutatur

137 2189 366 2278 (Catoptricam
384 2211 498 2276 nempe
519 2189 613 2254 latius
636 2190 804 2278 accipiunt,
820 2203 856 2258 ut
876 2216 946 2258 eam
967 2216 1103 2281 qnoque,
1119 2218 1190 2282 quse
1211 2219 1298 2264 nunc

133 2294 251 2358 dicitur
279 2291 494 2370 communiter,
526 2289 719 2378 Dioptricam
749 2294 1003 2380 comprehendat,
1028 2296 1115 2362 aliud
1145 2300 1296 2386 quiddam

134 2396 309 2483 Dioptricse
332 2394 485 2460 vocabulo
508 2393 718 2481 designantes,
737 2407 774 2462 ut
794 2419 872 2462 mox
892 2398 1104 2484 ridebimus):
1130 2401 1183 2482 Et,
1208 2403 1297 2470 Scio-

133 2498 309 2586 graphicen
330 2497 574 2585 (Perspectivam
595 2497 697 2578 hodie,
712 2512 745 2564 et
763 2497 1042 2587 Scenograpbiam,
1060 2526 1119 2569 nec
1135 2528 1199 2569 non
1219 2505 1297 2572 Pro-

130 2603 299 2690 jacturam,
318 2611 350 2666 et
367 2599 599 2687 Projectionum
620 2614 718 2668 artem
740 2601 952 2690 appellitant),
970 2627 1042 2691 quae
1059 2607 1100 2670 ab
1116 2609 1297 2694 aspectabili

134 2705 252 2793 quovis
269 2705 454 2770 emissorum
471 2704 629 2770 radiorum
646 2705 787 2792 qualibet
807 2706 929 2792 objecta
947 2709 1111 2794 superficie
1127 2710 1299 2800 intercepta

135 2807 273 2893 vestigia
295 2796 464 2886 delineans,
487 2807 555 2892 ejus
577 2806 723 2893 figuram,
738 2807 936 2894 positionem,
959 2809 1150 2894 distantiam,
1172 2826 1204 2880 et
1224 2816 1296 2882 reli.

135 2931 218 2996 quas
240 2909 489 2974 circumstantias
511 2930 649 2994 congrue
671 2909 883 2996 concinneque
903 2925 1112 2998 representat.
1158 2915 1296 2985 Canoni-

135 3037 207 3080 oam
222 3014 366 3101 proxime
390 3012 461 3098 (boc
482 3025 531 3078 est
554 3011 780 3080 Harmonicam
806 3013 860 3079 vel
881 3015 1050 3102 Musieam)
1075 3038 1297 3112 nuncuparunt

136 3117 227 3184 illam
242 3116 450 3204 disciplinam,
466 3139 538 3203 quae
554 3127 761 3182 concentuum
781 3129 966 3205 apparentes
984 3123 1119 3192 rationes
1134 3126 1295 3214 dijudicat,

135 3233 169 3287 et
184 3219 324 3286 Canonis
350 3217 423 3302 (hoc
442 3229 490 3284 est
512 3217 630 3304 regulae
657 3219 790 3304 sonorae)
820 3221 956 3288 secdone
978 3224 1148 3310 dimetitur,
1172 3233 1295 3300 aurium

136 3323 233 3389 etiam
248 3321 368 3386 adscito
382 3321 542 3406 suffragio
577 3319 771 3394 Machanicae
786 3345 871 3403 vero,
886 3324 979 3391 molis
994 3351 1147 3416 corporea
1162 3335 1295 3421 pondus,

135 3439 168 3494 et
197 3423 372 3514 potentiam
396 3423 548 3488 motivam
578 3422 791 3514 perpendenti,
815 3425 917 3490 varias
938 3429 1057 3514 species
1078 3434 1294 3518 subjecerunt:

135 3525 462 3618 Ὀργιινοποιητικήν,
489 3548 560 3612 quae
586 3525 874 3608 instrumentorum,
900 3533 1073 3616 praesertim
1101 3537 1295 3622 militarium,

135 3633 290 3699 fabricam
307 3653 344 3696 ac
357 3652 453 3696 usum
467 3639 711 3705 commonstrat:
736 3632 1095 3719 Θαυμαστοπονητικὴν,
1113 3661 1185 3724 quae
1204 3642 1297 3728 spiri.

134 3747 229 3804 tuum
251 3734 384 3821 impetu,
408 3732 461 3798 rel
482 3731 657 3820 ponderum
679 3733 762 3814 nisu,
782 3735 836 3800 vel
858 3737 1002 3804 tensione
1022 3762 1193 3808 nervorum
1217 3746 1297 3829 (ani-

134 3837 236 3906 males
255 3836 393 3903 subinde
412 3844 518 3901 motns
537 3835 769 3920 emulantium)
790 3837 895 3904 multa
913 3849 1019 3927 patrat
1039 3842 1227 3912 admiranda
1243 3849 1296 3934 (ad

135 3965 233 4030 qnam
247 3939 383 4028 proinde
401 3939 578 4006 referuntur
593 3938 809 4021 Pneumatice,
826 3941 1033 4031 Isorrhopice,
1049 3944 1295 4039 Centrobaryce,

135 4045 446 4135 Automatopoetiee)
468 4053 510 4125 et,
529 4042 758 4130 Σφαιροποιία,
782 4045 936 4114 confectio
963 4049 1103 4138 Sphaerae
1122 4058 1296 4125 materialis

135 4152 277 4226 caelestes
292 4149 445 4216 circuitus
464 4145 656 4213 exhibentis.
701 4145 920 4234 Astrologiam
940 4151 1088 4242 denique,
1108 4182 1180 4245 quae
1200 4185 1295 4228 mun.

184 4309 264 4365 with
276 4308 463 4364 subdivisione
475 4308 506 4362 os
514 4307 595 4363 each:
612 4308 655 4362 for
667 4309 801 4378 example,

136 4396 369 4545 quptffito
385 4393 468 4465 opta
482 4409 592 4465 aanor,
611 4394 762 4464 Oasitae
778 4396 834 4452 mr
853 4395 1027 4468 summus
1044 4399 1107 4465 tuo
1124 4401 1250 4463 roceas
1268 4407 1300 4464 or

187 4499 353 4636 ienensi,
366 4567 425 4624 nro
437 4565 654 4640 orguopoeeaa
667 4567 835 4637 menatae
847 4569 893 4626 aa
