3167 5192
316 354 379 421 134
651 366 838 419 numianus
860 362 1133 415 narnuuarrca.
1297 348 1409 433 [naar.
1425 364 1473 413 rx.

314 561 380 607 non
393 559 492 603 unam
506 545 581 602 actu
590 535 708 601 lineam
723 534 971 617 interminatam,
982 534 1132 603 distincte
1140 534 1359 615 considerem
1377 534 1474 601 ntem

314 642 420 707 animo
435 639 699 728 comprehendere
718 662 784 703 non
803 660 981 726 possumus,
1002 661 1078 705 nam
1096 638 1212 705 iterum
1225 648 1310 705 recta
1322 637 1474 705 Philoso-

313 745 407 833 plius,
423 741 470 810 Τὸ
484 742 617 830 ἄπειρον
630 740 651 828 ᾖ
666 740 801 829 ἄπειρον
816 740 1009 823 ἄγνωστον,
1026 742 1264 829 Infinitumquo
1273 741 1336 809 tale
1351 742 1474 829 waeipi

314 848 511 935 cognoscique
530 847 647 931 ecqud.
694 844 831 930 (Eadem
850 867 900 911 res
920 854 970 911 est
990 845 1030 911 de
1049 844 1177 911 infinito
1196 842 1267 913 καθ’
1289 843 1472 931 amaea,

312 974 369 1038 per
388 948 630 1015 subductionem
650 956 707 1013 aut
726 947 980 1015 subdivisionem
1001 948 1179 1028 infinitam
1202 970 1266 1035 quo
1285 948 1334 1015 nil
1355 947 1474 1014 intelli·

313 1054 400 1139 gitur
414 1052 503 1118 alind
518 1074 614 1139 quam
633 1050 882 1118 subtractionem
901 1073 958 1117 seu
977 1051 1167 1117 divisionem
1182 1051 1224 1117 ad
1237 1050 1367 1143 libitum
1382 1072 1474 1137 poma

313 1154 500 1235 continuari,
529 1176 589 1219 nec
618 1153 660 1219 ad
684 1152 976 1240 impossibilitatem
1004 1151 1089 1217 ultra
1117 1151 1343 1240 progrediendi
1371 1152 1474 1239 redigi

313 1259 487 1345 negotium.
532 1258 583 1325 De
619 1266 753 1344 utroque
793 1255 932 1339 infinito)
971 1278 1096 1321 rursum
1132 1256 1253 1343 optime
1281 1255 1473 1321 Aristoteles

313 1364 353 1429 de
375 1360 611 1427 Mathematicis
636 1360 780 1447 loquens,
807 1357 894 1423 Οὐδὲ
920 1361 975 1424 νῦν
1001 1356 1126 1425 δέονται
1151 1361 1209 1423 τοῦ
1232 1356 1379 1445 ἀπείρου,
1403 1356 1474 1423 οὐδὲ

313 1470 466 1557 χρῶνται,
487 1461 578 1531 ἅλλὰ
597 1462 695 1547 μόνον
713 1460 796 1542 ὅσην
816 1458 856 1527 ἂν
871 1459 1060 1541 βούλωνται
1077 1460 1356 1548 πεπερασμίνην’·
1396 1462 1474 1549 Infl-

311 1574 383 1638 nitrt
396 1568 613 1659 magnitudine
627 1566 845 1632 Mathematici
856 1589 909 1633 ceo
923 1578 1010 1651 egent
1023 1588 1078 1633 aaa
1093 1578 1233 1645 atavam,
1253 1566 1309 1631 aad
1322 1580 1474 1651 quinum

315 1676 394 1741 lubet
413 1673 573 1759 accipiunt
597 1670 654 1734 ati
671 1666 827 1755 placuerit
851 1669 1061 1733 terminatam.
1105 1666 1231 1734 Revera
1244 1667 1321 1732 dum
1337 1665 1473 1735 Lineam

313 1776 519 1862 concipimus,
539 1771 655 1839 idoeam
674 1770 847 1836 formamus
868 1768 1196 1856 alicujus-exilissimi·
1212 1769 1304 1857 quasi
1322 1769 1373 1835 fili
1391 1770 1474 1837 inter

314 1880 394 1945 duos
409 1888 567 1943 extremos
581 1876 687 1962 apices
701 1872 842 1961 protensi
866 1872 989 1957 (saltem
1010 1872 1051 1937 ab
1070 1894 1135 1938 uno
1156 1872 1198 1939 ad
1211 1872 1354 1961 seipsum
1368 1896 1472 1941 recru-

313 1981 422 2059 rentis,
451 1989 489 2044 nt
517 1978 555 2042 fit
582 1978 617 2042 in
646 1976 739 2041 lineis
765 1976 872 2042 curvis
897 1974 1034 2061 figuram
1060 1974 1200 2062 aliquam
1229 1976 1470 2060 ambientibus).

314 2083 401 2148 Dum
418 2079 625 2167 Superficiem
639 2078 826 2163 cogitamus,
843 2077 982 2163 corporis
997 2076 1131 2163 alicujus
1147 2078 1366 2143 tenuissimam
1381 2078 1472 2166 quasi

314 2184 495 2264 cuticulam,
525 2192 581 2248 aut
615 2181 768 2246 laminam
798 2179 1027 2265 angentissimt
1055 2181 1199 2266 margine
1227 2182 1470 2269 circumseptam

313 2288 534 2374 imaginamur.
576 2286 664 2351 Dum
679 2282 829 2371 Corporis
844 2283 981 2369 effigiem
996 2283 1173 2371 phantasia
1187 2284 1344 2371 penecillo
1358 2285 1471 2373 depin-

314 2393 429 2480 gimus,
442 2391 559 2457 molem
573 2389 750 2478 plerunque
760 2386 921 2474 quandam
936 2408 1067 2472 opacam
1083 2385 1280 2453 strictissimo
1294 2388 1470 2455 rarissimo-

313 2519 376 2585 que
405 2496 476 2562 velo
504 2494 710 2580 undiquaque
738 2489 908 2555 obductam
938 2490 1030 2555 nobis
1060 2500 1330 2577 representamus.
1384 2490 1468 2557 Dum

312 2600 482 2688 Angulum
497 2597 706 2684 concipimus,
721 2594 862 2680 spatium
885 2592 1017 2679 aliquod
1041 2593 1319 2661 indeterminatum
1345 2594 1468 2661 duabus

313 2716 369 2770 aut
387 2705 534 2793 pluribus
553 2702 658 2781 lineis,
679 2697 732 2765 vel
752 2696 980 2786 superficiebus
1000 2696 1170 2779 inclusum,
1190 2699 1244 2765 vel
1263 2698 1388 2786 aliquid
1407 2699 1467 2765 tale

314 2806 520 2892 concipimus.

382 2905 452 2971 Nec
466 2927 556 2971 secus
572 2904 612 2971 de
631 2904 761 2990 quantis
779 2901 955 2990 analogicis
965 2928 974 2983 ;
997 2902 1074 2967 dum
1095 2902 1227 2969 Pondus
1248 2903 1370 2971 scilicet
1383 2903 1467 2991 cogi·

314 3019 430 3084 tamus,
455 3006 596 3093 aliquam
619 3006 797 3090 cogitamus
815 3004 989 3093 potentiam
1010 3004 1225 3091 magnitudini
1246 3005 1387 3093 cuipiam
1407 3016 1466 3073 ter·

314 3108 443 3174 minatae
460 3108 563 3192 (librae
577 3106 727 3173 videlicet
739 3108 807 3189 uni,
822 3108 876 3174 vel
890 3106 1048 3194 pluribus)
1066 3106 1228 3173 elevandis
1243 3130 1370 3195 param3
1394 3108 1465 3173 dum

313 3210 451 3290 Motum,
466 3210 604 3298 corporis
619 3210 754 3297 alicujus
770 3212 812 3277 ab
828 3210 889 3275 hoo
904 3210 945 3277 ad
961 3209 1052 3276 illum
1068 3210 1238 3277 terminum
1248 3210 1464 3277 transitionem

314 3312 544 3393 successivam
561 3313 637 3379 dum
653 3312 841 3392 Numerum,
852 3312 983 3377 unitatis
998 3312 1217 3399 repetitionem
1231 3312 1342 3401 aliqua
1355 3311 1466 3400 incipi·

312 3428 428 3498 entem,
451 3417 559 3505 alique
579 3417 793 3496 desinentem3
817 3415 870 3481 vel
890 3414 1126 3481 multitudinem
1145 3414 1270 3482 duabus
1290 3416 1463 3483 unitatibus

312 3521 474 3596 extremis,
484 3520 640 3586 inclusive
655 3518 801 3605 sumptis,
818 3516 1001 3582 definitam:
1021 3517 1074 3600 (ex
1089 3516 1181 3603 vulgi
1195 3518 1260 3585 fere
1271 3518 1383 3606 loquor
1396 3540 1463 3585 sen·

312 3626 422 3704 tentit,
444 3648 520 3689 nam
540 3628 650 3690 revera
670 3621 810 3687 unitates
832 3642 897 3685 non
922 3628 998 3685 sunt
1023 3622 1150 3686 termini
1172 3644 1385 3703 numerorum,
1406 3620 1462 3687 etsi

311 3728 463 3795 terminos
486 3726 550 3815 ipsi
575 3748 649 3791 suos
674 3724 804 3803 habent,
832 3722 959 3789 eosdem
984 3744 1098 3811 nempe
1123 3746 1203 3812 quos
1230 3725 1461 3813 magnitudines

311 3854 391 3919 quas
405 3828 658 3918 repraesentant).
1305 3826 1309 3837 '

375 3933 491 4001 Omnis
509 3933 608 4019 igitur
622 3955 642 3995 a
655 3928 749 3996 nobis
764 3926 916 3994 distincta
929 3928 1051 3995 ratione
1066 3930 1285 4019 conceptibilis
1304 3930 1461 4019 quantitas

310 4046 359 4101 est
380 4035 599 4123 aliquomodo
617 4033 795 4113 terminata,
819 4042 1038 4120 quatenusque
1057 4032 1131 4101 talis
1155 4034 1227 4121 (hoc
1248 4044 1297 4101 est
1317 4034 1374 4101 illa
1393 4033 1461 4121 ipsa

1062 4151 1075 4184 ¹
1091 4154 1168 4217 Pipa.
1181 4168 1222 4206 111.
1238 4168 1259 4217 7.

758 4252 828 4260 ἡ...
834 4254 1069 4261 ,Ἣ--ι-

363 4291 398 4345 In
408 4290 568 4361 conceiving
577 4291 754 4360 geometrioal
766 4294 917 4365 quantities
928 4312 970 4349 we
981 4296 1106 4352 conceive
1118 4296 1193 4352 their
1204 4294 1385 4353 boundarios:

363 4376 406 4431 As
424 4392 442 4430 a
461 4376 538 4444 Line,
556 4392 574 4430 a
592 4376 712 4446 Surfaca,
733 4394 751 4433 a
769 4380 856 4450 Bady,
875 4398 911 4437 an
931 4382 1028 4451 Angla

361 4461 399 4517 So
416 4464 465 4517 too
483 4477 501 4517 a
520 4460 640 4531 Waigbt
661 4478 680 4517 a
697 4463 812 4535 Mation,
831 4481 849 4521 a
868 4464 1001 4523 Number.
