3167 5192
311 362 376 431 336
656 380 843 432 nnc-rreum
865 380 1137 431 nummariam
1265 360 1381 450 [Lacr.
1394 380 1465 429 xxr.

312 548 407 616 modo
428 558 654 638 consequentes
673 572 748 616 suos
766 549 966 637 respicerent,
988 552 1035 618 sic
1053 560 1090 617 ut
1108 550 1291 618 immediate
1311 550 1465 638 quomodo

312 654 509 719 continerent
522 653 618 741 ipsos,
638 654 692 719 vel
711 654 746 719 in
760 653 840 741 ipsis
859 655 1102 735 continerentur,
1124 656 1183 719 vix
1201 654 1330 743 concipi
1345 668 1465 741 posset;

312 778 376 821 non
391 766 557 845 eapropter
570 779 590 823 a
603 756 787 822 continendi
802 758 906 835 modo,
926 759 1102 846 (perquem
1118 758 1295 824 affabilium
1310 759 1466 824 rationum

313 858 526 946 aequalitatem
541 858 632 924 facile
647 858 855 940 definivisset,
870 869 989 925 et'actu
1003 860 1131 947 quidem
1152 860 1186 925 iu
1200 858 1379 926 Elementa
1395 859 1466 947 sep

312 962 391 1028 timo
402 961 572 1045 definivit)
586 961 642 1028 sed
656 962 785 1027 aliunde
796 961 862 1049 peti
874 962 985 1029 debuit
998 963 1178 1030 universale
1188 963 1356 1051 quoddam
1367 986 1468 1051 symp-

312 1074 401 1133 toma
413 1064 572 1131 rationum
586 1066 703 1153 pariter
717 1065 870 1146 omnium,
889 1064 1065 1131 affabilium
1080 1077 1112 1131 et
1125 1066 1351 1148 ineffabilium,
1369 1090 1466 1153 aequa·

312 1168 397 1235 litati
411 1190 602 1249 connexum,
622 1168 715 1255 eique
733 1168 981 1235 determinanda
1001 1170 1176 1251 sufficiens3
1198 1169 1293 1257 quale
1315 1170 1397 1237 dnm
1417 1194 1467 1237 ex·
1517 1230 1518 1259 ,

311 1271 494 1359 piscaretur,
520 1272 628 1337 omnia
652 1272 845 1359 perlustrans
874 1272 980 1339 auimo
1008 1273 1137 1339 tandem
1166 1273 1316 1354 advertit,
1351 1274 1465 1361 opinor,

226 1385 232 1396 '
312 1376 420 1466 aliqua
434 1385 553 1462 quanta
567 1396 639 1441 cum
655 1375 727 1442 aliis
748 1375 862 1442 velex
877 1385 998 1442 naturae
1012 1398 1078 1442 suaa
1096 1376 1224 1465 speciali
1238 1377 1384 1465 quedam
1401 1400 1466 1465 pm
1517 1368 1518 1457 i

312 1478 454 1567 prietate,
472 1476 526 1543 vel
539 1479 581 1544 ob
596 1477 797 1565 adsumptam
818 1477 978 1565 quandam
995 1477 1206 1545 conditionem
1221 1478 1267 1544 ita
1280 1478 1464 1556 combinari,

313 1580 519 1668 connectique
532 1580 617 1647 inter
630 1603 665 1646 se
683 1580 746 1665 (vel
761 1580 803 1646 ab
818 1580 926 1645 alteris
947 1579 1055 1661 altera,
1077 1580 1182 1668 quoad
1199 1602 1265 1646 suae
1279 1581 1465 1668 quantitatis
1517 1588 1518 1652 l

312 1683 453 1765 modum,
474 1683 521 1749 ita
539 1682 725 1771 dependere)
743 1691 783 1748 ut
803 1705 875 1748 cum
893 1681 1114 1748 universaliter
1127 1683 1169 1749 ab
1186 1682 1316 1749 illorum
1341 1682 1464 1770 aequali·
1517 1666 1518 1731 l

311 1794 378 1853 tate
390 1786 443 1852 vel
458 1786 685 1874 inaequalitate,
706 1795 933 1872 consequenter
952 1785 1065 1852 horum
1080 1786 1243 1873 equalitas
1258 1786 1313 1853 vel
1329 1787 1462 1873 inaequa·

311 1888 385 1955 litas
398 1889 541 1977 ejusdem
556 1889 681 1975 generis
696 1888 895 1969 simultanea,
910 1899 979 1953 tum
995 1890 1091 1954 etiam
1105 1889 1231 1956 illorum
1247 1890 1370 1956 similia
1384 1912 1462 1978 qua·
1517 1882 1518 1951 l

310 1990 361 2056 vis
375 2001 547 2077 augmenta
565 1990 619 2058 vel
638 1991 847 2074 decrementa,
868 2015 996 2081 prorsus
1011 2003 1180 2080 arguerent
1193 2004 1226 2059 et
1240 2016 1350 2059 secum
1365 1994 1460 2059 trabe·
1517 1996 1518 2087 l

309 2104 380 2161 rent
393 2094 569 2161 necessario
584 2094 702 2161 similia
715 2095 828 2162 horum
843 2097 1036 2161 incrementa
1050 2095 1102 2162 vel
1116 2095 1326 2162 decrementa.
1517 2102 1518 2107 ’

375 2196 418 2263 Ε.
430 2220 462 2284 g.
487 2196 552 2262 duo
576 2197 699 2284 qumvis
720 2219 811 2284 acque
832 2198 897 2263 alta
919 2198 1078 2284 triangula
1101 2208 1223 2264 natura·
1246 2221 1314 2265 suae
1338 2196 1455 2288 special

175 2307 179 2313 ’
310 2298 500 2388 proprietate
513 2298 651 2386 quedam
666 2298 878 2365 inElemento
890 2298 998 2365 Primo
1014 2300 1236 2380 demonstrata,
1250 2322 1325 2366 cum
1334 2299 1454 2367 basibus

310 2401 377 2469 suis
391 2400 438 2468 ita
451 2411 689 2482 connectuntur,
709 2411 746 2468 ut
759 2401 901 2489 ipsorum
919 2402 1017 2489 priori
1030 2401 1130 2467 modo
1144 2402 1289 2489 quolibet
1303 2414 1391 2469 aucto
1406 2399 1453 2465 vel

309 2504 531 2594 multiplicato,
546 2505 635 2572 basis
648 2504 745 2571 etiam
759 2527 818 2571 sna
832 2504 978 2571 similiter
991 2514 1143 2592 augeatur
1157 2515 1213 2572 aut
1223 2506 1453 2596 multiplicetur:

309 2630 413 2695 neque
430 2630 496 2675 non
509 2618 604 2696 prout
618 2609 793 2695 adaugetur
809 2616 865 2673 aut
879 2605 1108 2695 multiplicatur
1126 2608 1295 2696 posterius,
1313 2608 1362 2675 ita
1378 2604 1451 2675 simi·
1517 2588 1518 2641 l

309 2711 382 2777 liter
403 2712 550 2779 accrescit
570 2722 604 2779 et
624 2712 796 2800 multiplex
817 2711 924 2778 evadit
946 2712 1015 2801 ejus
1037 2702 1141 2779 basis:
1164 2712 1305 2800 itemque
1326 2713 1357 2779 si
1376 2710 1452 2801 prim

308 2824 515 2899 angmentum
540 2814 594 2881 rel
618 2814 787 2902 multiplex
815 2814 986 2911 posteripre
1014 2816 1118 2903 majus
1143 2813 1195 2895 ait,
1225 2837 1291 2881 una
1319 2816 1403 2882 basia
1427 2810 1451 2875 ei
1517 2848 1518 2863 ι

308 2916 500 3001 respondens
527 2916 657 2983 alterins
682 2916 847 3003 augmenti
867 2916 921 2982 vel
940 2916 1080 3005 multipli
1101 2918 1178 2985 base
1199 2916 1301 3004 major
1325 2918 1402 2996 erit3
1427 2910 1450 2977 si

308 3015 415 3081 miuus
428 3014 519 3096 illud,
535 3017 604 3083 haec
617 3018 739 3098 minor3
762 3017 791 3085 si
806 3018 887 3085 illud
902 3019 1032 3107 aequale,
1048 3020 1117 3087 hacc
1131 3019 1226 3086 etiam
1241 3020 1383 3108 aequalia

372 3118 506 3199 Rursus,
529 3120 593 3185 duo
614 3121 737 3207 quaevis
757 3130 834 3203 tota,
858 3146 931 3189 cum
953 3122 1113 3189 similibus
1136 3124 1202 3189 suis
1230 3125 1377 3211 partibus
1399 3118 1450 3188 ati·

307 3220 422 3308 quotis,
442 3231 571 3311 propter
589 3222 791 3312 adsumptam
813 3225 907 3292 istam
929 3225 1147 3293 similitudinis
1171 3226 1392 3306 conditionem,
1411 3223 1449 3289 ita

306 3334 545 3406 connectuntur,
565 3336 604 3393 ut
621 3326 751 3394 illorum
770 3328 922 3415 quaelibet
939 3327 1219 3417 multiplicationes
1242 3329 1404 3396 includant
1421 3334 1448 3389 et
1479 3406 1482 3416 ,

305 3450 413 3497 aecum
441 3428 583 3496 deferant
611 3429 725 3497 harum
754 3432 945 3499 consimiles·
965 3432 1246 3521 multiplicationes
1275 3432 1446 3523 respective,
1517 3420 1518 3427 ἵ

304 3555 408 3621 neque
429 3556 494 3600 non
513 3533 542 3599 ai
559 3534 674 3622 prioris
692 3535 790 3602 totius
808 3536 979 3624 multiplex
1001 3537 1134 3604 excedat
1152 3538 1333 3626 posterioris
1351 3532 1446 3603 multi-
1517 3578 1518 3583 ι

304 3635 405 3724 plum,
427 3636 524 3703 etiam
544 3638 684 3725 partium
709 3638 824 3725 prioris
848 3639 1019 3728 multiplex
1044 3664 1110 3707 una
1135 3640 1297 3729 superabit
1320 3638 1444 3729 partium
1517 3632 1518 3637 ’

303 3738 485 3825 posterioria
498 3738 701 3827 multiplum3
724 3739 752 3805 si
772 3740 898 3807 deficiat
917 3741 1009 3823 illud,
1029 3742 1090 3809 hoo
1103 3742 1248 3824 deficiet3
1270 3742 1299 3809 si
1313 3742 1444 3829 adaqua-

302 3846 356 3905 tur
369 3839 460 3921 illud,
476 3840 537 3907 hoc
551 3840 647 3907 etiam
661 3842 837 3908 necessario
852 3842 1082 3930 adaequabitur.

368 3940 450 4007 Haec
470 3964 542 4009 cum
560 3942 738 4009 adverteret
758 3952 877 4026 auctor,
901 3944 1061 4033 etiamque
1085 3968 1177 4035 porro
1199 3945 1440 4034 deprehendant

301 4042 337 4107 in
359 4042 431 4109 eliis
454 4044 546 4113 aliter
566 4046 688 4113 affectis
707 4046 837 4133 quantis
856 4068 947 4115 secus
968 4048 1104 4129 evenire,
1127 4049 1217 4116 verbi
1238 4049 1350 4137 gratie,
1373 4045 1441 4114 sicut

300 4146 434 4235 posthac
449 4149 660 4231 ostendemus,
679 4150 715 4215 in
735 4150 906 4238 triangulis
920 4150 1101 4219 differenter
1114 4153 1198 4237 altis,
1214 4154 1394 4243 neutiquam
1406 4166 1439 4212 ex

352 4382 387 4438 In
404 4384 488 4441 order
504 4390 534 4443 to
550 4388 660 4446 include
675 4391 961 4466 incommensurablaa,

352 4467 420 4526 And
435 4472 467 4527 to
484 4473 573 4531 afford
589 4491 684 4533 maana
700 4478 732 4534 of
744 4482 831 4550 prout.
