3167 5192
107 410 206 461 incr.
224 394 303 479 xre]
451 412 638 462 nuorrouns
660 409 937 461 usnnnrrnrrcn.

563 710 695 781 LECT.
719 710 827 779 xli*

104 868 168 1025 Ε
200 863 586 935 MAGNITUDINUM
605 868 876 935 communioribus
894 866 1116 935 affectionibus
1133 879 1165 934 et
1180 890 1269 955 sym·

188 971 345 1057 ptomstis
366 969 581 1035 observationi
603 971 764 1058 subjectis,
781 980 814 1036 et
831 970 1076 1037 Mathematicus
1092 970 1272 1057 ingredien-

105 1075 195 1139 tibus
212 1074 421 1161 hypotheses,
432 1075 606 1140 novissime
621 1098 655 1140 se
669 1075 866 1140 tractandam
882 1075 1031 1140 exhibuit
1042 1072 1270 1161 Congruentia,

104 1182 169 1261 qus
184 1178 356 1264 suppositd
368 1176 530 1257 resultare,
542 1186 574 1242 et
588 1178 630 1243 ab
646 1183 683 1243 ed
697 1178 862 1243 commode
876 1176 1001 1244 definiri
1015 1178 1271 1263 magnitudinum

106 1278 347 1367 AEqualitatem
373 1280 407 1344 in
433 1280 622 1367 praecedenti
652 1281 874 1367 quadantenus
902 1282 1097 1347 astruximus
1126 1280 1271 1347 lectione.

106 1382 217 1461 Quam
233 1393 341 1447 tamen
357 1380 531 1447 doctrinam
547 1382 658 1447 acriter
673 1392 704 1448 et
719 1383 869 1463 animose,
885 1383 1013 1449 invictis
1026 1394 1063 1449 ut
1077 1383 1140 1471 ipsi
1158 1394 1274 1470 putant

105 1488 327 1573 argumentis,
344 1486 501 1574 impetunt
523 1484 665 1567 Procius,
687 1499 719 1553 et
734 1485 858 1553 Hobbii
872 1487 1040 1575 praeclarus
1056 1488 1273 1574 antagonistes

106 1590 138 1655 in
154 1590 300 1657 Elenobo
314 1612 372 1655 suo
390 1590 568 1655 Geometrr‘ae
583 1589 764 1655 Hoddioooe.
800 1588 866 1655 Sed
880 1614 922 1655 an
936 1591 1064 1678 penitus
1079 1590 1272 1657 debellatum

106 1694 158 1775 sit,
176 1704 215 1759 et
230 1691 373 1781 opinioni
388 1714 454 1757 suee
476 1714 595 1779 parem,
612 1692 672 1758 hoc
693 1704 742 1757 est
763 1694 931 1780 integram,
955 1694 1018 1781 ipsi
1040 1694 1204 1760 victoriam
1224 1717 1273 1760 re·

106 1797 279 1885 porturint,
295 1805 439 1883 superest
453 1794 522 1881 jam
540 1806 572 1861 et
592 1795 684 1861 nobis
704 1794 873 1875 incumbit,
889 1796 1084 1882 objectorum
1101 1796 1271 1862 efficaciam

107 1902 147 1967 ud
162 1899 302 1967 rationis
316 1899 479 1964 trutinam.
492 1898 652 1984 exigendo
673 1898 842 1987 pensitare.
887 1899 928 1965 Id
943 1900 1029 1986 quod
1043 1922 1079 1965 eo
1094 1900 1272 1987 promptius

107 2003 318 2091 aggredimur
331 2012 519 2089 pertentare,
535 2001 686 2088 quoniam
703 2025 745 2067 ex
764 2002 825 2067 hoc
843 2002 1081 2069 adversantium
1101 2006 1272 2071 sententia-

108 2132 180 2175 rum
210 2119 308 2195 atquc
334 2104 534 2170 discursuum
564 2102 714 2169 conflictu
742 2127 807 2169 non
832 2105 951 2191 exigua
979 2108 1075 2173 rebus
1104 2108 1175 2172 istis
1200 2107 1270 2187 lux,

109 2211 301 2299 neutiquam
316 2208 520 2297 aspernandae
536 2206 682 2294 quaedam
698 2208 841 2273 veritatis
856 2209 1013 2288 scintillae,
1029 2210 1164 2277 extundi
1179 2234 1272 2299 posse

111 2316 302 2393 videantur3
333 2334 390 2377 neo
415 2322 521 2377 tumen
547 2311 694 2377 omnibus
719 2310 915 2377 extrioandis
940 2312 1152 2399 captiunculis
1176 2314 1273 2380 anxie

111 2417 288 2497 desudabo,
311 2414 368 2481 sed
390 2434 461 2502 quoe
486 2414 620 2481 candide
643 2424 771 2503 accepta
792 2437 859 2481 rem
879 2416 1009 2503 propius
1032 2416 1197 2502 attingere,
1221 2419 1273 2483 ris

112 2521 239 2611 aliquid
264 2521 299 2587 in
322 2542 356 2586 se
385 2518 601 2605 momentique
627 2518 782 2605 gravioris
808 2518 978 2600 continere,
1005 2508 1155 2585 videntur
1178 2543 1273 2607 argu·

112 2638 222 2695 menta
237 2624 376 2693 ometius
393 2622 572 2701 excutiam
596 2645 715 2689 memor
735 2622 840 2687 divini
859 2622 946 2708 quod
964 2622 1050 2710 apud
1068 2624 1273 2693 Aristotelem

113 2732 251 2799 hebetur
272 2726 452 2816 praecepti¹3
472 2722 568 2809 ’Άμο
589 2723 623 2789 δὲ
645 2724 700 2790 καὶ
720 2728 852 2807 μᾶλλον
873 2722 915 2791 ἂν
935 2726 984 2807 εἴη
1005 2726 1112 2793 πιστὰ
1132 2725 1175 2794 τὰ
1195 2728 1273 2811 μέλ’

113 2844 213 2901 λοντα
232 2828 459 2921 λεχθήσεσθοι
473 2826 694 2915 προακηκοόσι
714 2826 754 2892 τὰ
774 2831 839 2893 τῶν
855 2826 1150 2916 ἀμφισβητούντων
1166 2828 1274 2914 λόγων

115 2936 329 3019 δικαιώματα·
351 2931 389 2999 τὸ
402 2931 467 3019 ‘ydp
482 2928 602 3019 ἕρήμιην
617 2928 887 3011 κοτοδικάζεοθοι
901 2930 1004 2997 δοκεῖν
1016 2930 1115 3013 ἦττον
1136 2931 1176 2999 ἂν
1196 2932 1274 3016 ἡμῖν

116 3040 272 3130 ὑπάρχοι·
296 3038 351 3105 καὶ
370 3036 434 3125 γὰρ
456 3034 505 3101 δεῖ
524 3033 697 3115 διαιτητὰς,
721 3031 798 3099 ἀλλ’
821 3032 879 3099 οὐκ
900 3033 1077 3107 ἀντιδίκους
1098 3034 1179 3103 οἶνοι
1199 3036 1273 3109 τοὺς

115 3146 296 3227 summae
310 3141 449 3222 τάληθὲς
463 3139 579 3228 κρίνειν
595 3137 717 3208 ι’κονῶς.

180 3248 362 3336 Proponsm
376 3246 474 3333 igitur
492 3253 688 3329 arguments,
704 3264 769 3308 non
789 3243 846 3309 illa
860 3243 988 3331 quidem
1008 3244 1201 3326 delumbata,
1217 3244 1273 3311 sed

117 3350 219 3439 quood
233 3362 343 3441 potero
357 3348 522 3415 nervosius
532 3346 669 3413 astricto.
700 3345 809 3413 Primo
825 3347 929 3428 debet,
945 3348 1130 3428 obtendunt,
1143 3348 1274 3435 aequali·

118 3456 190 3521 tatis
208 3454 321 3520 eadem
338 3452 475 3518 univoca
488 3449 568 3515 ratio
584 3448 770 3529 communis,
786 3460 819 3514 et
832 3449 920 3515 notio
934 3450 1092 3535 generalis
1107 3451 1271 3535 assignari,

120 3580 173 3645 pro
193 3560 290 3625 rebus
312 3556 352 3621 iis
374 3554 540 3633 universis,
556 3553 675 3640 quibus
696 3574 770 3618 vere
791 3552 953 3632 tribuitur,
969 3563 1002 3619 et
1018 3553 1106 3637 juste
1125 3553 1273 3618 convenit

166 3722 175 3755 ¹
194 3722 232 3772 Dr
243 3721 313 3781 odo,
326 3730 345 3771 1.
362 3732 399 3769 ιο.
419 3716 537 3783 [Insuper
547 3720 572 3765 et
583 3714 687 3765 dicenda
700 3716 779 3779 magis
795 3714 934 3774 credentur,
951 3714 973 3764 si
988 3714 1168 3764 sententiarum
1186 3730 1270 3765 earum

122 3822 174 3870 qm
184 3807 210 3855 'm
219 3803 413 3855 moeremium
423 3800 535 3859 veniunt,
545 3798 603 3862 jors
613 3798 682 3862 prius
693 3797 787 3845 fuerint
800 3797 899 3846 audita:
909 3798 1024 3847 absentes
1036 3798 1103 3847 enim
1114 3797 1272 3847 condemnari

123 3888 202 3937 minus
219 3888 307 3951 ntique
324 3884 486 3934 videbuntur:
510 3880 604 3930 etenim
620 3894 662 3928 sos
679 3880 722 3942 qui
739 3878 802 3927 bene
814 3878 927 3941 judicare
943 3880 1033 3929 volunt
1048 3879 1080 3929 de
1095 3880 1207 3939 scribto,
1222 3896 1273 3927 non

123 3970 269 4019 edendos
280 3968 323 4017 sed
334 3966 440 4015 arbitros
451 3978 503 4013 esse
516 3958 635 4027 oportet]

643 4124 728 4131 —-—--
745 4124 860 4131 -0---

175 4256 188 4281 ·
207 4246 317 4303 Procius
328 4246 384 4302 and
398 4245 494 4302 Wollis
512 4246 621 4315 against
638 4244 689 4301 tho
706 4244 795 4299 abore
808 4242 953 4299 definitior
970 4243 1002 4297 of
1015 4243 1144 4314 equality.
1191 4244 1275 4299 Their

124 4336 275 4402 argumenta
286 4350 342 4399 are,

131 4418 225 4558 waul„
233 4418 361 4575 ἓξὲξ
375 4418 482 4491 applies
499 4422 530 4473 to
546 4418 671 4485 motione,
687 4417 777 4486 times,
789 4416 938 4482 relocities,
949 4416 1074 4485 weigbta
1089 4418 1229 4485 numbers,
1244 4434 1275 4471 as
