3167 5192
104 407 187 458 rencs.
202 394 276 478 ru]
433 409 619 462 enarrasse
642 410 915 461 nrrnnuauren.
1186 393 1249 460 233

100 577 240 644 rationem
270 577 411 667 denique
445 601 503 646 seu
535 580 769 668 proportionem
803 577 978 666 comparari
1007 577 1125 666 possit;
1163 577 1248 645 linea

98 701 199 766 nempe
227 679 335 760 linere,
362 681 545 771 superficies
573 681 759 770 superficiei,
787 703 901 769 corpus
929 678 1067 746 solidum
1097 681 1245 768 corporis,

96 791 210 871 tempus
223 785 388 872 temporis,
409 783 562 852 velocitas
581 783 770 863 velocitatis,
791 782 916 871 pondus
936 782 1084 870 ponderis
1099 806 1247 850 mensura

96 894 188 970 potest
200 909 290 966 esse;
315 887 373 953 sed
387 887 474 954 linea
488 887 675 976 superficiei,
691 887 873 974 superficies
888 885 1036 973 corporis,
1057 886 1245 974 magnitudo

95 989 241 1075 temporis,
269 999 400 1078 tempus
423 990 573 1077 ponderis
598 1012 753 1056 mensurae
779 999 942 1078 nequeunt
968 1013 1045 1070 esse,
1071 991 1245 1057 secundum

95 1088 166 1154 banc
185 1092 416 1160 aceumticrem
437 1116 594 1160 mensurae
615 1091 839 1180 acceptionem.
884 1092 1005 1158 Laxior
1033 1092 1091 1158 illa
1116 1093 1245 1180 quidem

94 1205 120 1258 et
131 1191 323 1283 dxvpdrepoe
338 1197 473 1264 antehac
487 1198 565 1262 satis
580 1196 739 1264 declarata
752 1219 910 1263 mensura
924 1196 1021 1276 notio,
1037 1196 1134 1283 Juxta
1148 1221 1243 1285 quam

93 1296 232 1386 quicquid
253 1300 390 1366 alterins
412 1300 527 1386 arguit,
550 1299 681 1380 indicat,
708 1310 764 1366 aut
788 1299 1073 1388 quomodocunque
1099 1300 1242 1368 notificat

93 1401 291 1483 quantitatem
312 1424 385 1468 eam
404 1423 585 1468 mensurare
608 1401 733 1482 dicitnr,
756 1401 853 1468 etiam
875 1400 1092 1488 heterogeneis
1114 1403 1242 1489 quantis

93 1513 255 1588 competere
269 1514 391 1592 potest,
406 1503 539 1592 istisque
556 1525 621 1569 non
641 1525 710 1570 raro
728 1503 880 1570 tribuitur
898 1513 929 1568 et
943 1504 1122 1593 applicatur
1136 1529 1157 1570 a
1170 1504 1242 1571 Ma-

94 1602 278 1674 thematicis:
310 1607 527 1695 ecquomodo
550 1606 635 1672 linea
657 1606 819 1695 temporis,
844 1605 1027 1694 superficies
1051 1606 1238 1689 velocitatis,

94 1727 190 1794 corpus
204 1709 378 1798 ponderis;
394 1711 612 1798 reciprooeque
626 1718 753 1798 tempus
767 1709 870 1790 lineae,
883 1708 1036 1775 velocitas
1051 1709 1238 1797 superficiei,

95 1809 202 1894 pondus
215 1813 362 1901 corporis
376 1835 531 1878 mensurae
544 1811 720 1898 nuncupari
735 1822 869 1900 possunt
884 1831 922 1876 ae
936 1810 1048 1878 solent.

146 1914 300 1982 Attamen
324 1915 449 1981 solicita
471 1913 749 2002 circumspectione
776 1914 1010 2001 distinguendae
1033 1923 1108 1980 snat
1131 1937 1240 2004 accep-

95 2013 180 2082 tiones
196 2018 278 2099 istas‚
300 2040 346 2084 ne
365 2039 438 2084 eum
457 2017 500 2084 D.
517 2015 648 2082 Hobbio
672 2017 922 2102 (distinctionem
943 2017 1047 2100 istam,
1069 2041 1125 2086 seu
1139 2019 1241 2085 ambi-

95 2117 232 2199 guitatem
254 2122 394 2208 hujusce
415 2119 574 2200 vocabuli,
597 2143 662 2186 non
683 2120 881 2201 observante,
911 2120 963 2186 vel
992 2121 1098 2188 minus
1121 2145 1241 2210 expeu-

96 2218 184 2306 dante)
200 2223 402 2311 multiplices
416 2221 451 2288 in
464 2220 666 2308 labyrinthos
681 2221 903 2288 difficultatum
918 2243 954 2288 ae
969 2245 1108 2290 erronum
1122 2223 1240 2312 impro-

95 2321 151 2389 viso
175 2350 321 2394 murus.
372 2325 491 2406 Quales
518 2335 603 2406 sunt,
633 2326 719 2412 quod
747 2325 834 2392 linea
862 2325 903 2392 ad
932 2336 1057 2413 tempus
1096 2327 1239 2413 (parique

95 2427 195 2496 ratione
211 2429 399 2519 superficies
418 2429 460 2495 ad
477 2427 688 2508 velocitatem,
708 2428 812 2494 solida
832 2428 1018 2515 magnitudo
1038 2430 1080 2495 ad
1099 2429 1236 2517 pondus)

94 2534 314 2618 proportionem
342 2533 478 2599 habent:
518 2532 607 2620 (quia
627 2523 743 2618 nempe
772 2531 858 2597 linea
887 2541 1022 2620 tempus,
1053 2531 1235 2620 superficies

96 2633 289 2718 velocitatem,
313 2634 501 2721 magnitudo
522 2633 627 2701 solida
646 2634 773 2722 pondus
792 2633 900 2721 aliquo
919 2634 1014 2701 modo
1035 2635 1236 2720 metiuntur).

96 2730 173 2811 Quod
183 2739 309 2806 eedem
323 2747 399 2804 sunt
414 2736 557 2804 omnium
573 2759 680 2802 rerum
696 2736 901 2824 quantitates,
922 2736 975 2803 vel
990 2737 1076 2824 quod
1094 2737 1237 2804 omnium

98 2843 270 2922 quantitates
304 2851 416 2908 mutuo
444 2851 521 2908 sunt
548 2840 770 2928 homogeneae3
805 2840 955 2928 quoniam
985 2863 1095 2908 omnes
1124 2841 1236 2910 iisdem

98 2947 241 3028 mensuris
261 2945 361 3011 lineis
379 2945 501 3010 scilicet
514 2955 548 3010 et
566 2944 705 3010 numeris
720 2943 943 3032 subjiciuntur.
988 2943 1136 3032 Denique
1150 2945 1236 3033 quod

98 3061 178 3111 mum
197 3057 358 3136 quantum
382 3047 524 3134 cujusvis
549 3045 678 3112 alterius
701 3047 863 3134 quantitas
889 3047 940 3122 sit,
970 3045 1057 3114 linea
1085 3046 1236 3114 videlicet

98 3151 235 3235 temporis,
253 3150 447 3230 velocitatis,
467 3149 626 3237 ponderis,
647 3151 711 3217 imo
730 3149 907 3238 superficiei
927 3161 960 3216 et
976 3150 1115 3239 corporis
1134 3173 1236 3238 quan·

98 3245 157 3314 titas
175 3255 224 3337 sit,
246 3255 329 3344 quia
348 3277 504 3322 mensurae
525 3255 596 3320 vice
617 3253 754 3340 fungens
775 3253 903 3319 illorum
925 3253 1115 3321 determinat
1134 3276 1237 3340 quan-

99 3350 210 3425 titatem.
247 3359 333 3438 Quae
347 3357 579 3424 absurditatum
593 3367 741 3444 portenta
754 3379 820 3422 non
834 3379 876 3422 ex
889 3356 963 3436 alio,
976 3381 1073 3443 quam
1084 3379 1126 3423 ex
1140 3356 1237 3440 hujus

99 3474 149 3521 uon
160 3462 388 3530 animadversae
403 3460 617 3528 distinctionis
631 3459 719 3526 fonte
732 3463 937 3545 promanasse
951 3459 1110 3524 videntur.

150 3563 238 3642 Quod
252 3565 442 3631 utbreviter
456 3562 604 3630 instando
618 3569 920 3640 commonstremus3
944 3581 1017 3624 cum
1035 3559 1064 3626 is
1079 3558 1141 3625 sibi
1156 3581 1236 3647 praa-

100 3667 242 3737 ttruisset
265 3670 350 3736 banc
371 3689 527 3734 mensurae
549 3664 775 3743 definitionem,
802 3683 950 3728 mensura
978 3671 1026 3726 est
1051 3661 1237 3748 magnitudo

101 3772 322 3853 mantuanis,
351 3793 417 3836 uua
445 3768 586 3848 alterius,
617 3765 746 3855 quando
773 3765 854 3854 ipsa,
885 3765 954 3854 vel,
964 3764 1051 3830 illius
1076 3764 1235 3854 multiple,

100 3865 174 3936 alteri
194 3875 355 3964 applicata
374 3896 449 3939 cmn
470 3876 509 3938 et
529 3869 699 3950 coincidit3
721 3870 924 3934 subnotasset
946 3875 1053 3934 eutem
1074 3877 1234 3955 praeterea,

101 3966 197 4042 lineam
218 3990 309 4046 motu
332 3987 524 4044 transactam
543 3973 697 4062 appellari
718 3970 854 4038 subinde
873 3993 1054 4038 mensuram
1073 3974 1234 4062 temporis,

591 4181 604 4186 ..
625 4178 817 4194 ---.—,-....

143 4313 189 4371 We
198 4322 273 4376 must
282 4317 351 4374 here
363 4314 446 4371 avoid
463 4315 602 4372 Hobbes's
618 4329 726 4370 errore:
743 4313 836 4368 theta
847 4311 902 4370 line
915 4313 966 4370 bas
979 4313 1096 4372 rotatim
1112 4321 1143 4374 to
1158 4319 1234 4388 time,

103 4399 191 4456 misce
199 4407 229 4458 to
239 4403 365 4471 relocity,
375 4400 447 4457 solid
458 4399 618 4469 magnitude
629 4402 660 4453 to
670 4396 780 4467 weigbt

143 4485 203 4636 'lhl‘p
217 4506 304 4641 :pm
320 4489 392 4544 lrom
407 4503 426 4542 a
439 4503 533 4557 wrong
549 4485 693 4542 definition
707 4484 740 4540 of
749 4501 884 4544 masura.
1105 4573 1148 4636 30
