3167 5192
311 328 397 396 xviii
708 345 757 395 nu
780 343 973 396 cumcurn.

311 513 397 603 quod
425 520 532 580 tamen
560 513 602 582 ad
634 535 685 581 res
714 512 932 582 Geometricaa
960 509 1132 578 admodum
1165 509 1261 579 utiles
1289 510 1366 592 sint,

310 631 377 688 tam
398 632 526 712 propter
539 621 760 691 Arithmeticae
775 631 808 723 et
822 621 1032 691 Geometrioae
1046 619 1139 688 valde
1153 620 1366 710 propinquam

311 731 542 819 cognationem,
566 754 663 821 quam
682 732 725 800 ob
744 730 893 798 notitiam
913 730 1247 798 oommensurebilium
1265 741 1298 799 et
1315 731 1369 797 in·

311 842 642 911 commensurabilium
657 841 915 930 magnitudinum
930 840 973 907 ad
985 840 1160 928 figuranrm
1173 850 1241 908 turn
1255 841 1368 930 plam-

311 975 392 1034 rum,
419 974 517 1040 quam
539 951 712 1018 solidarum
738 950 883 1038 apprime
907 949 1127 1030 neeessariam,
1154 971 1249 1016 nemo
1276 959 1369 1017 esto

311 1063 512 1153 peritioribus
538 1061 717 1131 Geometris
743 1061 801 1148 qui
825 1059 961 1148 ignorat.
1005 1059 1086 1149 Quae
1107 1081 1183 1126 vero
1204 1059 1240 1126 in
1261 1061 1367 1127 tribus

310 1173 435 1241 ultimis
463 1173 553 1240 libris
578 1171 765 1255 continetur,
796 1179 815 1238 5
841 1193 1006 1259 corporum
1030 1168 1224 1257 regularium
1248 1169 1367 1238 nobilis

311 1283 548 1373 contemplatio,
582 1283 641 1350 illa
674 1305 739 1350 non
773 1280 839 1348 nisi
872 1280 990 1370 injurit
1017 1280 1217 1369 praetermitti
1252 1281 1367 1370 potuit,

312 1394 440 1483 quando
460 1416 576 1483 nempe
589 1393 678 1461 illius
692 1393 798 1481 gretie
817 1400 926 1460 noster
949 1388 1169 1480 ποιχειωτὴς,
1192 1389 1368 1457 Platonicae

311 1505 442 1590 ¹familiae
461 1504 680 1594 philosophus,
699 1505 760 1572 hoc
779 1503 1005 1571 elementorum
1022 1512 1165 1590 systema
1182 1501 1368 1568 universum

149 1625 228 1679 Ἧι).
241 1637 272 1679 11·
310 1616 492 1686 ¹condidisse
520 1615 713 1704 perhibetur,
742 1615 792 1682 uti
816 1614 907 1682 testis
931 1614 1161 1694 estlboclua1,
1183 1612 1225 1679 iis
1250 1613 1367 1696 verbis,

305 1726 410 1794 Ὅθεν
431 1726 470 1810 δὴ
492 1726 547 1794 καὶ
567 1729 625 1809 τῆς
644 1729 822 1811 comantis
840 1723 1078 1814 στοιχειῶσεως
1098 1723 1193 1796 τέλος·
1209 1722 1369 1811 προεπή-

314 1862 398 1903 cura
426 1835 486 1918 τὴν
514 1839 578 1903 τῶν
614 1837 820 1920 καλουμένων
854 1839 1067 1904 recreamur
1096 1833 1275 1924 σχημάτων
1311 1833 1370 1902 cui·

315 1971 444 2014 στασιν.
489 1945 646 2013 Praeterea
667 1944 760 2012 facile
785 1945 821 2012 in
842 1946 985 2012 animum
1010 1944 1126 2011 induxi
1146 1953 1185 2011 ut
1212 1945 1368 2034 opinarer,

314 2055 435 2124 nemini
448 2054 562 2123 harum
581 2055 784 2123 scientiarum
804 2057 924 2124 amanti
940 2080 1006 2125 non
1021 2057 1165 2125 futurum
1183 2079 1253 2126 esse
1271 2057 1369 2141 cordi,

314 2189 411 2256 penes
425 2189 460 2234 se
474 2166 590 2233 habere
604 2166 764 2255 integrum
775 2166 966 2234 Euclideum
981 2191 1071 2257 opus,
1086 2167 1180 2256 quale
1193 2169 1314 2257 passim
1328 2168 1370 2237 ab

313 2279 465 2351 omnibus
494 2277 618 2360 citatur,
648 2286 681 2344 et
708 2277 898 2346 celebratur.
939 2277 1046 2359 Quare
1080 2279 1206 2347 nullum
1239 2279 1370 2361 librum,

315 2386 500 2476 nullamque
513 2385 760 2476 propositionem
774 2388 937 2476 negligere
949 2388 1038 2456 volui
1053 2412 1171 2472 earum,
1195 2411 1268 2479 quae
1284 2388 1371 2477 upu'd

315 2497 353 2566 P.
379 2497 588 2586 Heripouium
611 2498 779 2581 habentur,
807 2500 898 2588 cujus
923 2500 1070 2588 vestigiis
1094 2524 1202 2588 presse
1225 2499 1371 2567 insistere

315 2631 443 2678 necesse
462 2609 571 2692 habui,
589 2608 741 2698 quoniam
758 2609 864 2696 ejusce
882 2609 959 2677 libri
977 2608 1210 2677 schematismis
1228 2609 1371 2674 maxime

316 2743 360 2787 ex
388 2729 477 2809 parte
505 2720 555 2786 uti
583 2729 739 2786 statutum
763 2730 841 2801 erat,
870 2719 957 2807 quod
984 2720 1191 2806 praeviderem
1219 2720 1302 2786 milri
1330 2718 1372 2786 ad

316 2852 418 2898 novas
446 2828 668 2896 describendas
693 2837 821 2915 tempus
844 2851 909 2894 non
938 2839 1113 2917 suppetere,
1140 2831 1201 2898 etsi
1225 2853 1373 2898 nonnun-

317 2963 413 3030 quam
434 2939 470 3006 id
488 2939 591 3006 facere
613 2943 847 3026 praeopttssem.
890 2937 1014 3004 Etdem
1033 2939 1074 3005 de
1095 2943 1192 3004 cauae
1212 2961 1271 3005 nec
1292 2941 1373 3008 alias

316 3051 483 3141 plerasque
496 3071 595 3136 quam
612 3047 783 3114 Euclideas
803 3047 1085 3116 demonstrationes
1104 3047 1256 3116 adhibere
1269 3049 1373 3136 volni,

317 3161 516 3229 succinctiori
530 3159 632 3227 forme
645 3181 821 3248 expressas,
840 3159 904 3225 nisi
923 3159 1003 3226 forte
1017 3158 1051 3227 in
1067 3168 1096 3243 2,
1117 3170 1151 3229 et
1167 3168 1215 3243 13,
1234 3169 1267 3228 et
1280 3184 1373 3251 pares

317 3271 353 3338 in
370 3279 400 3352 7,
415 3279 445 3352 8,
467 3278 485 3337 9
506 3269 608 3352 libris,
628 3269 685 3336 ubi
704 3267 747 3335 ab
765 3290 803 3335 eo
823 3267 972 3334 nonnihil
993 3268 1157 3338 deflectere
1177 3293 1280 3361 operae
1301 3293 1374 3360 pre·

317 3385 400 3455 tium
416 3384 593 3452 videbatur.
638 3381 731 3450 Bona
748 3383 848 3472 igitur
867 3405 940 3472 spes
954 3393 1004 3451 eat
1022 3384 1135 3452 saltem
1149 3386 1184 3453 in
1204 3387 1265 3454 hac
1284 3395 1374 3475 parte

317 3520 392 3566 oum
412 3497 529 3563 nostris
551 3485 704 3577 consiliis,
725 3504 796 3562 tum
816 3495 1029 3563 studiosorum
1046 3498 1131 3564 votis
1151 3497 1257 3586 aliquo
1278 3497 1373 3565 modo

318 3609 515 3693 satisfactum
542 3605 591 3674 iri.
636 3605 722 3674 Nam
748 3629 820 3694 quae
841 3605 966 3693 adjecta
986 3614 1062 3672 sunt
1082 3605 1118 3672 in
1140 3606 1280 3676 Soleoliis
1301 3629 1375 3695 pro-

317 3720 458 3788 blemata
471 3718 618 3808 quaedem
635 3726 668 3783 et
686 3715 890 3798 theoremata,
911 3715 980 3784 sive
999 3717 1042 3784 ob
1061 3738 1155 3783 suum
1176 3717 1376 3805 frequentem

318 3853 413 3900 usum
427 3829 469 3896 ad
483 3841 629 3897 naturam
646 3827 868 3895 elementarem
888 3825 1079 3908 accedentia,
1101 3827 1170 3894 aire
1190 3827 1233 3894 ad
1254 3849 1374 3908 eorum,

318 3963 390 4029 quae
415 3948 601 4026 sequuntur,
630 3935 813 4024 expeditum
835 3934 1133 4002 demonstrationem
1154 3934 1374 4016 conducentia,

197 4057 201 4066 ’
318 4071 376 4116 seu
397 4071 468 4135 quae
491 4047 671 4134 regularum
693 4046 838 4134 practicae
859 4044 1051 4112 Geometriae
1072 4047 1273 4133 quarundam
1294 4069 1375 4135 pra·

318 4161 483 4250 cipuarum
502 4127 644 4224 rationes
661 4157 800 4223 innuunt
814 4153 855 4220 ad
876 4177 950 4221 suos
972 4156 1075 4223 fontes
1097 4157 1223 4238 relatas,
1246 4180 1304 4246 per
1325 4180 1377 4238 ea,

319 4281 357 4340 ut
375 4292 476 4360 spero,
496 4267 625 4334 libellus
646 4267 731 4332 ultra
750 4265 940 4332 destinatam
959 4266 1077 4333 molem
1095 4289 1288 4356 magnopere
1309 4290 1376 4336 non

319 4384 517 4450 intumescet.
