3167 5192
112 406 213 457 anor.
231 390 283 476 x.]
460 404 646 456 coenosas
668 404 943 455 naissitanos.
1215 384 1277 451 151

113 600 159 654 τι,
183 596 353 641 commune
374 572 528 661 quiddam
553 573 675 640 cunctis
699 573 794 639 rebus
818 573 1021 655 substratum,
1046 572 1131 661 quod
1153 571 1278 637 infinite

114 678 328 758 distendatur,
343 688 377 744 et
389 676 488 743 nullis
502 676 776 743 circumscribatur
789 676 955 758 limitibus,
970 676 1056 764 quod
1076 675 1204 742 omnino
1223 698 1280 763 pe·

114 782 276 849 netrsbile
292 782 344 863 sit,
364 793 397 847 et
414 780 566 847 facillime
585 780 714 869 quidvis
732 780 768 845 in
787 802 823 846 se
841 780 981 869 recipiat,
997 803 1056 847 nec
1075 779 1172 845 ullius
1192 778 1227 844 in
1246 802 1281 845 se

114 886 165 953 rei
183 886 324 973 refugiat
342 885 599 971 subingressum
622 882 710 972 quod
722 882 888 949 mobilium
904 883 1116 949 successiones
1131 882 1279 970 excipiat,

115 1002 151 1057 et
169 1001 318 1057 motuum
335 990 519 1057 velocitates
538 988 735 1069 determinet,
750 998 785 1053 et
804 1010 909 1053 rerum
928 986 1094 1053 distantias
1112 986 1280 1067 metiatur;

117 1094 209 1182 quod
229 1093 435 1161 immobiliter
452 1092 556 1159 fixum
574 1092 627 1172 sit,
643 1092 741 1159 etiam
760 1091 865 1178 quosd
884 1113 993 1157 omnes
1012 1090 1063 1157 sui
1081 1102 1186 1179 partes
1201 1090 1282 1157 nulli

117 1198 166 1265 rei
179 1197 340 1284 alligatur,
355 1219 514 1285 nusquam
533 1196 597 1261 alio
615 1194 838 1280 constemus,
861 1193 945 1280 quod
965 1193 1127 1259 immensae
1147 1194 1283 1281 denique

119 1301 165 1366 sit
185 1300 372 1388 capacitatis
393 1322 451 1365 vas
472 1309 507 1365 ct
527 1298 785 1385 conceptaculum
804 1295 945 1383 (α’κγνγεῖον
962 1294 1217 1380 ἀμετακίνητον,
1238 1297 1283 1363 ait

119 1403 350 1491 Philosophus)
367 1402 517 1469 universa
530 1401 741 1489 complectens
755 1400 790 1465 in
811 1422 845 1466 se
864 1422 935 1487 quae
957 1410 1040 1480 suut,
1063 1410 1096 1467 et
1117 1423 1188 1489 quse
1210 1422 1283 1489 pos-

119 1518 199 1573 sunt
213 1506 361 1573 existere.
405 1504 485 1570 Tale
499 1502 578 1591 quid
592 1526 701 1569 omnes
714 1503 780 1569 fere
794 1502 941 1569 mortales
956 1502 1132 1591 phantasiis
1150 1504 1217 1569 suis
1234 1504 1284 1568 in·

120 1610 286 1697 sculptum
299 1609 427 1675 habent

188 1712 237 1778 Et
259 1712 345 1800 quod
369 1717 479 1779 revers
503 1710 567 1778 tale
589 1708 668 1799 quid
692 1710 819 1790 existat,
842 1722 955 1797 praeter
978 1710 1065 1776 hunc
1089 1710 1285 1797 imaginandi

121 1838 326 1895 consensum,
346 1814 504 1903 permulta
521 1813 670 1879 videntur
688 1836 829 1899 arguere.
874 1813 1017 1895 Quorum
1039 1816 1089 1880 vis
1111 1826 1148 1881 ut
1168 1824 1284 1902 pateat,

121 1931 157 1987 et
171 1920 296 2007 aliquid
310 1920 433 2000 efficiat,
444 1918 666 2007 praestruendae
681 1927 757 1983 sunt
766 1918 881 2004 aliquae
896 1920 1003 1985 theses
1017 1928 1073 1985 aut
1088 1919 1284 2001 assertiones,

123 2024 244 2111 quibus
258 2022 491 2102 suffulciuntur,
506 2020 691 2089 adducenda
704 2044 762 2108 pro
776 2023 872 2109 spatii
886 2023 1028 2089 realitate
1041 2023 1213 2090 ratiocinia.

192 2125 313 2206 Primo,
324 2125 457 2191 materia
469 2146 534 2191 non
548 2136 598 2191 est
611 2124 735 2190 infinite
748 2134 889 2201 extensa,
902 2126 1012 2193 saltem
1026 2126 1112 2215 quod
1125 2127 1286 2215 proposito

125 2241 235 2297 nostro
249 2229 373 2309 sufficit,
389 2228 476 2294 haud
489 2229 664 2294 necessario
678 2228 753 2295 talis
766 2238 825 2295 est.
869 2228 954 2295 Nam
971 2230 1055 2297 unde
1069 2232 1287 2299 necessitatem

127 2337 225 2401 istam
245 2332 389 2399 babeat?
410 2356 452 2397 an
473 2356 493 2397 a
514 2332 573 2398 se?
616 2331 691 2397 Non
713 2332 803 2420 pium
826 2333 895 2413 hoo,
918 2355 990 2399 curn
1013 2334 1082 2401 Deo
1104 2346 1287 2402 cunctarum

126 2461 235 2506 rerum
248 2437 404 2524 originem
416 2436 511 2502 toties
529 2434 654 2502 disertis
673 2436 780 2503 verbis
799 2436 957 2503 ascribant
978 2459 1066 2503 sacra
1084 2438 1201 2518 litarsa3
1227 2438 1287 2525 (Td

125 2541 241 2608 mim
261 2538 301 2607 δι’
324 2537 422 2605 αὐτοῦ
443 2537 500 2604 καὶ
520 2537 565 2608 εἰς
585 2536 683 2604 αὐτὸν
703 2537 863 2605 ἔκτισται·
891 2546 934 2605 σὺ
955 2538 1085 2611 ἔκτισας
1106 2538 1149 2604 τὰ
1169 2540 1288 2621 πάντα,

125 2645 186 2711 καὶ
199 2642 256 2709 διὰ
267 2641 306 2710 τὸ
320 2639 447 2726 θέλημά
468 2667 531 2707 σου
544 2639 609 2707 εἶσὶ
623 2640 678 2706 καὶ
696 2640 909 2722 ἐκτίσθησαν·
932 2638 1042 2707 πάντα
1056 2639 1095 2706 δι’
1110 2640 1208 2707 αὐτοῦ
1223 2642 1290 2725 ἐγέ-

127 2774 216 2816 νετο·
238 2746 260 2829 ἡ
279 2746 353 2836 χείρ
367 2772 431 2829 μου
444 2744 578 2825 ἐποίησε
592 2748 696 2811 ταῦτα
708 2744 846 2810 arama*
869 2744 904 2810 id
918 2754 976 2825 est,
993 2744 1153 2832 Quicquid
1166 2744 1290 2834 uspiam

127 2862 180 2919 est
191 2874 309 2929 rerum,
325 2854 458 2937 excepta
471 2847 577 2913 nulla:
600 2848 765 2915 innumera
779 2848 899 2937 passim
915 2858 1081 2915 occurrunt
1095 2849 1197 2934 talia).

195 2953 267 3021 Nec
281 2952 349 3018 ulla
361 2951 441 3017 ratio
456 2950 577 3030 suadet,
588 2961 626 3017 ut
645 2974 665 3016 a
684 2975 718 3017 aa
738 2952 844 3039 potius
862 2951 1030 3033 infinitam,
1050 2975 1146 3039 quam
1167 2952 1291 3019 finitam

128 3059 248 3123 habere
262 3055 407 3123 medetur
420 3054 678 3121 subsistentiamz
702 3078 743 3120 an
757 3078 777 3120 a
792 3055 886 3121 Deo?
922 3055 1003 3135 Quis
1018 3056 1047 3122 ci
1066 3057 1183 3145 (agenti
1198 3057 1292 3124 liber·

130 3164 213 3229 rimo
234 3173 266 3227 ct
287 3160 523 3248 independenti)
549 3160 767 3227 necessitatem
787 3161 949 3247 imposuit,
970 3172 1007 3228 ut
1027 3162 1216 3230 infinitatem
1235 3164 1292 3229 tri-

131 3268 244 3333 bnemt
269 3262 434 3330 materia?
478 3262 550 3343 Quo
575 3263 676 3351 liquet
703 3263 822 3330 indicio
851 3271 961 3331 revera
988 3266 1161 3334 tribuisse?
1203 3267 1292 3335 Num

132 3369 273 3457 potuerit
285 3367 375 3433 haud
394 3366 535 3455 disputo:
559 3366 643 3453 (quis
657 3366 743 3432 enim
759 3366 875 3433 divinae
890 3368 1039 3455 potentiae
1056 3369 1173 3437 limites
1193 3372 1294 3459 assig-

133 3470 225 3556 netl)
270 3470 319 3537 At
341 3471 437 3558 longe
459 3469 641 3536 credibilius
664 3468 800 3551 videtin,
824 3481 860 3536 ut
885 3470 1015 3559 reliquis
1037 3473 1132 3538 rebus
1155 3473 1238 3539 vires
1262 3484 1294 3539 et

134 3576 292 3664 potentias
314 3574 486 3663 praefinitas
509 3572 633 3655 indidit,
657 3573 703 3639 ita
725 3584 826 3641 certos
852 3574 957 3663 ipsum
983 3577 1121 3642 materiae
1144 3577 1294 3643 terminos

136 3678 294 3745 statuisse.
340 3676 382 3742 ld
394 3674 480 3763 quod
493 3674 591 3741 etiam
612 3673 820 3742 sacrosancta
838 3674 963 3765 Scripta
977 3677 1053 3743 satis
1068 3677 1232 3766 perspicue
1245 3680 1294 3746 vi-

139 3783 250 3849 dentur
278 3780 431 3848 attestari.
474 3778 559 3845 Ecca
586 3778 696 3864 (semel
724 3802 762 3845 ac
786 3780 900 3846 iterum
924 3779 1001 3845 dicit
1026 3780 1100 3847 Rex
1129 3782 1295 3870 sapientis-

139 3886 251 3971 simus)
267 3908 331 3952 non
346 3884 428 3964 coeli,
443 3907 484 3950 ne
502 3882 630 3971 quidem
652 3882 727 3949 ooeli
748 3883 899 3951 ooelonrm
921 3883 1051 3971 capiunt
1072 3884 1136 3952 te³2
1159 3886 1219 3953 hoc
1237 3900 1294 3971 est,

191 4019 201 4053 ¹
216 4021 290 4085 Ptys
302 4034 340 4072 ιν.
354 4019 379 4072 6.

191 4103 281 4170 ¹pr
293 4105 329 4155 iii,
341 4121 366 4170 p
385 4104 438 4154 Col.
450 4104 467 4152 ἰ.
483 4100 521 4153 16.
538 4102 607 4166 Apo.
619 4101 653 4151 iv.
670 4115 707 4150 ιι.
728 4101 790 4152 Joh.
803 4100 820 4151 i.
835 4112 857 4161 3.
884 4102 933 4151 Isa
946 4102 1006 4153 lxvi.
1022 4120 1042 4167 1,
1055 4106 1099 4157 irc.
1124 4108 1185 4161 Act.
1198 4110 1240 4159 vii.
1254 4121 1294 4174 50.

192 4182 420 4245 'schromii63
437 4183 471 4234 vi.
487 4182 524 4232 18.

148 4358 220 4493 tmi-
246 4353 351 4410 Matter
369 4353 395 4409 is
411 4356 461 4409 not
479 4352 616 4425 infinitely
631 4354 778 4411 extendsd
814 4354 887 4410 'lhat
902 4353 926 4409 it
944 4352 969 4409 is
988 4372 1026 4425 so,
1046 4356 1070 4412 is
1085 4360 1193 4429 maiust
1209 4362 1298 4433 Scrip

198 4524 266 4596 why
281 4526 502 4583 contumacior
519 4526 556 4583 ne
572 4527 698 4583 nonies
