3167 5192
407 397 451 463 26
761 415 949 470 nuerrorus
970 417 1112 470 onnon.
1301 397 1410 486 [uuor.
1426 413 1468 462 11.

408 583 482 666 BA,
506 585 576 654 Do
593 585 746 653 circulum
768 586 878 668 Ββῦδ
902 595 1049 674 tangunt,
1074 593 1181 653 oentro
1197 585 1232 650 Ζ
1248 607 1305 674 per
1321 585 1355 652 B
1376 595 1409 653 et
1431 585 1469 650 D

408 689 611 779 descriptum.
656 689 740 757 Cum
768 701 876 758 sutem
908 691 1091 779 hujusmodi
1122 701 1245 757 motum
1281 689 1470 755 circularem

408 790 554 858 obeundo
569 803 724 882 punctum
742 794 774 859 B
786 793 986 882 descripserit
1000 816 1108 859 areum
1126 793 1191 872 Ββ,
1207 803 1239 859 et
1258 802 1411 880 punctum
1431 792 1471 855 D

408 917 516 961 areum
530 894 592 976 De,
609 895 669 960 hoo
687 903 734 961 est
755 895 883 982 quando
900 905 985 959 reeta
1009 895 1074 960 BD
1099 893 1271 960 obtinuerit
1294 893 1390 959 situm
1407 891 1469 974 βδ,

408 999 506 1065 etism
517 999 624 1086 ipsum
632 1010 786 1086 punctum
800 1000 834 1062 D
848 999 975 1086 speculo
987 998 1145 1086 impinget
1160 997 1201 1063 ad
1213 997 1249 1078 δ;
1265 997 1472 1084 reditumque

407 1101 541 1188 proinde
560 1123 616 1188 per
630 1123 737 1166 eroum
757 1099 820 1180 el),
836 1099 957 1166 scilieet
971 1100 1072 1188 ipsius
1087 1122 1213 1187 quoque
1226 1100 1295 1187 jam
1317 1100 1471 1166 interciso

409 1227 513 1286 eursu,
528 1204 686 1270 molietur.
727 1202 792 1270 Sed
813 1211 846 1268 et
867 1225 952 1269 nuno
971 1203 1121 1292 temporis
1144 1203 1250 1292 ipsum
1265 1211 1418 1292 puuctum
1434 1205 1473 1268 B

408 1309 450 1375 sd
463 1310 491 1388 β
504 1308 643 1398 positum
658 1331 715 1396 per
729 1329 836 1373 eroum
850 1307 912 1387 βΙ)
925 1307 1044 1388 tendit;
1067 1330 1202 1395 quorum
1220 1317 1303 1374 certe
1320 1317 1471 1374 motuum

408 1409 644 1476 adversantium
658 1408 738 1475 aiter
751 1408 881 1475 ulterius
895 1409 1041 1474 effectum
1055 1408 1224 1497 impediet3
1246 1409 1353 1496 itaque
1367 1433 1472 1497 prox-

407 1514 472 1582 imo
488 1513 610 1594 saltem,
626 1512 731 1601 quoad
752 1511 822 1576 fieri
843 1510 967 1599 poterit,
991 1521 1162 1599 utrumque
1182 1535 1366 1600 progressus
1388 1513 1472 1579 arri-

406 1616 497 1706 pient
506 1640 515 1697 ;
536 1614 676 1704 proximi
690 1635 765 1679 vero
781 1620 856 1678 suut
870 1612 926 1699 qui
945 1634 1001 1700 per
1022 1622 1189 1700 tangentes
1203 1615 1261 1693 βα,
1277 1611 1333 1695 διες
1356 1615 1413 1701 qui
1434 1627 1472 1682 et

407 1719 470 1786 sibi
491 1719 575 1784 nihil
592 1726 781 1808 repugnent,
805 1723 838 1780 at
856 1714 964 1802 potius
984 1715 1112 1781 omnino
1134 1738 1241 1781 secum
1262 1717 1469 1805 conspirent3

406 1824 515 1910 itaque
527 1831 683 1910 puuctum
697 1820 730 1884 B
741 1827 932 1907 perrectum
953 1820 1011 1899 βα,
1033 1827 1250 1907 punctumque
1269 1821 1304 1885 D
1321 1843 1379 1908 per
1397 1843 1470 1888 ree-

406 1930 474 1989 tem
489 1923 528 1989 δκ
544 1930 737 2011 procurrent,
763 1919 842 1987 adeo
866 1931 903 1986 ut
925 1929 1011 1987 totus
1035 1920 1145 1987 rudius
1167 1921 1301 1988 ABDO
1319 1923 1389 2010 jam
1411 1946 1470 1990 ee·

406 2027 512 2115 quirat
540 2026 638 2092 situm
668 2023 773 2104 αβδκς
806 2032 838 2090 et
866 2047 923 2111 per
952 2023 1037 2090 haue
1063 2023 1201 2090 orbitam
1228 2029 1314 2092 rectt
1342 2038 1467 2093 motum

406 2153 501 2198 suum
535 2137 753 2219 prosequatur.
798 2127 916 2214 Liquet
953 2137 1059 2194 sutem
1093 2126 1227 2214 angulos
1259 2129 1362 2210 ΑΒΓ,
1393 2127 1471 2195 κδΕ

407 2234 535 2323 oequsri.
578 2232 665 2299 Nem
694 2241 861 2319 sequentur
890 2231 1001 2318 anguli
1030 2229 1116 2312 ΖΒδ,
1145 2230 1242 2312 ΖδΒ;
1273 2243 1468 2321 quopropter

406 2337 564 2427 adjunctis
582 2334 748 2402 hincinde
769 2335 862 2401 rectis
879 2334 981 2414 ΖΒΑ,
996 2333 1062 2414 βδκ
1080 2334 1140 2400 toti
1162 2335 1265 2416 ΑΒΕ,
1281 2334 1355 2402 108ss
1371 2359 1466 2424 peres

406 2452 508 2510 erunt.
552 2439 650 2507 Unde
669 2447 787 2527 patete
803 2437 927 2504 duobus
947 2460 1073 2525 quoque
1086 2437 1180 2504 reotis
1199 2438 1342 2506 residuos
1356 2440 1463 2522 ABE,

406 2545 480 2614 xdF
493 2543 629 2633 aequsri3
652 2543 737 2632 quod
751 2541 949 2632 propositum
963 2540 1025 2607 fuit
1040 2540 1211 2610 ostendere.

470 2753 537 2820 ΙΠ.
582 2753 635 2818 Ita
659 2752 699 2818 de
723 2748 896 2840 premissis
920 2747 1191 2836 suppositionibus
1212 2748 1329 2815 nostris
1349 2747 1465 2815 fundu-

403 2857 574 2924 mentalem
600 2857 683 2924 hane
708 2852 898 2943 Ostoptricae
919 2853 1023 2940 legem
1051 2875 1106 2918 seu
1134 2851 1277 2938 regulam
1305 2851 1462 2934 elicimus,

405 2980 502 3045 quem
517 2957 730 3024 verisimiliter
748 2966 804 3021 sut
827 2955 980 3021 concinne
1003 2977 1100 3042 penes
1124 2976 1181 3019 vos
1203 2964 1270 3022 esto
1291 2955 1463 3042 judicium.

404 3059 480 3126 Nou
509 3059 667 3124 diffitebor
695 3067 802 3123 eutem
831 3067 886 3122 eut
914 3055 1041 3143 penitus
1067 3055 1275 3122 dissimulabo
1304 3079 1368 3122 uon
1393 3079 1465 3126 esse

404 3161 489 3228 nihil
508 3161 592 3250 quod
614 3161 666 3226 his
686 3159 781 3247 objici
798 3160 909 3248 possit,
932 3169 965 3225 et
986 3158 1153 3224 dubitandi
1175 3181 1303 3225 cerream
1322 3159 1462 3247 injicere.

406 3264 473 3333 Our
492 3265 587 3345 enim,
610 3272 812 3352 peroontetur
832 3260 957 3349 aliquis,
982 3258 1109 3347 quaudo
1134 3260 1237 3326 solum
1255 3269 1409 3348 punctum
1430 3263 1468 3328 B

403 3391 514 3436 versus
528 3369 561 3435 A
576 3367 738 3448 renitatur,
751 3376 783 3432 et
798 3373 900 3432 totum
916 3364 1008 3430 lineae
1022 3363 1087 3428 BD
1101 3362 1187 3451 quod
1201 3374 1343 3452 superest
1356 3375 1464 3453 partes

405 3482 534 3562 oppetat
555 3471 737 3551 contrarius,
759 3492 826 3535 non
843 3469 926 3534 eirea
948 3477 1102 3555 punctum
1125 3467 1297 3555 quodpiam
1317 3467 1405 3536 eliud
1427 3472 1465 3540 in

403 3578 475 3665 ipso
491 3576 565 3656 BD,
587 3585 705 3663 puncto
726 3574 760 3638 B
779 3570 998 3660 propinquius,
1022 3562 1071 3636 ut
1084 3581 1174 3657 puts·
1187 3570 1269 3636 eires
1288 3572 1333 3653 X,-
1354 3573 1465 3661 potius

292 3727 298 3740 .
328 3727 335 3741 .
403 3680 467 3745 istu
495 3678 622 3766 gyratio
655 3675 853 3764 concipiatur
882 3671 1088 3762 peragenda?
1137 3672 1328 3761 Respondeo
1364 3696 1463 3763 quom

404 3780 600 3860 brevissime,
625 3778 786 3866 (quoniam
809 3777 940 3842 inuitato
960 3798 1054 3842 cursu
1076 3776 1208 3844 tendens
1228 3777 1360 3846 ulterius
1378 3803 1464 3868 aegre

404 3907 543 3951 remores
556 3883 640 3966 fert)
657 3880 693 3946 id
707 3881 741 3945 in
756 3884 871 3945 naturt
885 3889 1064 3946 constanter
1077 3880 1226 3962 occidere,
1242 3904 1342 3970 quum
1357 3895 1464 3954 motus

402 3998 508 4055 rectus
535 3987 570 4052 in
593 3983 777 4050 circularem
807 3982 986 4070 degeneret,
1013 3993 1051 4048 ut
1079 3994 1229 4051 extremae
1251 3986 1380 4054 sibimet
1405 3988 1464 4055 ad·

402 4113 503 4158 verere
516 4089 684 4156 mobilium
707 4095 813 4176 partes
838 4107 965 4152 omnem
984 4094 1106 4152 motum
1129 4086 1271 4174 dirigunt
1293 4113 1330 4156 uo
1352 4091 1462 4161 mode·

403 4202 520 4273 rentur,
535 4191 667 4278 reliquis
690 4189 732 4255 od
752 4187 879 4254 illarum
897 4187 1027 4253 ductum
1048 4189 1308 4276 oompoueutibus
1328 4215 1373 4274 se,
1393 4218 1461 4262 mo-

402 4305 518 4383 tusque
536 4319 610 4361 suos
625 4293 927 4381 attemperuutibus3
949 4313 1053 4378 neque
1077 4315 1141 4358 non
1162 4291 1212 4358 his
1237 4316 1317 4380 quos
1340 4298 1461 4364 obex.

402 4408 573 4464 tremarum
587 4398 838 4477 oontrurismum
855 4407 950 4484 atque
972 4395 1152 4463 conflictum
1173 4397 1316 4466 emittere
1333 4423 1459 4468 neeesse

402 4501 523 4570 hubent
547 4501 582 4566 iu
605 4501 678 4567 illas
706 4499 1021 4582 transfundentibus;
1044 4523 1108 4590 quo
1132 4501 1171 4568 fit
1191 4511 1229 4568 ut
1249 4502 1363 4570 mediis
1385 4504 1460 4572 hine
