3167 5192
447 367 513 433 398
707 384 894 436 naorronns
916 383 1188 434 uarnsnnmoe.
1280 369 1384 454 [neor.
1397 387 1483 436 xxvi.

445 551 551 636 figura
578 550 650 639 ipsa
677 553 769 639 quasi
800 563 939 620 transeat
963 553 998 618 in
1019 562 1170 620 sectorem
1193 555 1392 643 sphaericum,
1419 557 1484 622 eatis

446 654 649 720 manifestum
670 666 729 736 est,
746 656 833 743 quod
1113 653 1118 663 ¹

282 761 384 811 ΤΜ
393 774 431 810 V1·
512 755 623 824 sector
636 759 810 846 sphaericus
825 769 967 847 eequatm
986 781 1075 840 cono,
1091 760 1183 848 eujus
1203 760 1340 828 altitudo
1361 772 1485 849 aequatur

281 831 431 956 ἓξὲξ.
445 857 534 926 radio
548 861 698 947 sphaerae;
721 862 809 928 basis
824 873 930 928 autem
950 861 1127 950 superficiei
1152 863 1316 950 sphaerioae
1338 863 1483 951 portionis,

444 961 497 1027 oui
511 972 612 1029 sector
625 962 755 1044 insistit,

508 1063 659 1132 Procedit
681 1065 721 1132 de
744 1075 873 1149 sectore,
900 1067 956 1154 qui
981 1089 1046 1134 non
1068 1076 1117 1133 est
1141 1067 1366 1155 hemisphaerio
1389 1069 1482 1157 major.

442 1168 492 1233 At
505 1178 703 1236 consectatur
716 1169 813 1236 etiam
829 1169 869 1236 de
883 1171 1011 1258 majore.
1056 1155 1140 1237 Vide
1156 1170 1275 1239 Coroll.
1292 1174 1325 1238 5.

899 1336 1046 1406 Corone.

280 1489 402 1538 Annum.
510 1476 541 1540 1.
585 1473 856 1563 Hemisphaerium
876 1484 1019 1562 equatur
1033 1497 1122 1556 cono,
1138 1476 1227 1562 cujus
1250 1474 1340 1542 hosis
1359 1485 1482 1562 equatur

280 1565 355 1603 ¹¹⁷¹·
371 1569 382 1604 ¹
386 1590 392 1604 ·
442 1577 621 1665 superficiei
641 1577 857 1666 hemisphaerii
880 1577 952 1664 (hoc
971 1587 1030 1660 eet,
1051 1577 1157 1665 duplae
1179 1578 1396 1668 hemisphaerii
1412 1577 1480 1660 basi)

441 1689 475 1745 et
488 1680 624 1746 altitudo
637 1680 726 1746 radio
740 1679 883 1768 sphaerae.
924 1679 979 1761 Et,
1553 1683 1554 1686 ’

506 1821 538 1885 2.
582 1817 854 1906 Hemisphaerium
870 1817 1003 1906 duplum
1018 1828 1066 1885 est
1085 1819 1157 1885 coni
1172 1837 1268 1908 super
1282 1819 1391 1888 eadem
1409 1819 1478 1898 base,
1553 1835 1554 1866 ³

441 1930 473 1988 et
488 1921 549 1988 sibi
564 1944 653 2010 aeque
667 1921 736 1988 alti.
780 1920 827 1986 Et
841 1921 983 2010 proinde,

504 2054 536 2120 3.
581 2053 852 2141 Hemisphaerium
868 2064 917 2121 eet
930 2056 952 2140 ξ
966 2053 1103 2143 cylindri
1125 2077 1220 2144 super
1241 2055 1376 2122 eandem
1391 2053 1477 2131 basin,

439 2169 471 2223 et
485 2180 575 2245 reque
589 2157 658 2224 alti.
702 2157 748 2223 Et
762 2168 997 2246 consequenter,

502 2296 536 2360 4.
580 2292 665 2360 Tota
683 2292 809 2382 sphaera
833 2293 1099 2380 subsesquialtera
1120 2302 1169 2359 est
1190 2292 1330 2380 cylindri
1351 2291 1409 2359 sibi
1429 2289 1477 2356 eir·

438 2395 631 2484 cumscripti.
829 2389 832 2394 ’

504 2500 683 2590 Separatim
707 2501 768 2566 hoc
797 2501 905 2568 nobile
934 2501 1096 2568 theorema
1124 2501 1355 2568 demonstravit
1374 2507 1473 2572 suomi,

437 2605 550 2692 quidni
564 2605 679 2672 melius
697 2604 904 2693 perperciseet
918 2627 1031 2692 operae,
1047 2627 1119 2670 oum
1133 2603 1169 2669 in
1182 2604 1246 2672 isto
1265 2601 1402 2693 genardi
1413 2619 1474 2666 oon·

437 2710 585 2790 lineatur,
601 2717 657 2774 aut
671 2708 712 2775 ab
727 2715 765 2774 ed
779 2707 961 2774 immediate
976 2707 1131 2776 resultet?

276 2861 291 2887 ⁵
350 2879 394 2912 m·
502 2845 534 2911 5.
578 2845 689 2912 Etiam
703 2846 830 2911 *sector
844 2845 976 2932 sphaerae
991 2845 1092 2931 major
1105 2845 1331 2933 hemisphaerio
1350 2850 1472 2931 nquam
1551 2853 1552 2894 l

292 2992 298 3004 .
356 2928 412 2979 “¹³⁸
436 2968 526 3027 cono,
550 2948 641 3034 cujus
667 2947 804 3014 altitudo
829 2947 937 3014 radius
960 2948 1101 3036 sphaerae,
1125 2959 1158 3015 et
1179 2949 1266 3016 basis
1290 2947 1414 3038 aqualis
1429 2965 1471 3009 su·

436 3047 575 3136 perficiei
590 3073 656 3116 suae
670 3050 843 3139 sphaericee.

500 3150 587 3218 Nam
601 3152 662 3218 sie
682 3175 770 3234 oono,
785 3155 877 3242 cujus
900 3152 1035 3220 altitudo
1057 3153 1166 3221 radius
1187 3153 1331 3242 ephaerae,
1353 3161 1383 3218 et
1398 3147 1469 3216 heris

435 3253 616 3342 superficies
626 3254 724 3320 totius
739 3254 881 3342 sphaerae,
893 3255 1052 3322 auferatur
1066 3277 1163 3322 conus
1178 3256 1230 3322 cui
1244 3253 1377 3321 altitudo
1389 3251 1468 3318 etium

435 3357 543 3425 radius
556 3356 700 3445 sphaerae,
715 3366 748 3423 et
762 3359 849 3425 basis
865 3358 1048 3446 superficies
1062 3359 1195 3424 minoris
1209 3357 1369 3446 portionis,
1383 3373 1468 3418 rema

321 3477 326 3486 ·
434 3461 525 3527 nebit
538 3483 636 3526 oonus
650 3459 762 3527 itidem
783 3461 985 3528 altitudinem
1007 3461 1128 3528 habens
1149 3461 1273 3527 radium
1297 3459 1424 3548 sphaera,
1441 3463 1466 3518 et

434 3563 526 3631 basin
552 3563 706 3651 aequalem
728 3563 905 3651 superficiei
927 3563 1087 3653 sphaericae
1101 3564 1236 3632 residuae
1247 3589 1256 3646 ;
1280 3564 1334 3652 qui
1355 3555 1465 3652 proinde

433 3691 492 3757 par
505 3675 554 3734 est
566 3667 680 3734 sectori
693 3666 806 3754 majori
821 3667 957 3734 residuo.

498 3809 530 3873 6.
575 3803 739 3892 sphaerica
752 3804 855 3892 portio
877 3803 1100 3893 hemisphaerio
1114 3805 1218 3872 minor
1232 3813 1370 3894 aequetur
1388 3817 1461 3872 cono,
1547 3829 1548 3844 ¹

432 3910 529 3997 eujus
538 3908 674 3975 altitudo
695 3917 744 3975 eet
764 3907 874 3974 radius
896 3908 1037 3997 sphaerae,
1052 3908 1139 3975 basis
1157 3908 1288 3996 aequalis
1309 3894 1460 3995 superficiei

431 4036 497 4078 suae
511 4011 690 4100 sphaericae3
713 4010 820 4076 minus
838 4033 917 4077 cono
932 4032 1026 4100 super
1040 4011 1150 4078 eadem
1166 4013 1242 4080 base
1256 4013 1394 4081 verticem
1414 4003 1460 4070 ht·

430 4117 526 4183 beute
540 4115 574 4180 iu
589 4121 695 4180 centro
710 4113 852 4202 sphaerae.

496 4255 527 4319 7.
572 4249 736 4339 Sphaeriea
756 4249 860 4337 portio
879 4248 1101 4338 hemispherio
1122 4249 1223 4336 major
1241 4247 1335 4316 simili
1354 4259 1458 4352 quoque

430 4374 508 4420 oono
523 4363 675 4440 aequatur,
695 4353 752 4419 sed
771 4351 917 4419 addendo
931 4375 1046 4420 conum
1061 4375 1155 4442 super
1174 4353 1284 4420 eadem
1297 4353 1365 4420 hese
1378 4355 1455 4412 vem·

429 4481 498 4526 oem
513 4457 651 4524 habente
664 4457 698 4522 in
714 4467 821 4525 centro
836 4456 978 4546 sphaerae.
