3167 5192
296 361 361 429 172
633 372 819 425 ιισιιοιιι
841 370 1114 421 ιιιιιιιιιιιι.
1278 350 1384 438 [nece.
1402 368 1462 419 ιιι.
1568 360 1569 369 ’

296 558 391 615 tenus
405 541 527 612 variato
542 542 681 631 spatium
695 541 781 609 idem
798 540 992 629 possideant.
1036 539 1203 620 Quomodo
1222 551 1343 607 cuncta
1359 550 1464 607 rectae

297 651 401 730 lineae,
415 648 522 736 planae
536 646 726 734 superficies,
742 645 913 734 equalium
932 645 1120 711 circulorum
1137 646 1331 734 peripheria,
1347 668 1466 733 aqna·

297 752 379 819 lium
396 750 590 839 sphaerarum
604 748 794 838 superficies,
811 748 931 814 similes
950 747 985 813 in
1005 748 1181 834 equalibus
1201 748 1334 823 eircmis,
1349 748 1467 835 cylin-

299 855 375 936 dris,
387 852 519 942 sphaeris
533 852 660 933 helices,
672 862 705 917 et
718 852 791 917 aliae
801 872 998 938 quascunque
1011 849 1237 939 perfectissime
1248 850 1366 917 similes
1381 852 1466 935 (hoc

298 968 358 1039 eat,
380 956 502 1023 similes
522 966 556 1023 et
576 956 726 1044 aequales)
750 955 988 1043 magnitudines
1010 978 1181 1042 congruere
1201 964 1343 1043 possm
1392 953 1468 1019 Hic

299 1080 443 1127 summus
457 1068 506 1125 est
519 1057 756 1148 perfectissimae
769 1058 983 1145 congruentiae
998 1058 1127 1145 gradus.

365 1174 395 1229 2.
427 1161 582 1242 Secundo,
594 1162 640 1227 sic
653 1171 691 1227 ut
701 1161 878 1227 successive
889 1184 945 1249 per
955 1171 1070 1248 partes,
1082 1160 1195 1227 itidem
1208 1182 1273 1227 non
1287 1159 1469 1226 immutato

299 1266 438 1355 partium
458 1265 534 1346 situ,
556 1266 660 1332 eidem
682 1266 786 1354 spatio
808 1265 996 1333 coincidunt.
1041 1264 1113 1347 Quo
1134 1275 1227 1351 paeto
1248 1272 1340 1331 reete
1360 1263 1467 1331 lineae

299 1369 412 1457 figure
425 1368 597 1457 cujuslibet
608 1368 778 1455 perimeter
789 1378 882 1434 rectae
896 1366 989 1435 lincea
1004 1367 1039 1433 in
1053 1366 1238 1433 continuum
1252 1378 1467 1454 exporrecta,

300 1483 334 1539 et
346 1471 508 1560 prismatis
518 1470 699 1559 superficies
710 1470 887 1559 superficiei
898 1470 1001 1559 planae
1011 1472 1046 1535 in
1057 1470 1212 1537 directum
1224 1470 1337 1558 positae
1351 1481 1469 1557 potest

300 1575 454 1663 adaptari.
498 1573 564 1654 Qui
576 1574 741 1661 proximus
756 1584 805 1639 eet
819 1574 910 1661 quasi
925 1572 1042 1661 gradus
1056 1571 1218 1660 possibilis
1232 1572 1468 1657 congruentiae.

311 1724 315 1733 ι
367 1688 398 1747 3.
434 1676 552 1759 Tertio,
567 1677 614 1743 sic
629 1686 667 1743 ut
689 1676 797 1743 omnia
814 1674 1046 1763 magnitudinis
1063 1674 1229 1761 utriusque
1246 1672 1471 1739 indivisibilia

301 1782 337 1849 in
351 1781 488 1849 eundem
501 1782 607 1849 locum
620 1779 801 1861 succedant,
815 1789 914 1867 utque
928 1779 1025 1845 etiam
1043 1787 1157 1844 neutra
1174 1776 1363 1866 positionem
1386 1800 1469 1845 eva·

301 1885 363 1952 siet
381 1886 531 2001 partium.
575 1884 651 1963 Qua
669 1883 792 1950 ratione
813 1882 891 1949 dum
908 1892 977 1948 rota
995 1882 1048 1949 vel
1066 1880 1202 1947 circulus
1224 1902 1319 1967 super
1339 1890 1468 1947 rectam

302 1986 462 2054 lineam
434 2010 465 2053 er
479 2008 605 2074 semper
616 1986 801 2084 contiguam
817 1984 939 2051 incedit
954 1996 1043 2051 motn
1060 1983 1270 2073 progressive,
1285 1982 1467 2072 eodemque

302 2100 443 2176 tempore
468 2088 552 2155 circa
575 2098 718 2155 caunum
743 2111 838 2157 sunm
863 2088 1035 2168 volutatur,
1061 2088 1131 2175 ejus
1159 2085 1338 2176 peripheria
1366 2086 1468 2153 dictae
1568 2076 1569 2083 ἵ

302 2200 396 2257 rectae
409 2188 503 2257 lineae
516 2191 681 2278 congruit3
703 2202 824 2280 puncta
837 2191 955 2279 qnippe
970 2200 1084 2257 cuncta
1096 2188 1283 2279 peripheria
1297 2188 1467 2257 circularis

303 2294 452 2361 omnibus
473 2304 566 2361 recta
589 2295 683 2362 lineae
704 2294 834 2383 punctis
855 2294 966 2362 ordine
986 2294 1135 2361 continue
1156 2292 1336 2360 successivo
1357 2294 1466 2382 appli-

303 2408 433 2484 cantnr;
458 2399 536 2485 (qut
555 2421 597 2464 ex
618 2399 835 2485 congruentia,
853 2407 890 2465 ut
914 2397 976 2464 hoe
993 2398 1095 2466 obiter
1113 2418 1270 2478 moneam,
1293 2396 1464 2463 manifeste

303 2501 493 2591 perspicitur
515 2501 657 2590 aliquam
681 2512 800 2569 rectam
825 2502 945 2571 lineam
970 2501 1157 2592 peripheriae
1185 2522 1291 2567 curvae
1315 2498 1463 2567 circulari

303 2605 473 2692 adequari,
499 2604 640 2693 adeoque
667 2604 778 2671 circuli
806 2606 1070 2692 tetragonismum
1091 2625 1156 2670 non
1177 2626 1246 2671 esse
1266 2610 1384 2671 natura
1403 2609 1465 2671 snt

302 2729 431 2795 prorsus
445 2706 694 2794 impossibilem
716 2706 751 2771 id
764 2706 850 2794 quod
865 2708 911 2773 sic
928 2706 1082 2795 exprimit
1098 2706 1296 2795 supradictus
1315 2706 1464 2773 acutissi·
1567 2730 1568 2757 ³

303 2831 375 2873 mus
389 2808 560 2876 Geometra
573 2810 608 2874 in
622 2808 855 2897 Cyclometrico
873 2833 949 2892 suo;
979 2810 1067 2877 Toto
1090 2812 1194 2897 atique
1214 2822 1259 2877 est
1277 2810 1463 2877 Meam

303 2908 419 2975 &eati
429 2911 575 2997 crp'ceque
589 2910 747 2992 revolutio,
763 2911 858 2979 denec
871 2912 917 2979 cd
934 2914 1017 2979 &aa
1030 2912 1221 3001 pm'plert'oe
1236 2924 1394 2999 pandam
1414 2936 1462 2979 ro-

304 3020 422 3089 curret,
442 3011 525 3075 cade
545 3012 741 3080 circumduci
755 3028 923 3103 occeperat
927 3040 944 3097 ,·
966 3038 1034 3101 ιιι
1052 3014 1137 3081 illud
1154 3014 1280 3101 quidem
1296 3016 1418 3101 argaei,
1434 3028 1464 3081 et

305 3122 455 3196 tanquam
467 3112 504 3177 ol>
518 3113 621 3179 eccles
633 3118 724 3203 ponit
741 3130 857 3183 roetacn
877 3118 1018 3205 aliquam
1038 3118 1153 3183 lineam
1168 3115 1283 3185 circuli
1294 3119 1464 3205 palmam

304 3217 415 3279 record
436 3214 586 3300 equalem
606 3217 751 3284 celtiberi
765 3243 863 3307 posce.
908 3218 1046 3307 Parique
1065 3218 1187 3286 ratione
1203 3240 1276 3285 cnm
1295 3218 1464 3306 cylindrus
1566 3206 1567 3257 i

304 3314 387 3381 circa
401 3338 494 3383 sunm
512 3340 607 3384 axem
626 3330 748 3387 rotatus
768 3344 864 3409 supra
883 3321 1014 3409 planam
1033 3321 1231 3409 superficiem
1249 3322 1462 3409 progreditur,

303 3419 373 3507 ejus
387 3439 484 3485 curva
497 3420 679 3508 superficies
694 3422 787 3489 dictae
805 3422 909 3511 planes
929 3423 1106 3511 superficiei
1125 3422 1283 3511 exquisite
1302 3426 1462 3510 congruit.

304 3522 424 3591 Omnes
449 3524 568 3613 quippe
596 3548 668 3613 qna
697 3526 846 3615 deinceps
871 3527 910 3593 in
939 3527 1077 3615 cylindri
1106 3527 1270 3616 superficie
1298 3528 1463 3615 dispositae

299 3627 408 3715 jacent
421 3637 515 3694 recte
528 3628 621 3694 lineae
640 3628 808 3715 parallelae,
824 3630 985 3717 parallelis
1007 3631 1154 3699 omnihus
1176 3630 1211 3697 in
1232 3630 1330 3718 plana
1350 3652 1464 3719 super-

303 3729 375 3797 ficie
387 3731 481 3797 rectis
496 3729 589 3797 lineis
604 3732 754 3797 continue
768 3732 932 3799 indivulse
945 3734 1025 3801 serie
1040 3732 1249 3823 applicantur.

367 3842 397 3899 4.
420 3831 551 3914 Quarto,
561 3834 607 3899 sic
617 3844 655 3901 ut
665 3834 761 3901 simul
775 3836 912 3903 eundem
923 3836 1028 3905 locum
1043 3846 1197 3925 occupent
1210 3835 1349 3924 partium
1363 3834 1464 3905 unius
1565 3830 1566 3858 ¹

356 4117 381 4168 2
416 4112 492 4183 They
501 4130 565 4184 may
575 4114 698 4171 coincide
708 4114 746 4186 1)]
755 4120 834 4187 perta
845 4116 873 4172 in
886 4118 1038 4174 snccessicn
1049 4118 1165 4177 without
1176 4120 1282 4191 clange
1292 4118 1324 4177 oi
1332 4118 1423 4177 order.

357 4202 381 4252 3.
417 4198 645 4256 mendesius
667 4204 745 4269 parts
761 4202 793 4257 ei
805 4218 857 4257 one
877 4204 1040 4273 magnitude
1058 4220 1121 4276 may
1138 4206 1262 4263 coincide
1280 4206 1462 4275 mvelt
1564 4208 1565 4277 l

303 4281 371 4337 with
383 4282 516 4351 another3
532 4300 564 4340 aa
574 4285 654 4341 when
664 4304 682 4342 a
692 4288 775 4344 circle
786 4288 853 4344 rolla
864 4306 899 4345 on
911 4306 929 4345 a
940 4291 1060 4360 straight
1070 4291 1133 4347 line

337 4368 451 4438 (Hence
461 4369 803 4443 thereisaatnmghtline
814 4375 896 4445 equcl
907 4379 938 4431 te
949 4376 998 4431 the
1007 4376 1222 4435 circumference
1233 4378 1264 4433 oi
1271 4394 1289 4435 a
1300 4376 1403 4450 circle)

355 4461 380 4509 4.
414 4453 473 4511 'ihc
488 4459 566 4526 parts
581 4457 613 4511 oi
624 4473 677 4514 one
692 4460 855 4528 magnitude
866 4478 928 4532 ιιι]
939 4462 1011 4519 alter
1023 4462 1096 4519 their
1107 4464 1227 4534 position
1238 4465 1377 4535 retaining
1387 4464 1462 4524 their
