3167 5192
425 391 465 456 12
775 408 961 460 suomours
983 407 1123 460 omma
1334 390 1455 478 [naor.
1472 405 1497 453 1.

424 599 517 666 opera
543 576 717 658 conducat;
746 598 850 664 neque
875 577 981 643 miuus
1007 576 1050 644 ad
1077 577 1318 645 Astronomicas
1347 576 1499 643 rationes

424 701 520 768 quam
542 679 637 767 plane
657 680 832 746 necessaria
853 679 914 760 sit3
935 689 973 746 ut
987 679 1234 766 Perspectivam,
1255 679 1443 753 Picturam,
1466 689 1501 744 et

424 781 476 847 his
491 793 623 868 agnatus
645 781 724 847 alias
741 783 877 848 eximias
900 782 997 848 Artes
1017 793 1147 864 taccam,
1162 805 1234 870 quae
1257 793 1334 849 totae
1360 790 1500 870 quantae

425 897 552 973 quanta
567 897 642 953 suut
663 887 704 952 ab
730 892 768 953 et
792 887 943 973 pendent,
969 909 1006 952 ac
1028 887 1185 974 principia
1205 909 1264 953 sua
1286 896 1498 952 mutuantur.

424 988 475 1055 Ut
488 1001 521 1055 et
534 1000 717 1077 praeteream
732 989 849 1076 qualia,
866 999 948 1054 certe
968 989 1027 1054 vix
1040 990 1141 1076 pretio
1156 1012 1214 1055 suo
1229 987 1439 1068 aestimanda,
1457 985 1501 1052 ad

425 1092 503 1157 vite
516 1091 693 1157 communis
709 1113 804 1157 usum
825 1091 979 1157 beneficia
1000 1092 1237 1174 subministret;
1260 1091 1353 1158 visus
1373 1092 1501 1178 imper-

425 1193 614 1260 fectionibus
644 1204 676 1260 et
703 1195 793 1260 vitiis
818 1205 884 1260 tam
910 1205 1065 1282 prompta,
1100 1217 1197 1282 quam
1233 1205 1327 1276 certa,
1361 1192 1501 1259 minimi

426 1307 582 1385 sumptus,
598 1306 631 1363 ct
653 1297 775 1363 nullius
800 1297 932 1385 periculi
955 1297 1095 1363 remedia
1117 1297 1315 1365 conferendo.
1364 1295 1502 1384 Neque,

426 1423 525 1488 quum
541 1401 772 1467 curiosissimus
794 1403 854 1468 iste
873 1423 984 1470 sensus
999 1411 1106 1468 noster
1126 1402 1172 1468 ita
1185 1402 1291 1468 varias
1311 1400 1438 1482 indies,
1456 1400 1505 1466 ita

426 1503 522 1568 muas
536 1527 640 1570 rerum
655 1504 775 1592 species
796 1503 948 1570 exhibeat
967 1504 1079 1584 nobis3
1102 1527 1167 1570 non
1187 1504 1360 1572 admodum
1384 1501 1502 1569 oblec-

425 1619 492 1674 tare
521 1631 589 1689 uos,
619 1631 684 1674 nou
712 1609 833 1674 eximit
861 1607 1025 1696 voluptate
1053 1617 1175 1673 mentes
1204 1617 1329 1674 nostras
1366 1607 1500 1672 afficere

426 1712 537 1800 possit,
551 1712 637 1777 unde
653 1711 726 1777 talis
744 1721 885 1798 emergat
901 1711 1153 1800 apparentiamm
1169 1710 1347 1792 diversitas,
1363 1721 1403 1776 et
1421 1708 1500 1797 quis

427 1815 469 1881 sit
483 1815 556 1880 illas
572 1814 750 1902 attingendi
764 1814 878 1881 modus
893 1814 1010 1881 nedum
1031 1825 1183 1897 accurate,
1199 1825 1347 1903 certoque
1367 1836 1499 1902 cogno-

426 1938 521 1996 scere,
538 1915 594 1981 scd
608 1928 768 2003 utcunque
782 1917 998 1983 verisimiliter
1012 1917 1175 1999 arbitrari3
1195 1917 1371 2006 praescrtim
1390 1939 1498 2006 quum

427 2018 463 2083 in
477 2017 567 2083 uullt
580 2028 668 2106 parte
682 2019 792 2100 nostri,
810 2041 870 2085 nec
888 2019 922 2084 in
944 2024 1011 2085 tota
1031 2018 1174 2086 fortassis
1195 2041 1299 2085 rerum
1322 2041 1495 2108 compage,

427 2122 679 2202 necessitatibus,
706 2123 888 2204 commodis,
915 2132 947 2188 ct
971 2123 1191 2211 voluptatibus
1216 2123 1332 2189 nostris
1361 2121 1496 2210 prospi-

427 2226 539 2292 cientis
554 2225 694 2292 melioris
715 2235 837 2294 naturae
852 2248 907 2292 seu
922 2227 1001 2293 fines
1017 2227 1142 2314 agendi,
1159 2251 1215 2294 seu
1233 2226 1344 2293 modos
1358 2226 1494 2315 plenius

426 2351 579 2418 queamus
594 2329 786 2417 perspicere;
810 2351 967 2417 nusquam
984 2329 1061 2395 adeo
1076 2329 1257 2396 distinctius
1277 2339 1332 2395 aut
1346 2329 1494 2417 apertius

427 2434 549 2522 opificis
564 2438 737 2522 πανσόφου
750 2433 872 2500 eluceat
887 2433 1066 2500 artificium.
1105 2431 1226 2500 Verum
1241 2433 1346 2520 elogia
1358 2444 1494 2522 pertex-

427 2557 479 2604 ere
502 2559 566 2603 non
594 2547 697 2619 vacat,
724 2545 780 2603 aut
809 2535 958 2603 convenit
986 2535 1088 2603 nobis.
1133 2535 1216 2604 Rem
1245 2537 1353 2625 potius
1383 2537 1491 2626 ipsam

427 2639 661 2730 mersimu-

492 2846 559 2914 III.
604 2846 684 2927 Quae
713 2846 797 2912 circa
821 2846 927 2912 visum
951 2856 1122 2934 occupatur
1146 2845 1316 2936 disciplina
1344 2869 1490 2914 commu-

428 2950 511 3014 niter
530 2951 565 3014 in
579 2950 641 3017 tria
657 2950 801 3016 membra
826 2949 1028 3036 dispertitum
1051 2950 1200 3037 primum,
1223 2951 1309 3039 quod
1327 2950 1418 3018 visus
1439 2950 1489 3017 di-

427 3052 522 3117 rectis
541 3051 639 3117 radiis
662 3051 786 3138 objecta
806 3051 962 3116 cernentis
985 3051 1164 3117 affectiones
1188 3052 1383 3135 considerat3
1414 3051 1488 3139 (hoc

428 3152 591 3241 speciatim
621 3151 735 3241 Optioe
759 3152 942 3218 nominatur
952 3155 973 3238 ς)
1005 3153 1149 3235 alterum,
1176 3155 1262 3243 quod
1286 3155 1487 3222 aradiorum

428 3257 470 3321 ab
484 3255 591 3342 opacis
613 3253 796 3341 corporibus
817 3275 1002 3342 repercussu
1020 3256 1169 3322 oriundas
1187 3255 1367 3345 speculatur
1388 3281 1487 3348 appa-

427 3359 564 3438 rentias3
583 3357 647 3443 (oni
666 3355 856 3444 Oatoptricae
878 3379 995 3424 nomeu
1009 3359 1145 3425 inditum
1155 3359 1176 3445 3)
1194 3360 1323 3427 tertium
1337 3359 1485 3452 denique,

427 3458 514 3547 quod
532 3459 604 3525 ideo
623 3457 790 3545 Dioptrica
810 3458 976 3539 vocitatur,
999 3459 1076 3546 quia
1094 3483 1204 3526 causas
1226 3460 1407 3549 investigat,
1430 3472 1487 3529 aut

428 3565 561 3652 exponit
585 3586 693 3630 eorum
717 3585 788 3650 quae
812 3586 831 3628 a
856 3563 953 3629 radiis
979 3574 1132 3652 apparent
1153 3587 1210 3652 per
1232 3564 1358 3632 diversa
1379 3567 1486 3633 media

427 3669 708 3748 translucentibus,
730 3677 762 3734 et
785 3691 894 3734 eornm
915 3691 1046 3734 occursu
1067 3669 1247 3736 demutatis.
1292 3669 1398 3750 Quam
1420 3671 1487 3738 dis·

427 3773 635 3838 tributionem
648 3781 763 3837 utnon
783 3771 1010 3859 improbamus,
1028 3772 1075 3837 ita
1095 3772 1188 3839 uobis
1207 3771 1294 3838 haud
1314 3774 1486 3840 observan-

428 3875 502 3942 dam
516 3875 740 3964 proponimus3
762 3875 881 3940 nedum
896 3875 972 3962 quia
986 3874 1088 3940 multa
1101 3875 1220 3963 pariter
1240 3875 1291 3941 his
1306 3877 1487 3943 commum'a

428 3989 512 4061 sunt,
536 3988 568 4045 at
590 3979 748 4066 praecipue
773 3979 850 4065 quia
870 3978 953 4044 visio
975 3978 1106 4066 quoeris,
1128 3989 1166 4045 ut
1189 3978 1267 4045 libet
1292 3980 1429 4067 simplex
1448 4003 1485 4046 ac

427 4081 555 4163 directa,
571 4083 666 4148 sicuti
688 4087 798 4147 revert
811 4105 876 4148 nou
897 4084 1016 4170 absque
1031 4083 1187 4150 nonnullt
1200 4083 1360 4149 radiorum
1377 4083 1484 4150 inflec-

426 4185 513 4250 tione
527 4186 699 4272 peragitur,
721 4184 767 4250 ita
789 4208 849 4252 uec
866 4191 904 4251 et
925 4186 1048 4252 secluso
1070 4185 1198 4274 penitus
1222 4185 1361 4274 intelligi
1381 4196 1484 4275 potest

427 4295 483 4351 aut
497 4287 660 4374 explicari.
705 4287 812 4375 Igitur
833 4289 1017 4376 hujusmodi
1037 4289 1185 4356 methodo
1208 4289 1315 4378 potius
1336 4289 1484 4356 insisten-

424 4389 504 4460 ¹dum
520 4411 702 4472 censemus;
724 4402 762 4458 ut
775 4417 889 4482 nempe
907 4393 1010 4481 primo
1029 4393 1162 4459 visionis
1182 4415 1294 4458 causas
1320 4394 1402 4479 (quae
1425 4392 1484 4459 sci·

422 4493 502 4562 ‘licet
517 4491 605 4560 illam
621 4494 816 4562 extrinsecus
831 4496 979 4576 efficiunt,
996 4505 1051 4562 aut
1070 4493 1224 4580 afficiunt)
1246 4495 1481 4573 examinemus3
