3167 5192
527 589 654 679 Prefw
675 589 889 679 qt'Borrow'a
909 589 1121 680 Archimedes,
1144 592 1201 660 ὥσ.
1406 528 1426 560 θ

812 736 910 806 loto
993 790 997 798 .

704 1185 1014 1268 LECTORL

404 1424 615 1496 ETUSTOS
635 1426 794 1513 authores,
810 1401 1014 1496 scientiarum
1033 1432 1192 1513 parentes,
1208 1424 1251 1492 ab
1264 1424 1397 1494 interitu

424 1537 530 1606 salros
551 1539 704 1629 precaturi,
727 1535 924 1630 posterorum
947 1539 1101 1605 interesse
1123 1537 1260 1620 ridetur,
1283 1561 1324 1606 ne
1345 1538 1396 1604 in·

336 1647 421 1736 grati
435 1647 577 1716 audiunt.
598 1645 718 1740 ¹Neque
732 1649 860 1716 tametsi
874 1669 946 1738 quae
960 1645 1125 1714 continent
1139 1645 1290 1734 pleraque
1301 1645 1397 1713 noris

337 1757 479 1826 artificiis
504 1761 558 1828 vel
579 1761 757 1849 promptius
778 1759 862 1842 elici,
881 1757 935 1826 vel
960 1757 1117 1826 concisius
1140 1758 1240 1826 astrui
1261 1759 1395 1847 possint,

337 1867 443 1936 fructu
467 1871 594 1958 penitus
619 1870 803 1939 destituitur
824 1870 953 1938 illorum
974 1870 1079 1937 lectio.
1124 1868 1210 1936 Nam
1227 1874 1397 1938 amoenum

337 1979 495 2067 imprimis
506 1979 633 2050 videtur
647 1979 764 2070 quihus
778 2005 799 2048 a
812 1980 1027 2049 fundamentis
1041 1989 1168 2047 tanturn
1182 1980 1217 2046 in
1232 1978 1397 2068 fastigium

337 2101 456 2158 evecto
481 2101 557 2159 aunt
585 2091 726 2160 scientius
752 2091 926 2181 dispicere3
956 2100 1027 2158 tum
1050 2091 1140 2158 haud
1163 2089 1279 2158 inutile
1303 2091 1399 2159 fuerit

338 2200 507 2292 degustare
517 2202 630 2283 fontes,
642 2225 660 2268 e
671 2200 789 2289 quibus
803 2210 918 2267 cuncta
931 2199 1031 2268 ferme
1044 2200 1253 2267 recentiorum
1268 2199 1400 2268 inventa

338 2308 557 2396 dimantnmt3
573 2313 706 2381 istorum
717 2314 837 2402 quippe
848 2335 1003 2402 perquam
1016 2313 1199 2401 ingeniosas
1214 2323 1308 2401 atque
1323 2314 1400 2394 sub7

337 2421 413 2490 tiles
433 2423 649 2514 persequendo
667 2423 722 2492 vel
743 2422 924 2491 aemulando
947 2423 1112 2507 methodos
1132 2423 1248 2489 horum
1269 2421 1399 2489 emicuit

337 2533 505 2620 industria.
550 2533 649 2602 Porro
670 2535 827 2604 sincerum
850 2534 1087 2603 demonstrandi
1107 2542 1239 2621 gustum
1258 2555 1296 2599 ac
1314 2533 1398 2622 pari·

337 2645 417 2712 tiam
430 2669 496 2714 non
510 2645 641 2730 aliunde
654 2648 728 2736 quis
742 2647 856 2735 opinor
869 2647 995 2714 felicius
1009 2644 1161 2727 hauserit,
1176 2666 1273 2733 quem
1288 2666 1331 2711 ex
1344 2642 1396 2726 iis,

338 2778 473 2843 quorum
488 2756 523 2822 in
537 2757 742 2824 theorematis
756 2755 951 2822 deducendis
965 2755 1134 2842 praecipuae
1147 2755 1289 2821 relucent
1304 2751 1400 2820 soler·

337 2863 385 2930 tis
407 2886 445 2930 ec
467 2864 644 2950 elegantia3
667 2885 747 2952 quas
768 2874 806 2930 ut
827 2884 922 2930 nemo
944 2863 1123 2949 transgredi
1144 2865 1258 2951 possit,
1277 2866 1324 2932 ita
1340 2865 1400 2932 vix

339 2973 465 3062 assequi
486 2974 656 3063 quisquam
678 2973 784 3042 valeat
809 2975 852 3042 ab
876 2975 1005 3042 illorum
1033 2973 1170 3062 Scriptis
1194 2977 1398 3062 peregrinus:

340 3081 389 3153 Ut
403 3096 534 3168 teocam,
550 3109 624 3152 oum
638 3109 658 3152 a
671 3087 805 3175 posteris
820 3086 891 3153 haeo
905 3086 1024 3174 scripta
1046 3086 1114 3153 suis
1132 3084 1297 3152 firmandis
1318 3108 1401 3175 prae·

339 3204 530 3279 sternantur,
553 3194 796 3286 allegentrrque
818 3196 950 3285 passim,
970 3194 1097 3263 illorum
1120 3196 1235 3264 referre
1253 3195 1310 3284 qui
1331 3195 1401 3262 hoec

340 3303 447 3372 'studia
460 3314 607 3388 tractant,
622 3317 663 3374 ea·
673 3315 789 3394 praesto
804 3306 847 3373 ad
859 3329 1001 3388 manum,
1016 3329 1058 3374 ne
1072 3306 1177 3374 dicam
1192 3305 1234 3373 ad
1247 3328 1399 3394 unguem,

339 3414 474 3483 habere:
498 3414 540 3482 Id
559 3424 597 3484 nt
617 3427 765 3506 prompte
783 3416 845 3486 tibi
865 3415 1024 3499 succedet,
1040 3426 1073 3484 et
1089 3439 1186 3506 quam
1205 3415 1324 3503 exiguo
1338 3416 1400 3482 im-

339 3526 466 3618 ‘pendio,
492 3528 673 3617 praestitura
695 3529 824 3598 ridetur
848 3530 918 3598 haec
946 3530 1062 3614 editio;
1092 3531 1206 3598 saltem
1231 3551 1298 3619 pree
1322 3527 1398 3611 illis,

340 3662 412 3727 quse
434 3641 555 3708 enormi
576 3642 674 3730 juxta
701 3643 785 3710 mole
811 3640 922 3731 spissus
947 3666 985 3710 ac
1011 3643 1115 3731 pretio
1138 3665 1219 3710 carre
1244 3640 1399 3708 hactenus

340 3762 503 3841 prostant3
529 3753 581 3820 sin
603 3753 673 3820 haec
695 3751 906 3821 nihilominus
929 3752 1107 3842 displiceat,
1133 3753 1188 3820 det
1212 3751 1269 3819 ille
1292 3743 1400 3839 quaeso

340 3865 402 3933 tihi
424 3887 546 3956 poenus,
568 3864 627 3954 qui
652 3864 794 3932 amicitis
815 3874 1027 3954 prepotenter
1047 3866 1176 3947 abusus,
1198 3885 1251 3931 me
1273 3863 1401 3951 nequic-

341 3999 438 4065 quam
463 3977 664 4061 reclamante,
688 3978 842 4067 protrusit
866 3977 937 4055 hssc
962 3975 1145 4067 crepundia,
1173 3975 1237 4044 luci
1262 3973 1401 4067 publico

341 4088 475 4156 minime
488 4098 566 4156 nata
578 4089 632 4156 vel
646 4088 764 4157 debita
816 4087 900 4156 Vale.
1059 4075 1062 4079 ⁵
