3167 5192
112 334 299 419 sscr.v1.]
477 355 664 406 menoses
686 356 961 411 semanimem.
1246 346 1287 411 91

110 541 250 608 quoquc
263 523 417 611 subjectis
431 526 620 594 veretribni
634 529 770 615 possint.
815 530 869 596 Ita
885 530 1046 618 triangulo
1066 530 1191 599 isosceli
1210 553 1285 597 con·

111 622 211 689 venit
228 623 347 691 habere
366 637 430 693 tres
451 629 588 715 angulos
609 654 702 718 pares
723 631 849 699 duobus
869 633 975 713 rectis,
990 633 1145 721 quadrato
1166 633 1284 700 habere

110 734 257 811 quatuor
270 737 373 794 rectos
387 731 533 817 angulos,
549 732 659 799 circuli
675 734 935 803 circumferentiae
950 737 1050 803 secari
1065 760 1085 803 a
1097 741 1185 803 recta
1198 736 1284 802 linea

109 850 183 893 non
204 829 272 895 nisi
292 829 419 899 duobus
443 834 590 922 punctis;
620 859 696 903 nam
717 837 814 903 etiam
836 838 963 905 scaleno
985 838 1145 927 triangulo
1167 840 1283 905 accidit

108 930 237 999 habere
258 942 324 1001 tres
345 936 481 1023 angulos
501 961 594 1026 pares
613 939 738 1006 duobus
751 941 857 1021 rectis,
869 952 901 1008 et
914 942 1209 1030 parallelogrammo
1224 942 1282 1008 ob·

108 1032 216 1121 longo
239 1035 357 1103 habere
372 1048 506 1126 quatuor
521 1041 655 1127 angulos
669 1052 789 1123 rectoa3
815 1053 848 1110 et
862 1043 1037 1110 innumeris
1052 1044 1158 1111 curvis
1173 1044 1278 1126 lineis,

107 1146 234 1222 praeter
242 1136 353 1204 circuli
364 1140 661 1223 circumferentiam,
672 1165 737 1209 non
748 1144 970 1211 secariarecta
977 1144 1279 1233 lincapraeterquam

107 1236 245 1304 dnobus
258 1241 397 1328 punctis.
441 1242 541 1309 Unde
560 1245 853 1332 patet'hujusmodi
873 1248 1037 1335 passiones
1059 1270 1123 1315 non
1144 1273 1186 1316 ex
1207 1272 1279 1339 spe·

107 1342 188 1409 ciali
203 1350 322 1411 natura
335 1346 471 1433 subjecti
485 1350 547 1428 sui,
559 1348 616 1415 sed
630 1372 672 1417 ex
686 1350 791 1436 magis
805 1350 977 1417 universali
991 1352 1142 1439 quapiam
1155 1353 1278 1420 ratione

106 1468 313 1532 premanere,
328 1450 477 1538 quodque
491 1453 683 1519 conveniant
697 1452 748 1519 illi
762 1475 827 1519 non
842 1453 1034 1535 immediate,
1049 1453 1107 1519 sed
1121 1464 1277 1541 quatenus

106 1548 196 1615 illud
212 1553 276 1618 sub
290 1551 353 1619 alio
371 1554 536 1641 superiori,
557 1555 726 1643 latiorique
745 1578 862 1643 genere
882 1555 1114 1642 magnitudinis
1134 1578 1275 1645 compre·

107 1650 276 1720 henditur.
321 1654 405 1722 Dein
425 1656 608 1743 hujusmodi
625 1658 789 1745 passiones
809 1657 995 1744 neutiquam
1018 1656 1142 1744 ingredi
1162 1657 1275 1725 defini·

105 1754 235 1821 tionem
255 1756 344 1824 illius
363 1760 511 1846 specialis
531 1760 679 1846 subjecti,
703 1783 761 1825 nec
782 1760 831 1825 illi
854 1759 1094 1825 determinando
1123 1760 1273 1843 sufficere,

104 1879 213 1943 quum
226 1861 397 1948 ampliores
410 1862 485 1943 sint,
499 1872 532 1929 et
545 1862 611 1929 illis
625 1863 737 1950 positis
752 1863 932 1949 subjectum
950 1862 1026 1949 poni
1044 1861 1179 1932 minime
1196 1886 1272 1931 con-

106 1971 274 2049 sequatur.

175 2064 350 2134 Passiones
363 2079 471 2136 autem
484 2068 619 2157 propriae
634 2068 696 2135 soli
709 2070 853 2155 subjecto
868 2070 1069 2151 conveniunt,
1086 2092 1221 2159 cumque
1235 2093 1273 2138 eo

107 2168 350 2257 reciprocantur
363 2172 503 2253 omnino,
518 2173 565 2239 sio
579 2182 617 2239 ut
630 2172 697 2239 illis
709 2173 825 2262 positis
846 2172 942 2239 etiam
965 2174 1143 2262 subjeetum
1165 2196 1273 2241 neces-

106 2272 198 2339 sario
213 2284 382 2345 statuatur.
428 2278 482 2343 Ita
502 2277 620 2345 circulo
642 2278 702 2343 soli
724 2277 882 2357 convenit,
905 2278 989 2345 inter
1009 2301 1119 2345 omnes
1141 2278 1270 2365 figuras,

106 2386 144 2441 ιιι
164 2398 262 2463 pares
282 2379 387 2447 radios
408 2380 535 2461 habeat,
554 2392 588 2447 et
604 2403 802 2469 quecunque
824 2380 928 2467 figura
949 2404 1040 2469 pares
1062 2404 1080 2447 e
1101 2389 1208 2447 centro
1230 2380 1272 2447 ad

105 2481 318 2566 perimetrum
335 2484 443 2551 radios
456 2485 584 2566 emittit,
599 2495 650 2551 est
668 2485 817 2551 circulus.
862 2484 1041 2572 Eidemque
1060 2485 1106 2551 sie
1125 2485 1271 2571 congruit

107 2594 144 2650 ut
169 2596 337 2673 assumpto
360 2587 396 2652 in
417 2588 570 2654 diametm
594 2597 713 2675 puncto
734 2586 889 2675 quolibet,
912 2608 950 2653 ac
971 2585 1046 2654 inde
1067 2587 1207 2653 excitata
1227 2586 1270 2655 ad

107 2687 230 2755 dictam
250 2689 440 2757 diametrm
460 2691 714 2780 perpendiculari
734 2695 831 2772 recta,
847 2713 918 2778 quse
940 2690 1197 2757 circumferentiae
1219 2713 1271 2757 oe·

107 2800 225 2871 cunm,
248 2794 431 2881 interceptae
449 2804 544 2861 rectae
563 2794 753 2881 quadratum
772 2803 915 2881 sequetur
931 2793 1115 2881 rectangulo
1134 2815 1176 2861 ex
1196 2817 1268 2882 seg·

106 2893 226 2959 mentis
241 2892 397 2976 diametri,
419 2894 483 2981 (vel
502 2906 539 2963 ut
552 2896 728 2982 intersepta
740 2904 828 2963 recta
842 2895 885 2962 sit
899 2896 1005 2963 media
1025 2896 1269 2983 proportionalis

107 2995 192 3063 inter
204 3008 373 3084 segmenta
391 2998 562 3083 diametri)
585 2999 742 3085 congruit,
762 2998 904 3087 inquam,
923 2999 984 3066 hoc
1004 2998 1130 3081 circulo,
1148 3010 1181 3066 et
1200 3000 1267 3067 cui·

107 3120 236 3188 cunque
255 3100 368 3187 figurae
389 3102 538 3168 convenit
558 3102 628 3183 hoc,
644 3102 702 3169 illa
722 3101 859 3169 cuculum
881 3112 939 3169 est.
984 3102 1068 3169 Item
1090 3112 1128 3171 ιιι
1149 3103 1190 3169 ab
1209 3126 1267 3171 ex·

107 3203 269 3269 tremitate
294 3203 441 3271 diametfi
467 3204 570 3271 ductae
592 3204 634 3270 ad
658 3205 728 3292 ejus
750 3204 907 3272 ambitum
933 3216 1025 3273 rectae
1048 3206 1141 3273 lineas
1166 3218 1267 3275 rectos

107 3327 233 3394 semper
246 3306 383 3392 angulos
397 3308 601 3388 constituant,
616 3308 765 3375 convenit
778 3306 912 3390 circulo;
936 3318 969 3375 et
983 3308 1124 3375 vicissim
1138 3308 1268 3376 cuicun-

108 3430 168 3495 que
193 3409 308 3496 figurae
333 3411 481 3477 convenit
506 3434 546 3479 ea
569 3412 686 3499 passio,
710 3411 769 3477 illa
790 3410 928 3477 circulus
951 3412 1020 3477 erit.
1066 3410 1119 3477 Ita
1141 3434 1267 3499 quoque

106 3512 268 3598 parallelis
287 3513 382 3579 rectis
400 3512 495 3579 lineis
513 3513 671 3602 reciproce
688 3513 848 3594 convenit,
867 3523 904 3579 ut
924 3512 989 3577 illae
1009 3512 1174 3579 indefinite
1193 3535 1265 3602 pro·

106 3614 209 3683 ductae
231 3638 397 3703 nunquam
419 3626 624 3698 concurraut3
653 3628 691 3684 ut
714 3617 780 3683 illis
806 3617 956 3683 insistens
978 3615 1043 3680 alia
1063 3625 1148 3681 recta
1170 3616 1265 3683 faciat

108 3720 243 3807 angulos
257 3719 397 3785 alternos
410 3720 558 3808 equales,
581 3720 634 3787 vel
653 3730 802 3786 externos
822 3718 956 3785 internis
976 3717 1124 3806 aequales,
1144 3717 1198 3785 vel
1217 3718 1266 3784 in·

108 3829 211 3887 ternos
230 3820 371 3909 equales
389 3821 515 3888 duobus
535 3821 647 3903 rectis3
670 3832 770 3909 utque
789 3822 972 3909 interceptae
991 3821 1144 3909 quaelibet
1162 3831 1264 3903 reeta,

109 3924 145 3988 ad
164 3924 307 4012 equales
328 3925 464 4013 angulos
485 3926 599 4007 ductae,
621 3926 688 3992 sint
708 3926 848 4014 aequales
870 3926 953 3991 inter
974 3947 1026 4007 se;
1053 3948 1090 3990 ac
1111 3934 1149 3991 ut
1169 3925 1266 3993 inter·

109 4040 205 4117 ceptae
231 4029 371 4118 aequales
395 4040 490 4097 rectae
517 4031 636 4098 faciant
665 4054 737 4098 eum
766 4030 832 4096 illis
858 4029 996 4118 aquales
1022 4030 1165 4119 angulos.
1210 4029 1266 4097 Ex

110 4132 222 4218 quibus
252 4143 386 4213 constat,
416 4136 458 4200 ab
486 4135 671 4221 hujusmodi
699 4134 884 4223 passionum
914 4134 1058 4223 qualibet
1085 4134 1265 4223 subjectum

111 4232 321 4311 determinari,
343 4246 376 4302 et
397 4236 631 4319 circumscribi,
654 4245 687 4303 et
708 4236 840 4326 proinde
862 4236 1039 4325 quamlibet
1060 4260 1168 4303 earum
1191 4238 1266 4304 sub-

160 4368 292 4426 Common
303 4372 460 4443 proportior
470 4376 547 4429 must
556 4376 606 4429 not
617 4375 697 4429 enter
708 4372 758 4429 the
769 4371 912 4429 definitior
925 4372 956 4428 of
965 4388 982 4427 s
993 4370 1093 4442 special
1105 4370 1221 4442 subject

159 4454 276 4528 Proper
286 4460 442 4529 properties
452 4476 501 4515 are
512 4459 676 4516 definitione
