3167 5192
318 347 361 410 40
652 363 838 414 rumonus
860 363 1132 412 ntrusutricn.
1312 342 1422 428 [sacr.
1440 357 1480 405 ιι.

318 531 410 610 imas,
425 541 457 596 et
471 530 522 596 his
539 553 694 619 congruas
709 533 871 621 passiones
891 533 1021 620 inquirit
1036 543 1068 598 et
1082 531 1288 597 demonstrat.
1320 526 1394 594 Hoc
1410 527 1479 613 jam

318 633 482 722 supposito
499 637 621 722 (postea
634 636 735 702 hrains
750 636 995 725 comprobando)
1017 635 1103 724 quod
1117 635 1238 700 mixtas
1257 631 1383 710 attinet,
1398 654 1479 718 quas

317 736 491 824 appellant,
512 737 765 818 Mathematicas,
780 763 837 827 pro
857 733 1010 804 naturalis
1031 737 1172 804 scientiae
1186 735 1332 824 partibus
1347 733 1479 798 omnino

318 839 482 906 habendas
495 864 624 921 censeo;
647 853 680 907 et
694 842 826 910 totidem
841 865 909 908 esse
924 853 1002 930 quot
1020 843 1091 929 ipsa
1106 841 1244 926 Physica
1259 849 1363 926 partes
1379 859 1478 923 agno-

318 942 396 1022 seit;
416 943 490 1026 (nisi
504 943 589 1030 quod
603 943 709 1030 plures
723 945 802 1010 forte
817 945 891 1024 sint,
904 945 931 1008 si
942 967 1027 1010 merc
1038 941 1204 1023 ποιητικαὶ
1214 941 1325 1028 quales
1337 938 1477 1015 Pictura,

320 1043 500 1132 Sculptura,
517 1045 686 1126 Statuaria,
701 1045 933 1126 Architectura,
950 1045 1063 1132 hisque
1078 1045 1186 1110 affines
1201 1055 1282 1109 artes
1301 1066 1321 1108 a
1337 1041 1479 1128 Physica

316 1146 479 1236 discerptae
499 1147 551 1212 his
569 1148 804 1234 adjungantur.)
848 1147 917 1214 Nec
939 1147 1024 1214 enim
1046 1147 1097 1213 hae
1116 1147 1226 1212 mixtae
1243 1145 1394 1214 Scientiae
1414 1143 1478 1208 alia

317 1251 437 1316 ratione
461 1250 693 1322 Mathematicus
720 1250 876 1330 dicuntur,
904 1273 999 1338 quam
1023 1250 1139 1316 idcirco
1161 1247 1248 1336 quod
1267 1248 1478 1314 consideratio

317 1355 502 1442 quantitatis
522 1355 600 1442 ipsis
618 1353 806 1432 intervenit3
829 1364 861 1419 et
879 1353 964 1441 quod
987 1354 1020 1417 iu
1040 1351 1225 1419 Geometrit
1246 1351 1478 1418 demonstratas

321 1456 386 1541 (vel
405 1457 530 1545 proprie
550 1457 820 1541 demonstrandus)
838 1456 1054 1522 conclusiones
1069 1457 1248 1522 adsciscunt
1263 1468 1295 1520 et
1316 1454 1477 1542 applicant

318 1581 384 1626 suae
409 1561 590 1648 particulari
614 1562 763 1641 materiae,
794 1567 858 1648 qut
886 1561 1006 1626 ratione
1035 1560 1125 1625 nulla
1153 1582 1226 1646 pars
1248 1569 1297 1625 est
1321 1558 1477 1626 naturalis

319 1662 477 1746 Scientiae,
500 1689 572 1752 quae
597 1664 832 1732 Mathematieae
858 1664 987 1730 titulum
1013 1663 1076 1729 sihi
1102 1685 1166 1730 non
1191 1672 1286 1750 queat
1310 1685 1475 1750 arrogare3

317 1789 390 1832 cum
403 1766 498 1854 plane
512 1766 602 1832 nulla
615 1768 667 1848 sit,
682 1790 702 1832 a
716 1773 780 1855 qut
794 1766 1002 1832 consideratio
1017 1767 1202 1852 quantitatis
1224 1767 1351 1854 penitus
1365 1767 1478 1833 exclu-

317 1868 419 1949 datur,
443 1869 584 1956 adeoque
615 1871 667 1936 cui
699 1893 763 1936 non
799 1871 892 1936 liceat
923 1870 1004 1936 lucis
1042 1870 1165 1958 aliquid
1195 1878 1250 1936 aut
1282 1870 1476 1936 firmamenti

317 1971 358 2038 de
373 1971 556 2039 Geometrit
569 1975 715 2039 mutuari.
760 1974 823 2039 Est
840 1975 925 2039 enim
946 1973 1133 2059 magnitudo
1154 1973 1329 2038 eommunis
1352 1975 1476 2040 affectio

316 2097 421 2140 rerum
443 2074 662 2162 Physiearum,
685 2099 850 2164 corporum
872 2087 991 2142 nahrroe
1013 2077 1141 2164 penitus
1164 2075 1296 2162 illigata,
1319 2078 1476 2165 corporeis

317 2177 466 2243 omnibus
487 2177 702 2244 accidentibus
727 2179 887 2266 pennista,
912 2191 945 2245 et
966 2179 1057 2266 quasi
1079 2181 1247 2258 substrata,
1271 2201 1330 2244 nec
1353 2201 1419 2245 nou
1443 2182 1476 2244 in
1561 2211 1562 2254 ς

317 2279 485 2347 effectuum
511 2303 769 2369 quorumcunque
795 2283 985 2348 neutralium
1008 2282 1212 2370 productione
1235 2281 1354 2370 primas
1378 2283 1476 2348 ferme

316 2393 421 2472 partes
436 2383 547 2451 ferens.
581 2384 663 2453 Sues
677 2408 811 2473 quaeque
826 2409 954 2474 corpora
968 2386 1087 2472 figuras
1102 2386 1255 2464 obtinent,
1268 2409 1341 2451 suas
1355 2387 1476 2453 obeunt
1560 2415 1562 2448 i

316 2486 432 2555 locales
457 2489 622 2570 motiones,
649 2513 783 2577 quarum
810 2491 990 2556 interventu
1017 2491 1043 2556 si
1069 2489 1174 2555 minus
1199 2511 1317 2568 omnes,
1344 2489 1474 2576 plurimi
1561 2475 1562 2539 i

315 2593 427 2661 saltem
450 2605 482 2661 et
502 2594 660 2683 potissimi
682 2597 727 2680 (et
745 2594 925 2680 quicunqne
949 2591 1012 2660 fere
1034 2591 1284 2680 philosophicam
1307 2591 1474 2680 explicati·

315 2720 408 2764 ouem
434 2698 619 2781 admittunt)
646 2699 777 2763 effeetus
803 2707 1005 2785 peraguntur,
1033 2695 1149 2782 quibus
1172 2694 1418 2762 determinandis
1443 2709 1474 2760 ct

314 2800 398 2866 inter
422 2823 457 2866 se
480 2800 678 2866 conterendis
701 2799 904 2866 Geometrica
933 2799 1067 2864 subinde
1097 2798 1292 2864 theoremata
1316 2797 1473 2865 deservire

315 2913 449 2988 possunt
469 2912 502 2969 et
523 2902 706 2968 conducere.

381 3005 476 3086 Quod
494 3005 523 3070 si
536 3005 693 3071 caleulum
708 3004 769 3071 hoc
781 3007 846 3073 ritu
860 3007 1016 3094 ponimns,
1031 3017 1064 3072 et
1078 3004 1336 3073 Mathematieam
1351 3027 1474 3071 nuncu·
1560 3053 1561 3076 2

315 3131 428 3197 paruus
449 3129 669 3195 quameunque
683 3108 869 3189 doctrinam,
889 3106 1081 3176 Geometriae
1103 3108 1295 3175 adminiculo
1310 3109 1364 3176 vel
1378 3131 1475 3196 egeu-
1560 3095 1561 3146 3

314 3223 390 3290 tem,
407 3211 459 3276 vel
477 3223 635 3298 utcunque
649 3220 801 3290 utentem,
817 3222 947 3278 eatenus
966 3211 1036 3300 ipsa
1055 3211 1218 3279 Medicina
1238 3209 1474 3278 Mathematicus

314 3337 389 3403 pars
403 3315 472 3395 erit,
487 3316 564 3403 quia
584 3316 677 3381 sicuti
697 3326 786 3381 notat
800 3315 999 3395 Aristotelea,
1018 3313 1069 3380 ‘dra
1082 3314 1125 3380 τὰ
1149 3313 1230 3395 ἕλκη
1252 3313 1294 3380 τὰ
1315 3319 1472 3403 περιφερῆ

313 3417 513 3508 βραδύτερον
534 3417 704 3503 ὑγιάζεται,
729 3423 786 3486 τοῦ
819 3419 929 3500 ἰατροῦ
952 3418 1074 3493 εἰδέναι,
1098 3417 1180 3485 διότι
1200 3417 1235 3484 δὲ
1262 3421 1319 3484 τοῦ
1351 3418 1473 3502 ’γεωμέ-

314 3523 417 3612 rpov¹.
433 3523 466 3590 h.
475 3546 503 3590 e.
519 3547 561 3589 ex
572 3521 756 3591 Geometrit
770 3544 897 3588 eausam
907 3521 1044 3587 desumit
1055 3521 1206 3601 medicus,
1218 3545 1273 3588 cur
1284 3521 1474 3588 orbicularis

312 3625 456 3708 vulnera,
471 3637 581 3716 utpote
596 3628 758 3716 capaciora
771 3624 854 3706 aliis,
870 3624 1030 3691 difficilius
1049 3636 1216 3705 sanantur;
1232 3635 1265 3691 et
1279 3625 1365 3712 quod
1379 3647 1472 3714 prop-

313 3739 398 3797 terea
416 3729 483 3796 filio
506 3753 563 3796 suo
582 3729 744 3818 praecipiat
763 3725 983 3816 Hippocrates,
1000 3751 1063 3815 quo
1085 3727 1203 3794 ossium
1225 3727 1331 3807 utum,
1354 3727 1472 3794 luxati-

311 3855 399 3914 ones,
411 3833 624 3912 contritiones,
636 3831 853 3920 exemptiones
865 3833 1037 3898 accuratius
1048 3831 1225 3920 perspiciat,
1235 3841 1272 3898 nt
1282 3830 1472 3899 Geometrias

313 3933 484 4002 incumbat.
515 3935 650 4002 Politice
661 3958 786 4023 quoque
801 3933 869 4022 pari
884 3933 1002 4002 ratione
1018 3933 1253 4000 Mathematiois
1267 3932 1469 4012 adscribetur,

664 4159 670 4167 ·
753 4089 764 4122 ¹
781 4089 858 4140 Anat,
872 4089 937 4138 Post.
950 4105 972 4140 c.
986 4103 1023 4152 ¹3·

365 4355 397 4412 Ii
405 4354 601 4411 Mathematics
613 4354 636 4410 is
645 4371 727 4427 every
733 4355 860 4413 doctriua
867 4355 955 4414 which
964 4356 1060 4412 makes
1067 4371 1118 4412 nse
1127 4355 1158 4412 oi
1167 4355 1322 4426 Geometra
1333 4355 1470 4412 Medicina

311 4440 402 4498 would
413 4440 449 4496 be
460 4457 478 4496 a
488 4442 552 4510 part
563 4440 594 4496 oi
603 4439 815 4508 Mathematics3
833 4458 863 4496 so
877 4441 997 4512 Politice,
1010 4439 1125 4512 Tactim,
1138 4441 1342 4498 Architcehua.
