<?xml version="1.0" encoding="UTF-8"?>
<!DOCTYPE html PUBLIC "-//W3C//DTD XHTML 1.0 Transitional//EN"
    "http://www.w3.org/TR/xhtml1/DTD/xhtml1-transitional.dtd">
<html xmlns="http://www.w3.org/1999/xhtml" xml:lang="en" lang="en">
 <head>
  <title>
</title>
<meta http-equiv="Content-Type" content="text/html;charset=utf-8" />
  <meta name='ocr-system' content='tesseract 3.04.00' />
  <meta name='ocr-capabilities' content='ocr_page ocr_carea ocr_par ocr_line ocrx_word'/>
</head>
<body>
  <div class='ocr_page' id='page_1' title='image "./mathematicalwor00whewgoog_0602.png"; bbox 0 0 3167 5192; ppageno 0'>
   <div class='ocr_carea' id='block_1_1' title="bbox 348 302 1405 380">
    <p class='ocr_par' dir='ltr' id='par_1_1' title="bbox 348 302 1405 380">
     <span class='ocr_line' id='line_1_1' title="bbox 348 302 1405 380; baseline -0.007 -8"><span class='ocrx_word' id='word_1_1' title='bbox 348 303 411 372; x_wconf 79' lang='lat'>162</span> <span class='ocrx_word' id='word_1_2' title='bbox 650 315 837 368; x_wconf 81' lang='lat' dir='ltr'>uncrrosns</span> <span class='ocrx_word' id='word_1_3' title='bbox 858 314 1097 368; x_wconf 82' lang='lat' dir='ltr'>onoununma.</span> <span class='ocrx_word' id='word_1_4' title='bbox 1259 302 1366 380; x_wconf 81' lang='lat' dir='ltr'>[naor.</span> <span class='ocrx_word' id='word_1_5' title='bbox 1380 315 1405 365; x_wconf 91' lang='lat'>1.</span> 
     </span>
    </p>
   </div>
   <div class='ocr_carea' id='block_1_2' title="bbox 348 484 1479 2326">
    <p class='ocr_par' dir='ltr' id='par_1_2' title="bbox 348 484 1479 2326">
     <span class='ocr_line' id='line_1_2' title="bbox 348 484 1407 578; baseline -0.006 -20"><span class='ocrx_word' id='word_1_6' title='bbox 348 512 504 558; x_wconf 85' lang='lat' dir='ltr'>mensurae</span> <span class='ocrx_word' id='word_1_7' title='bbox 522 498 675 578; x_wconf 86' lang='lat' dir='ltr'>respectu,</span> <span class='ocrx_word' id='word_1_8' title='bbox 696 487 757 554; x_wconf 84' lang='lat' dir='ltr'>etsi</span> <span class='ocrx_word' id='word_1_9' title='bbox 777 509 837 554; x_wconf 92' lang='lat' dir='ltr'>nos</span> <span class='ocrx_word' id='word_1_10' title='bbox 860 487 999 574; x_wconf 82' lang='lat' dir='ltr'>ipsarum</span> <span class='ocrx_word' id='word_1_11' title='bbox 1015 484 1208 574; x_wconf 74' lang='lat' dir='ltr'><strong>quantitates</strong></span> <span class='ocrx_word' id='word_1_12' title='bbox 1231 485 1295 552; x_wconf 88' lang='lat' dir='ltr'>nisi</span> <span class='ocrx_word' id='word_1_13' title='bbox 1316 507 1407 553; x_wconf 92' lang='lat' dir='ltr'>men-</span> 
     </span>
     <span class='ocr_line' id='line_1_3' title="bbox 349 589 1406 680; baseline -0.006 -20"><span class='ocrx_word' id='word_1_14' title='bbox 349 615 439 660; x_wconf 88' lang='lat' dir='ltr'>suras</span> <span class='ocrx_word' id='word_1_15' title='bbox 463 591 652 680; x_wconf 89' lang='lat' dir='ltr'>applicando</span> <span class='ocrx_word' id='word_1_16' title='bbox 671 590 831 678; x_wconf 76' lang='lat' dir='ltr'>percipere</span> <span class='ocrx_word' id='word_1_17' title='bbox 853 611 1063 676; x_wconf 83' lang='lat' dir='ltr'>nequeamus3</span> <span class='ocrx_word' id='word_1_18' title='bbox 1086 589 1132 654; x_wconf 88' lang='lat' dir='ltr'>ita</span> <span class='ocrx_word' id='word_1_19' title='bbox 1153 611 1210 676; x_wconf 91' lang='lat' dir='ltr'>per</span> <span class='ocrx_word' id='word_1_20' title='bbox 1228 611 1262 654; x_wconf 90' lang='lat' dir='ltr'>se</span> <span class='ocrx_word' id='word_1_21' title='bbox 1280 597 1406 676; x_wconf 88' lang='lat' dir='ltr'>tempus</span> 
     </span>
     <span class='ocr_line' id='line_1_4' title="bbox 350 689 1408 782; baseline -0.005 -21"><span class='ocrx_word' id='word_1_22' title='bbox 350 704 505 782; x_wconf 88' lang='lat' dir='ltr'>quantum</span> <span class='ocrx_word' id='word_1_23' title='bbox 526 702 584 773; x_wconf 91' lang='lat' dir='ltr'>est,</span> <span class='ocrx_word' id='word_1_24' title='bbox 605 691 665 757; x_wconf 89' lang='lat' dir='ltr'>etsi</span> <span class='ocrx_word' id='word_1_25' title='bbox 680 713 744 779; x_wconf 89' lang='lat' dir='ltr'>quo</span> <span class='ocrx_word' id='word_1_26' title='bbox 757 690 908 777; x_wconf 84' lang='lat' dir='ltr'>temporis</span> <span class='ocrx_word' id='word_1_27' title='bbox 922 690 1083 777; x_wconf 74' lang='lat' dir='ltr'><strong>quantitas</strong></span> <span class='ocrx_word' id='word_1_28' title='bbox 1098 712 1118 756; x_wconf 90' lang='lat' dir='ltr'>a</span> <span class='ocrx_word' id='word_1_29' title='bbox 1132 690 1225 761; x_wconf 89' lang='lat' dir='ltr'>nobis</span> <span class='ocrx_word' id='word_1_30' title='bbox 1240 689 1408 778; x_wconf 85' lang='lat' dir='ltr'>dignosca-</span> 
     </span>
     <span class='ocr_line' id='line_1_5' title="bbox 350 790 1408 879; baseline -0.005 -17"><span class='ocrx_word' id='word_1_31' title='bbox 350 806 412 878; x_wconf 88' lang='lat' dir='ltr'>tur,</span> <span class='ocrx_word' id='word_1_32' title='bbox 439 794 659 863; x_wconf 84' lang='lat' dir='ltr'>advocandum</span> <span class='ocrx_word' id='word_1_33' title='bbox 677 793 720 860; x_wconf 87' lang='lat' dir='ltr'>sit</span> <span class='ocrx_word' id='word_1_34' title='bbox 744 803 849 859; x_wconf 75' lang='lat' dir='ltr'>motam</span> <span class='ocrx_word' id='word_1_35' title='bbox 875 790 1061 873; x_wconf 79' lang='lat' dir='ltr'>subsidium,</span> <span class='ocrx_word' id='word_1_36' title='bbox 1084 813 1143 859; x_wconf 80' lang='lat' dir='ltr'>ceu</span> <span class='ocrx_word' id='word_1_37' title='bbox 1166 813 1321 858; x_wconf 74' lang='lat' dir='ltr'>mensura</span> <span class='ocrx_word' id='word_1_38' title='bbox 1344 797 1408 879; x_wconf 77' lang='lat' dir='ltr'>qut</span> 
     </span>
     <span class='ocr_line' id='line_1_6' title="bbox 352 895 1476 989; baseline -0.001 -24"><span class='ocrx_word' id='word_1_39' title='bbox 352 911 530 989; x_wconf 84' lang='lat' dir='ltr'>temporum</span> <span class='ocrx_word' id='word_1_40' title='bbox 545 897 739 985; x_wconf 79' lang='lat' dir='ltr'>quantitates</span> <span class='ocrx_word' id='word_1_41' title='bbox 754 895 956 975; x_wconf 83' lang='lat' dir='ltr'>astimemus,</span> <span class='ocrx_word' id='word_1_42' title='bbox 979 905 1011 962; x_wconf 90' lang='lat' dir='ltr'>et</span> <span class='ocrx_word' id='word_1_43' title='bbox 1032 897 1115 962; x_wconf 85' lang='lat' dir='ltr'>inter</span> <span class='ocrx_word' id='word_1_44' title='bbox 1136 919 1170 964; x_wconf 90' lang='lat' dir='ltr'>se</span> <span class='ocrx_word' id='word_1_45' title='bbox 1190 897 1407 976; x_wconf 80' lang='lat' dir='ltr'>conferamus3</span> <span class='ocrx_word' id='word_1_46' title='bbox 1469 951 1476 964; x_wconf 92' lang='lat'>.</span> 
     </span>
     <span class='ocr_line' id='line_1_7' title="bbox 353 999 1406 1090; baseline -0.009 -18"><span class='ocrx_word' id='word_1_47' title='bbox 353 1004 495 1090; x_wconf 84' lang='lat' dir='ltr'>adeoque</span> <span class='ocrx_word' id='word_1_48' title='bbox 510 1012 636 1088; x_wconf 87' lang='lat' dir='ltr'>tempus</span> <span class='ocrx_word' id='word_1_49' title='bbox 650 1010 687 1066; x_wconf 89' lang='lat' dir='ltr'>ut</span> <span class='ocrx_word' id='word_1_50' title='bbox 700 999 912 1068; x_wconf 78' lang='lat' dir='ltr'>mensurabile</span> <span class='ocrx_word' id='word_1_51' title='bbox 926 1009 1048 1066; x_wconf 88' lang='lat' dir='ltr'>motum</span> <span class='ocrx_word' id='word_1_52' title='bbox 1063 1009 1221 1081; x_wconf 79' lang='lat' dir='ltr'>connotat,</span> <span class='ocrx_word' id='word_1_53' title='bbox 1237 1021 1296 1066; x_wconf 88' lang='lat' dir='ltr'>nec</span> <span class='ocrx_word' id='word_1_54' title='bbox 1310 999 1406 1080; x_wconf 91' lang='lat' dir='ltr'>enim,</span> 
     </span>
     <span class='ocr_line' id='line_1_8' title="bbox 354 1101 1409 1190; baseline -0.005 -18"><span class='ocrx_word' id='word_1_55' title='bbox 354 1107 383 1172; x_wconf 93' lang='lat' dir='ltr'>si</span> <span class='ocrx_word' id='word_1_56' title='bbox 396 1128 447 1174; x_wconf 88' lang='lat' dir='ltr'>res</span> <span class='ocrx_word' id='word_1_57' title='bbox 461 1126 571 1172; x_wconf 89' lang='lat' dir='ltr'>omnes</span> <span class='ocrx_word' id='word_1_58' title='bbox 585 1103 725 1169; x_wconf 73' lang='lat' dir='ltr'>immotae</span> <span class='ocrx_word' id='word_1_59' title='bbox 734 1110 919 1189; x_wconf 83' lang='lat' dir='ltr'>perstarent,</span> <span class='ocrx_word' id='word_1_60' title='bbox 935 1101 1003 1167; x_wconf 92' lang='lat' dir='ltr'>ullo</span> <span class='ocrx_word' id='word_1_61' title='bbox 1017 1112 1110 1190; x_wconf 87' lang='lat' dir='ltr'>pacto</span> <span class='ocrx_word' id='word_1_62' title='bbox 1125 1113 1280 1190; x_wconf 90' lang='lat' dir='ltr'>quantum</span> <span class='ocrx_word' id='word_1_63' title='bbox 1295 1101 1409 1168; x_wconf 83' lang='lat' dir='ltr'>efflux-</span> 
     </span>
     <span class='ocr_line' id='line_1_9' title="bbox 353 1203 1409 1294; baseline -0.007 -19"><span class='ocrx_word' id='word_1_64' title='bbox 353 1211 431 1275; x_wconf 89' lang='lat' dir='ltr'>isset</span> <span class='ocrx_word' id='word_1_65' title='bbox 444 1206 595 1294; x_wconf 86' lang='lat' dir='ltr'>temporis</span> <span class='ocrx_word' id='word_1_66' title='bbox 608 1226 773 1294; x_wconf 68' lang='lat' dir='ltr'>possem</span> <span class='ocrx_word' id='word_1_67' title='bbox 785 1204 996 1270; x_wconf 87' lang='lat' dir='ltr'>internoscere</span> <span class='ocrx_word' id='word_1_68' title='bbox 1006 1229 1014 1284; x_wconf 92' lang='lat'>;</span> <span class='ocrx_word' id='word_1_69' title='bbox 1036 1225 1140 1270; x_wconf 88' lang='lat' dir='ltr'>rerum</span> <span class='ocrx_word' id='word_1_70' title='bbox 1152 1214 1228 1271; x_wconf 80' lang='lat' dir='ltr'>atas</span> <span class='ocrx_word' id='word_1_71' title='bbox 1239 1203 1409 1269; x_wconf 84' lang='lat' dir='ltr'>indiscreta</span> 
     </span>
     <span class='ocr_line' id='line_1_10' title="bbox 354 1300 1409 1396; baseline -0.005 -17"><span class='ocrx_word' id='word_1_72' title='bbox 354 1312 457 1392; x_wconf 89' lang='lat' dir='ltr'>nobis,</span> <span class='ocrx_word' id='word_1_73' title='bbox 479 1319 512 1376; x_wconf 87' lang='lat' dir='ltr'>et</span> <span class='ocrx_word' id='word_1_74' title='bbox 535 1306 796 1396; x_wconf 78' lang='lat' dir='ltr'>imperceptibilis</span> <span class='ocrx_word' id='word_1_75' title='bbox 825 1307 956 1374; x_wconf 89' lang='lat' dir='ltr'>cederet.</span> <span class='ocrx_word' id='word_1_76' title='bbox 1002 1300 1169 1395; x_wconf 84' lang='lat' dir='ltr'>Temporis</span> <span class='ocrx_word' id='word_1_77' title='bbox 1194 1307 1318 1374; x_wconf 89' lang='lat' dir='ltr'>fluxum</span> <span class='ocrx_word' id='word_1_78' title='bbox 1343 1330 1409 1374; x_wconf 90' lang='lat' dir='ltr'>non</span> 
     </span>
     <span class='ocr_line' id='line_1_11' title="bbox 353 1407 1409 1503; baseline 0 -24"><span class='ocrx_word' id='word_1_79' title='bbox 353 1413 584 1503; x_wconf 85' lang='lat' dir='ltr'>perciperemus</span> <span class='ocrx_word' id='word_1_80' title='bbox 606 1408 702 1475; x_wconf 80' lang='lat' dir='ltr'>dico?</span> <span class='ocrx_word' id='word_1_81' title='bbox 744 1407 817 1475; x_wconf 92' lang='lat' dir='ltr'>Imo</span> <span class='ocrx_word' id='word_1_82' title='bbox 841 1431 900 1476; x_wconf 90' lang='lat' dir='ltr'>uec</span> <span class='ocrx_word' id='word_1_83' title='bbox 925 1407 1013 1475; x_wconf 91' lang='lat' dir='ltr'>aliud</span> <span class='ocrx_word' id='word_1_84' title='bbox 1032 1409 1207 1498; x_wconf 85' lang='lat' dir='ltr'>quippiam,</span> <span class='ocrx_word' id='word_1_85' title='bbox 1227 1419 1261 1475; x_wconf 90' lang='lat' dir='ltr'>at</span> <span class='ocrx_word' id='word_1_86' title='bbox 1282 1420 1409 1500; x_wconf 80' lang='lat' dir='ltr'>stupore</span> 
     </span>
     <span class='ocr_line' id='line_1_12' title="bbox 354 1513 1410 1603; baseline -0.004 -18"><span class='ocrx_word' id='word_1_87' title='bbox 354 1517 504 1585; x_wconf 90' lang='lat' dir='ltr'>continuo</span> <span class='ocrx_word' id='word_1_88' title='bbox 519 1514 618 1581; x_wconf 90' lang='lat' dir='ltr'>defixi</span> <span class='ocrx_word' id='word_1_89' title='bbox 632 1537 690 1581; x_wconf 89' lang='lat' dir='ltr'>eea</span> <span class='ocrx_word' id='word_1_90' title='bbox 703 1513 829 1603; x_wconf 84' lang='lat' dir='ltr'>stipites</span> <span class='ocrx_word' id='word_1_91' title='bbox 843 1515 1084 1582; x_wconf 84' lang='lat' dir='ltr'>consisteremus</span> <span class='ocrx_word' id='word_1_92' title='bbox 1105 1525 1161 1582; x_wconf 86' lang='lat' dir='ltr'>aut</span> <span class='ocrx_word' id='word_1_93' title='bbox 1183 1539 1272 1584; x_wconf 85' lang='lat' dir='ltr'>saxa</span> <span class='ocrx_word' id='word_1_94' title='bbox 1316 1515 1410 1582; x_wconf 89' lang='lat' dir='ltr'>Nihil</span> 
     </span>
     <span class='ocr_line' id='line_1_13' title="bbox 356 1616 1479 1706; baseline -0.004 -18"><span class='ocrx_word' id='word_1_95' title='bbox 356 1620 442 1688; x_wconf 90' lang='lat' dir='ltr'>euim</span> <span class='ocrx_word' id='word_1_96' title='bbox 459 1616 741 1686; x_wconf 84' lang='lat' dir='ltr'>animadvertimus</span> <span class='ocrx_word' id='word_1_97' title='bbox 754 1616 818 1682; x_wconf 90' lang='lat' dir='ltr'>nisi</span> <span class='ocrx_word' id='word_1_98' title='bbox 835 1625 990 1704; x_wconf 86' lang='lat' dir='ltr'>quatenus</span> <span class='ocrx_word' id='word_1_99' title='bbox 1005 1617 1113 1706; x_wconf 89' lang='lat' dir='ltr'>alique</span> <span class='ocrx_word' id='word_1_100' title='bbox 1126 1619 1261 1684; x_wconf 87' lang='lat' dir='ltr'>mutatio</span> <span class='ocrx_word' id='word_1_101' title='bbox 1281 1641 1409 1684; x_wconf 89' lang='lat' dir='ltr'>sensum</span> <span class='ocrx_word' id='word_1_102' title='bbox 1473 1649 1479 1658; x_wconf 95' lang='lat'><em>·</em></span> 
     </span>
     <span class='ocr_line' id='line_1_14' title="bbox 356 1719 1410 1811; baseline -0.002 -21"><span class='ocrx_word' id='word_1_103' title='bbox 356 1723 496 1791; x_wconf 87' lang='lat' dir='ltr'>afficiens</span> <span class='ocrx_word' id='word_1_104' title='bbox 509 1743 568 1788; x_wconf 91' lang='lat' dir='ltr'>nos</span> <span class='ocrx_word' id='word_1_105' title='bbox 582 1719 770 1808; x_wconf 88' lang='lat' dir='ltr'>interpellat,</span> <span class='ocrx_word' id='word_1_106' title='bbox 782 1730 838 1787; x_wconf 86' lang='lat' dir='ltr'>aut</span> <span class='ocrx_word' id='word_1_107' title='bbox 848 1721 972 1788; x_wconf 89' lang='lat' dir='ltr'>interna</span> <span class='ocrx_word' id='word_1_108' title='bbox 985 1721 1102 1788; x_wconf 87' lang='lat' dir='ltr'>mentis</span> <span class='ocrx_word' id='word_1_109' title='bbox 1116 1723 1256 1811; x_wconf 89' lang='lat' dir='ltr'>operatio</span> <span class='ocrx_word' id='word_1_110' title='bbox 1270 1732 1410 1790; x_wconf 89' lang='lat' dir='ltr'>nostram</span> 
     </span>
     <span class='ocr_line' id='line_1_15' title="bbox 356 1826 1411 1907; baseline -0.001 -12"><span class='ocrx_word' id='word_1_111' title='bbox 356 1828 582 1896; x_wconf 84' lang='lat' dir='ltr'>conscientiam</span> <span class='ocrx_word' id='word_1_112' title='bbox 595 1826 732 1907; x_wconf 87' lang='lat' dir='ltr'>lacessit,</span> <span class='ocrx_word' id='word_1_113' title='bbox 748 1847 785 1892; x_wconf 90' lang='lat' dir='ltr'>ac</span> <span class='ocrx_word' id='word_1_114' title='bbox 800 1827 929 1894; x_wconf 81' lang='lat' dir='ltr'>excitat.</span> <span class='ocrx_word' id='word_1_115' title='bbox 974 1827 1029 1892; x_wconf 89' lang='lat' dir='ltr'>Ex</span> <span class='ocrx_word' id='word_1_116' title='bbox 1044 1837 1149 1895; x_wconf 88' lang='lat' dir='ltr'>motus</span> <span class='ocrx_word' id='word_1_117' title='bbox 1163 1827 1335 1896; x_wconf 87' lang='lat' dir='ltr'>forinsecus</span> <span class='ocrx_word' id='word_1_118' title='bbox 1349 1829 1411 1894; x_wconf 92' lang='lat' dir='ltr'>im-</span> 
     </span>
     <span class='ocr_line' id='line_1_16' title="bbox 356 1929 1411 2019; baseline 0.002 -23"><span class='ocrx_word' id='word_1_119' title='bbox 356 1930 516 2019; x_wconf 88' lang='lat' dir='ltr'>pellentis,</span> <span class='ocrx_word' id='word_1_120' title='bbox 532 1939 588 1994; x_wconf 88' lang='lat' dir='ltr'>aut</span> <span class='ocrx_word' id='word_1_121' title='bbox 608 1929 693 1995; x_wconf 85' lang='lat' dir='ltr'>intra</span> <span class='ocrx_word' id='word_1_122' title='bbox 710 1950 769 1995; x_wconf 93' lang='lat' dir='ltr'>nos</span> <span class='ocrx_word' id='word_1_123' title='bbox 788 1931 1015 1997; x_wconf 87' lang='lat' dir='ltr'>tumultuantis</span> <span class='ocrx_word' id='word_1_124' title='bbox 1029 1931 1224 2013; x_wconf 84' lang='lat' dir='ltr'>extensione,</span> <span class='ocrx_word' id='word_1_125' title='bbox 1239 1932 1293 1999; x_wconf 84' lang='lat' dir='ltr'>vel</span> <span class='ocrx_word' id='word_1_126' title='bbox 1307 1932 1411 1998; x_wconf 89' lang='lat' dir='ltr'>inten-</span> 
     </span>
     <span class='ocr_line' id='line_1_17' title="bbox 356 2032 1412 2122; baseline -0.001 -21"><span class='ocrx_word' id='word_1_127' title='bbox 356 2035 445 2102; x_wconf 89' lang='lat' dir='ltr'>sione</span> <span class='ocrx_word' id='word_1_128' title='bbox 459 2032 601 2099; x_wconf 85' lang='lat' dir='ltr'>diversos</span> <span class='ocrx_word' id='word_1_129' title='bbox 614 2056 719 2099; x_wconf 89' lang='lat' dir='ltr'>rerum</span> <span class='ocrx_word' id='word_1_130' title='bbox 734 2033 852 2120; x_wconf 83' lang='lat' dir='ltr'>gradus</span> <span class='ocrx_word' id='word_1_131' title='bbox 866 2043 898 2100; x_wconf 89' lang='lat' dir='ltr'>et</span> <span class='ocrx_word' id='word_1_132' title='bbox 912 2035 1106 2122; x_wconf 84' lang='lat' dir='ltr'>quantitates</span> <span class='ocrx_word' id='word_1_133' title='bbox 1120 2036 1322 2102; x_wconf 85' lang='lat' dir='ltr'>aestimamus.</span> <span class='ocrx_word' id='word_1_134' title='bbox 1358 2034 1412 2101; x_wconf 89' lang='lat' dir='ltr'>Ita</span> 
     </span>
     <span class='ocr_line' id='line_1_18' title="bbox 355 2137 1412 2228; baseline 0 -24"><span class='ocrx_word' id='word_1_135' title='bbox 355 2147 462 2204; x_wconf 87' lang='lat' dir='ltr'>motus</span> <span class='ocrx_word' id='word_1_136' title='bbox 483 2137 653 2225; x_wconf 83' lang='lat' dir='ltr'>quantitas,</span> <span class='ocrx_word' id='word_1_137' title='bbox 675 2137 709 2202; x_wconf 92' lang='lat' dir='ltr'>in</span> <span class='ocrx_word' id='word_1_138' title='bbox 731 2147 886 2224; x_wconf 90' lang='lat' dir='ltr'>qnantum</span> <span class='ocrx_word' id='word_1_139' title='bbox 910 2161 929 2205; x_wconf 92' lang='lat' dir='ltr'>a</span> <span class='ocrx_word' id='word_1_140' title='bbox 954 2138 1047 2206; x_wconf 88' lang='lat' dir='ltr'>nobis</span> <span class='ocrx_word' id='word_1_141' title='bbox 1070 2139 1230 2206; x_wconf 82' lang='lat' dir='ltr'>observari</span> <span class='ocrx_word' id='word_1_142' title='bbox 1253 2149 1367 2228; x_wconf 84' lang='lat' dir='ltr'>potest,</span> <span class='ocrx_word' id='word_1_143' title='bbox 1391 2161 1412 2204; x_wconf 88' lang='lat' dir='ltr'>a</span> 
     </span>
     <span class='ocr_line' id='line_1_19' title="bbox 355 2237 861 2326; baseline -0.006 -19"><span class='ocrx_word' id='word_1_144' title='bbox 355 2246 462 2307; x_wconf 88' lang='lat' dir='ltr'>motus</span> <span class='ocrx_word' id='word_1_145' title='bbox 483 2238 666 2306; x_wconf 90' lang='lat' dir='ltr'>extensione</span> <span class='ocrx_word' id='word_1_146' title='bbox 686 2237 861 2326; x_wconf 86' lang='lat' dir='ltr'>dependet3</span> 
     </span>
    </p>
   </div>
   <div class='ocr_carea' id='block_1_3' title="bbox 422 2397 1324 2592">
    <p class='ocr_par' dir='ltr' id='par_1_3' title="bbox 422 2397 1324 2592">
     <span class='ocr_line' id='line_1_20' title="bbox 422 2397 1324 2488; baseline -0.002 -22"><span class='ocrx_word' id='word_1_147' title='bbox 422 2398 488 2466; x_wconf 84' lang='lat' dir='ltr'>Nec</span> <span class='ocrx_word' id='word_1_148' title='bbox 501 2421 564 2486; x_wconf 82' lang='lat' dir='ltr'>par</span> <span class='ocrx_word' id='word_1_149' title='bbox 583 2421 615 2464; x_wconf 85' lang='lat' dir='ltr'>se</span> <span class='ocrx_word' id='word_1_150' title='bbox 636 2421 810 2486; x_wconf 69' lang='lat' dir='ltr'>percoquam</span> <span class='ocrx_word' id='word_1_151' title='bbox 833 2409 949 2488; x_wconf 82' lang='lat' dir='ltr'>tempas</span> <span class='ocrx_word' id='word_1_152' title='bbox 970 2399 1082 2466; x_wconf 78' lang='lat' dir='ltr'>sentire</span> <span class='ocrx_word' id='word_1_153' title='bbox 1093 2397 1259 2485; x_wconf 79' lang='lat' dir='ltr'>fatendum</span> <span class='ocrx_word' id='word_1_154' title='bbox 1280 2409 1324 2466; x_wconf 88' lang='lat' dir='ltr'>est</span> 
     </span>
     <span class='ocr_line' id='line_1_21' title="bbox 426 2503 1220 2592; baseline -0.001 -21"><span class='ocrx_word' id='word_1_155' title='bbox 426 2503 582 2571; x_wconf 74' lang='lat' dir='ltr'>Sanctam</span> <span class='ocrx_word' id='word_1_156' title='bbox 602 2503 642 2568; x_wconf 79' lang='lat' dir='ltr'>ab</span> <span class='ocrx_word' id='word_1_157' title='bbox 663 2526 768 2568; x_wconf 80' lang='lat' dir='ltr'>reram</span> <span class='ocrx_word' id='word_1_158' title='bbox 788 2514 873 2568; x_wconf 79' lang='lat' dir='ltr'>mota</span> <span class='ocrx_word' id='word_1_159' title='bbox 891 2503 1078 2592; x_wconf 64' lang='lat' dir='ltr'>placidaque</span> <span class='ocrx_word' id='word_1_160' title='bbox 1099 2504 1196 2592; x_wconf 79' lang='lat' dir='ltr'>quiete</span> <span class='ocrx_word' id='word_1_161' title='bbox 1204 2529 1220 2586; x_wconf 90' lang='lat'>,·</span> 
     </span>
    </p>
   </div>
   <div class='ocr_carea' id='block_1_4' title="bbox 267 2635 1414 2729">
    <p class='ocr_par' dir='ltr' id='par_1_4' title="bbox 267 2635 1414 2729">
     <span class='ocr_line' id='line_1_22' title="bbox 267 2635 1414 2729; baseline 0.004 -21"><span class='ocrx_word' id='word_1_162' title='bbox 267 2695 273 2708; x_wconf 95' lang='lat'>.</span> <span class='ocrx_word' id='word_1_163' title='bbox 315 2692 324 2712; x_wconf 83' lang='grc'><strong>.</strong></span> <span class='ocrx_word' id='word_1_164' title='bbox 359 2637 447 2706; x_wconf 90' lang='lat' dir='ltr'>haud</span> <span class='ocrx_word' id='word_1_165' title='bbox 471 2635 556 2704; x_wconf 87' lang='lat' dir='ltr'>male</span> <span class='ocrx_word' id='word_1_166' title='bbox 585 2636 670 2705; x_wconf 84' lang='lat' dir='ltr'>dixit</span> <span class='ocrx_word' id='word_1_167' title='bbox 691 2637 868 2718; x_wconf 76' lang='lat' dir='ltr'>Ltscrcta&#39;us,</span> <span class='ocrx_word' id='word_1_168' title='bbox 895 2648 928 2705; x_wconf 92' lang='lat' dir='ltr'>et</span> <span class='ocrx_word' id='word_1_169' title='bbox 951 2638 1159 2728; x_wconf 72' lang='lat' dir='ltr'>Philosophus</span> <span class='ocrx_word' id='word_1_170' title='bbox 1185 2640 1277 2729; x_wconf 50' lang='lat' dir='ltr'>apsa·</span> <span class='ocrx_word' id='word_1_171' title='bbox 1304 2639 1414 2714; x_wconf 79' lang='grc' dir='ltr'>’Ὅταν</span> 
     </span>
    </p>
   </div>
   <div class='ocr_carea' id='block_1_5' title="bbox 231 2739 1415 2831">
    <p class='ocr_par' dir='ltr' id='par_1_5' title="bbox 231 2739 1415 2831">
     <span class='ocr_line' id='line_1_23' title="bbox 231 2739 1415 2831; baseline 0.003 -23"><span class='ocrx_word' id='word_1_172' title='bbox 231 2759 239 2776; x_wconf 86' lang='grc'><em>·</em></span> <span class='ocrx_word' id='word_1_173' title='bbox 359 2739 537 2831; x_wconf 71' lang='lat' dir='ltr'>qdp&#39;cdrol</span> <span class='ocrx_word' id='word_1_174' title='bbox 557 2739 656 2825; x_wconf 77' lang='grc' dir='ltr'>μηδὲν</span> <span class='ocrx_word' id='word_1_175' title='bbox 675 2739 937 2826; x_wconf 71' lang='grc' dir='ltr'>μεταβάλλομεν</span> <span class='ocrx_word' id='word_1_176' title='bbox 961 2741 1020 2826; x_wconf 76' lang='grc' dir='ltr'>τὴν</span> <span class='ocrx_word' id='word_1_177' title='bbox 1049 2741 1199 2826; x_wconf 82' lang='grc' dir='ltr'>διάνοιαν,</span> <span class='ocrx_word' id='word_1_178' title='bbox 1220 2743 1242 2827; x_wconf 79' lang='grc' dir='ltr'><em>ἢ</em></span> <span class='ocrx_word' id='word_1_179' title='bbox 1264 2745 1415 2829; x_wconf 80' lang='grc' dir='ltr'>λάθωμεν</span> 
     </span>
    </p>
   </div>
   <div class='ocr_carea' id='block_1_6' title="bbox 360 2841 1422 4480">
    <p class='ocr_par' dir='ltr' id='par_1_6' title="bbox 360 2841 1422 4480">
     <span class='ocr_line' id='line_1_24' title="bbox 360 2841 1414 2938; baseline 0.007 -28"><span class='ocrx_word' id='word_1_180' title='bbox 360 2844 633 2930; x_wconf 62' lang='grc' dir='ltr'>μεταβάλλοντες,</span> <span class='ocrx_word' id='word_1_181' title='bbox 664 2841 701 2911; x_wconf 78' lang='grc' dir='ltr'>οὗ</span> <span class='ocrx_word' id='word_1_182' title='bbox 735 2843 822 2911; x_wconf 79' lang='grc' dir='ltr'>δοκεῖ</span> <span class='ocrx_word' id='word_1_183' title='bbox 848 2842 926 2929; x_wconf 78' lang='grc' dir='ltr'>ἡμῖν</span> <span class='ocrx_word' id='word_1_184' title='bbox 957 2845 1119 2929; x_wconf 62' lang='grc' dir='ltr'>«γογονένοι</span> <span class='ocrx_word' id='word_1_185' title='bbox 1148 2846 1272 2938; x_wconf 78' lang='grc' dir='ltr'>χρόνος.</span> <span class='ocrx_word' id='word_1_186' title='bbox 1315 2849 1414 2917; x_wconf 86' lang='lat' dir='ltr'>Recte</span> 
     </span>
     <span class='ocr_line' id='line_1_25' title="bbox 361 2943 1415 3037; baseline 0.008 -26"><span class='ocrx_word' id='word_1_187' title='bbox 361 2945 491 3033; x_wconf 89' lang='lat' dir='ltr'>quidem</span> <span class='ocrx_word' id='word_1_188' title='bbox 512 2946 583 3026; x_wconf 90' lang='lat' dir='ltr'>hoc,</span> <span class='ocrx_word' id='word_1_189' title='bbox 601 2970 663 3012; x_wconf 85' lang='grc' dir='ltr'>οοο</span> <span class='ocrx_word' id='word_1_190' title='bbox 682 2943 806 3014; x_wconf 70' lang='lat' dir='ltr'>videar</span> <span class='ocrx_word' id='word_1_191' title='bbox 826 2947 936 3022; x_wconf 67' lang='lat' dir='ltr'>codd,-</span> <span class='ocrx_word' id='word_1_192' title='bbox 954 2970 1020 3014; x_wconf 91' lang='lat' dir='ltr'>non</span> <span class='ocrx_word' id='word_1_193' title='bbox 1040 2959 1207 3037; x_wconf 83' lang='lat' dir='ltr'>apparete</span> <span class='ocrx_word' id='word_1_194' title='bbox 1228 2973 1338 3018; x_wconf 91' lang='lat' dir='ltr'>somno</span> <span class='ocrx_word' id='word_1_195' title='bbox 1357 2975 1415 3019; x_wconf 89' lang='lat' dir='ltr'>ex·</span> 
     </span>
     <span class='ocr_line' id='line_1_26' title="bbox 362 3048 1416 3137; baseline 0.007 -22"><span class='ocrx_word' id='word_1_196' title='bbox 362 3048 469 3116; x_wconf 90' lang='lat' dir='ltr'>citatis</span> <span class='ocrx_word' id='word_1_197' title='bbox 495 3059 649 3136; x_wconf 89' lang='lat' dir='ltr'>qnantum</span> <span class='ocrx_word' id='word_1_198' title='bbox 677 3048 829 3137; x_wconf 85' lang='lat' dir='ltr'>temporis</span> <span class='ocrx_word' id='word_1_199' title='bbox 855 3049 1047 3133; x_wconf 83' lang='lat' dir='ltr'>intercessit3</span> <span class='ocrx_word' id='word_1_200' title='bbox 1077 3062 1111 3118; x_wconf 89' lang='lat' dir='ltr'>at</span> <span class='ocrx_word' id='word_1_201' title='bbox 1139 3075 1204 3120; x_wconf 90' lang='lat' dir='ltr'>non</span> <span class='ocrx_word' id='word_1_202' title='bbox 1233 3055 1309 3121; x_wconf 91' lang='lat' dir='ltr'>hinc</span> <span class='ocrx_word' id='word_1_203' title='bbox 1332 3066 1416 3124; x_wconf 81' lang='lat' dir='ltr'>recte</span> 
     </span>
     <span class='ocr_line' id='line_1_27' title="bbox 363 3150 1416 3242; baseline 0.009 -23"><span class='ocrx_word' id='word_1_204' title='bbox 363 3151 534 3238; x_wconf 86' lang='lat' dir='ltr'>colligitur,</span> <span class='ocrx_word' id='word_1_205' title='bbox 550 3150 694 3240; x_wconf 79' lang='lat' dir='ltr'>&lt;I&gt;cvepdv</span> <span class='ocrx_word' id='word_1_206' title='bbox 715 3151 766 3220; x_wconf 67' lang='grc' dir='ltr'>ὅτι</span> <span class='ocrx_word' id='word_1_207' title='bbox 788 3151 846 3222; x_wconf 80' lang='grc' dir='ltr'>οὐκ</span> <span class='ocrx_word' id='word_1_208' title='bbox 867 3153 957 3220; x_wconf 76' lang='grc' dir='ltr'>ἐστὶν</span> <span class='ocrx_word' id='word_1_209' title='bbox 981 3153 1057 3222; x_wconf 77' lang='grc' dir='ltr'>ἄνευ</span> <span class='ocrx_word' id='word_1_210' title='bbox 1078 3154 1230 3240; x_wconf 81' lang='grc' dir='ltr'>κινήσεως</span> <span class='ocrx_word' id='word_1_211' title='bbox 1244 3159 1299 3225; x_wconf 75' lang='grc' dir='ltr'>καὶ</span> <span class='ocrx_word' id='word_1_212' title='bbox 1319 3185 1416 3242; x_wconf 82' lang='grc' dir='ltr'>μετο-</span> 
     </span>
     <span class='ocr_line' id='line_1_28' title="bbox 362 3247 1416 3346; baseline 0.009 -25"><span class='ocrx_word' id='word_1_213' title='bbox 362 3257 469 3338; x_wconf 83' lang='grc' dir='ltr'>βολῆς</span> <span class='ocrx_word' id='word_1_214' title='bbox 489 3252 507 3321; x_wconf 84' lang='grc' dir='ltr'>ὁ</span> <span class='ocrx_word' id='word_1_215' title='bbox 528 3253 653 3343; x_wconf 78' lang='grc' dir='ltr'>χρόνος.</span> <span class='ocrx_word' id='word_1_216' title='bbox 696 3254 771 3322; x_wconf 85' lang='grc' dir='ltr'>Νοο</span> <span class='ocrx_word' id='word_1_217' title='bbox 789 3256 1054 3344; x_wconf 87' lang='lat' dir='ltr'>persentiscimus‚</span> <span class='ocrx_word' id='word_1_218' title='bbox 1070 3281 1145 3346; x_wconf 86' lang='lat' dir='ltr'>ergo</span> <span class='ocrx_word' id='word_1_219' title='bbox 1161 3247 1226 3327; x_wconf 77' lang='lat' dir='ltr'>no&#39;n</span> <span class='ocrx_word' id='word_1_220' title='bbox 1241 3271 1298 3344; x_wconf 85' lang='lat' dir='ltr'>est,</span> <span class='ocrx_word' id='word_1_221' title='bbox 1314 3263 1416 3330; x_wconf 88' lang='lat' dir='ltr'>illatio</span> 
     </span>
     <span class='ocr_line' id='line_1_29' title="bbox 363 3357 1417 3446; baseline 0.007 -21"><span class='ocrx_word' id='word_1_222' title='bbox 363 3358 465 3426; x_wconf 78' lang='lat' dir='ltr'>fallax</span> <span class='ocrx_word' id='word_1_223' title='bbox 474 3382 484 3439; x_wconf 91' lang='lat'>;</span> <span class='ocrx_word' id='word_1_224' title='bbox 510 3367 543 3424; x_wconf 90' lang='lat' dir='ltr'>et</span> <span class='ocrx_word' id='word_1_225' title='bbox 561 3357 662 3424; x_wconf 79' lang='lat' dir='ltr'>fallax</span> <span class='ocrx_word' id='word_1_226' title='bbox 676 3379 816 3439; x_wconf 90' lang='lat' dir='ltr'>somnus,</span> <span class='ocrx_word' id='word_1_227' title='bbox 832 3358 888 3446; x_wconf 90' lang='lat' dir='ltr'>qui</span> <span class='ocrx_word' id='word_1_228' title='bbox 902 3359 977 3424; x_wconf 81' lang='lat' dir='ltr'>feeit</span> <span class='ocrx_word' id='word_1_229' title='bbox 995 3369 1032 3427; x_wconf 91' lang='lat' dir='ltr'>ut</span> <span class='ocrx_word' id='word_1_230' title='bbox 1045 3382 1103 3426; x_wconf 90' lang='lat' dir='ltr'>nos</span> <span class='ocrx_word' id='word_1_231' title='bbox 1121 3361 1184 3428; x_wconf 91' lang='lat' dir='ltr'>duo</span> <span class='ocrx_word' id='word_1_232' title='bbox 1202 3375 1323 3430; x_wconf 86' lang='lat' dir='ltr'>semota</span> <span class='ocrx_word' id='word_1_233' title='bbox 1336 3375 1417 3432; x_wconf 86' lang='lat' dir='ltr'>tem·</span> 
     </span>
     <span class='ocr_line' id='line_1_30' title="bbox 363 3459 1416 3552; baseline 0.006 -24"><span class='ocrx_word' id='word_1_234' title='bbox 363 3461 450 3550; x_wconf 89' lang='lat' dir='ltr'>poris</span> <span class='ocrx_word' id='word_1_235' title='bbox 472 3459 625 3527; x_wconf 86' lang='lat' dir='ltr'>instantia</span> <span class='ocrx_word' id='word_1_236' title='bbox 644 3471 917 3543; x_wconf 82' lang='lat' dir='ltr'>connecteremus3</span> <span class='ocrx_word' id='word_1_237' title='bbox 943 3461 1070 3530; x_wconf 87' lang='lat' dir='ltr'>interim</span> <span class='ocrx_word' id='word_1_238' title='bbox 1092 3464 1293 3532; x_wconf 86' lang='lat' dir='ltr'>verissimum</span> <span class='ocrx_word' id='word_1_239' title='bbox 1315 3467 1416 3552; x_wconf 88' lang='lat' dir='ltr'>illud;</span> 
     </span>
     <span class='ocr_line' id='line_1_31' title="bbox 364 3561 1417 3654; baseline 0.009 -26"><span class='ocrx_word' id='word_1_240' title='bbox 364 3561 464 3646; x_wconf 70' lang='lat' dir='ltr'>“capri</span> <span class='ocrx_word' id='word_1_241' title='bbox 486 3564 620 3644; x_wconf 70' lang='grc' dir='ltr'>κίνησις,</span> <span class='ocrx_word' id='word_1_242' title='bbox 642 3566 794 3635; x_wconf 73' lang='grc' dir='ltr'>τοσοῦτος</span> <span class='ocrx_word' id='word_1_243' title='bbox 816 3563 871 3630; x_wconf 77' lang='grc' dir='ltr'>καὶ</span> <span class='ocrx_word' id='word_1_244' title='bbox 893 3562 910 3629; x_wconf 89' lang='grc' dir='ltr'><strong><em>ὁ</em></strong></span> <span class='ocrx_word' id='word_1_245' title='bbox 932 3563 1046 3654; x_wconf 77' lang='grc' dir='ltr'>χρόνος</span> <span class='ocrx_word' id='word_1_246' title='bbox 1068 3563 1118 3632; x_wconf 83' lang='lat' dir='ltr'>a&#39;sl</span> <span class='ocrx_word' id='word_1_247' title='bbox 1139 3565 1227 3636; x_wconf 79' lang='grc' dir='ltr'>δοκεῖ</span> <span class='ocrx_word' id='word_1_248' title='bbox 1245 3569 1417 3653; x_wconf 57' lang='lat' dir='ltr'>aspersum,</span> 
     </span>
     <span class='ocr_line' id='line_1_32' title="bbox 364 3665 1417 3755; baseline 0.007 -23"><span class='ocrx_word' id='word_1_249' title='bbox 364 3675 502 3755; x_wconf 85' lang='lat' dir='ltr'>quantas</span> <span class='ocrx_word' id='word_1_250' title='bbox 512 3687 626 3753; x_wconf 89' lang='lat' dir='ltr'>nempe</span> <span class='ocrx_word' id='word_1_251' title='bbox 637 3674 741 3730; x_wconf 90' lang='lat' dir='ltr'>motus</span> <span class='ocrx_word' id='word_1_252' title='bbox 755 3665 827 3747; x_wconf 87' lang='lat' dir='ltr'>fait,</span> <span class='ocrx_word' id='word_1_253' title='bbox 840 3675 963 3732; x_wconf 88' lang='lat' dir='ltr'>tantum</span> <span class='ocrx_word' id='word_1_254' title='bbox 979 3677 1103 3754; x_wconf 91' lang='lat' dir='ltr'>tempus</span> <span class='ocrx_word' id='word_1_255' title='bbox 1118 3668 1247 3736; x_wconf 79' lang='lat' dir='ltr'>videtur·</span> <span class='ocrx_word' id='word_1_256' title='bbox 1258 3671 1417 3754; x_wconf 72' lang='lat' dir='ltr'>extifisse3</span> 
     </span>
     <span class='ocr_line' id='line_1_33' title="bbox 363 3768 1419 3857; baseline 0.008 -23"><span class='ocrx_word' id='word_1_257' title='bbox 363 3790 468 3857; x_wconf 89' lang='lat' dir='ltr'>neque</span> <span class='ocrx_word' id='word_1_258' title='bbox 491 3789 589 3854; x_wconf 91' lang='lat' dir='ltr'>quum</span> <span class='ocrx_word' id='word_1_259' title='bbox 613 3776 738 3834; x_wconf 90' lang='lat' dir='ltr'>tantum</span> <span class='ocrx_word' id='word_1_260' title='bbox 760 3777 886 3856; x_wconf 89' lang='lat' dir='ltr'>tempus</span> <span class='ocrx_word' id='word_1_261' title='bbox 912 3768 1057 3851; x_wconf 83' lang='lat' dir='ltr'>dicimus,</span> <span class='ocrx_word' id='word_1_262' title='bbox 1082 3769 1171 3836; x_wconf 85' lang='lat' dir='ltr'>eliud</span> <span class='ocrx_word' id='word_1_263' title='bbox 1196 3775 1419 3842; x_wconf 85' lang='lat' dir='ltr'>consuevimus</span> 
     </span>
     <span class='ocr_line' id='line_1_34' title="bbox 364 3871 1419 3967; baseline 0.008 -29"><span class='ocrx_word' id='word_1_264' title='bbox 364 3871 551 3957; x_wconf 83' lang='lat' dir='ltr'>intelligere,</span> <span class='ocrx_word' id='word_1_265' title='bbox 566 3893 662 3958; x_wconf 87' lang='lat' dir='ltr'>quam</span> <span class='ocrx_word' id='word_1_266' title='bbox 681 3879 806 3936; x_wconf 89' lang='lat' dir='ltr'>tantum</span> <span class='ocrx_word' id='word_1_267' title='bbox 820 3881 942 3938; x_wconf 90' lang='lat' dir='ltr'>motum</span> <span class='ocrx_word' id='word_1_268' title='bbox 957 3871 1148 3942; x_wconf 87' lang='lat' dir='ltr'>intercedere</span> <span class='ocrx_word' id='word_1_269' title='bbox 1162 3877 1312 3964; x_wconf 88' lang='lat' dir='ltr'>potuisse,</span> <span class='ocrx_word' id='word_1_270' title='bbox 1328 3879 1419 3967; x_wconf 87' lang='lat' dir='ltr'>cujus</span> 
     </span>
     <span class='ocr_line' id='line_1_35' title="bbox 365 3971 1419 4064; baseline 0.007 -24"><span class='ocrx_word' id='word_1_271' title='bbox 365 3972 486 4040; x_wconf 89' lang='lat' dir='ltr'>scilicet</span> <span class='ocrx_word' id='word_1_272' title='bbox 499 3971 676 4039; x_wconf 87' lang='lat' dir='ltr'>extensioni</span> <span class='ocrx_word' id='word_1_273' title='bbox 690 3972 840 4040; x_wconf 87' lang='lat' dir='ltr'>continuo</span> <span class='ocrx_word' id='word_1_274' title='bbox 855 3973 1040 4042; x_wconf 87' lang='lat' dir='ltr'>successivae</span> <span class='ocrx_word' id='word_1_275' title='bbox 1051 3997 1156 4042; x_wconf 86' lang='lat' dir='ltr'>reram</span> <span class='ocrx_word' id='word_1_276' title='bbox 1170 3980 1419 4064; x_wconf 85' lang='lat' dir='ltr'>permanentiam</span> 
     </span>
     <span class='ocr_line' id='line_1_36' title="bbox 365 4074 1421 4168; baseline 0.009 -26"><span class='ocrx_word' id='word_1_277' title='bbox 365 4075 579 4163; x_wconf 84' lang='lat' dir='ltr'>imaginamur</span> <span class='ocrx_word' id='word_1_278' title='bbox 599 4074 779 4143; x_wconf 81' lang='lat' dir='ltr'>coe&#39;xtendi.</span> <span class='ocrx_word' id='word_1_279' title='bbox 824 4074 982 4144; x_wconf 76' lang='lat' dir='ltr'>Caeterum</span> <span class='ocrx_word' id='word_1_280' title='bbox 997 4077 1074 4165; x_wconf 88' lang='lat' dir='ltr'>quia</span> <span class='ocrx_word' id='word_1_281' title='bbox 1091 4089 1217 4168; x_wconf 82' lang='lat' dir='ltr'>tempas</span> <span class='ocrx_word' id='word_1_282' title='bbox 1231 4081 1321 4148; x_wconf 82' lang='lat' dir='ltr'>alveo</span> <span class='ocrx_word' id='word_1_283' title='bbox 1336 4105 1421 4152; x_wconf 88' lang='lat' dir='ltr'>sem·</span> 
     </span>
     <span class='ocr_line' id='line_1_37' title="bbox 366 4177 1422 4275; baseline 0.012 -32"><span class='ocrx_word' id='word_1_284' title='bbox 366 4201 422 4266; x_wconf 82' lang='lat' dir='ltr'>per</span> <span class='ocrx_word' id='word_1_285' title='bbox 436 4177 560 4266; x_wconf 85' lang='lat' dir='ltr'>aequali,</span> <span class='ocrx_word' id='word_1_286' title='bbox 575 4201 640 4246; x_wconf 90' lang='lat' dir='ltr'>non</span> <span class='ocrx_word' id='word_1_287' title='bbox 654 4202 711 4268; x_wconf 84' lang='lat' dir='ltr'>per</span> <span class='ocrx_word' id='word_1_288' title='bbox 724 4179 810 4246; x_wconf 81' lang='lat' dir='ltr'>vices</span> <span class='ocrx_word' id='word_1_289' title='bbox 830 4201 915 4247; x_wconf 90' lang='lat' dir='ltr'>nunc</span> <span class='ocrx_word' id='word_1_290' title='bbox 936 4182 1076 4268; x_wconf 85' lang='lat' dir='ltr'>segnius,</span> <span class='ocrx_word' id='word_1_291' title='bbox 1091 4192 1168 4248; x_wconf 83' lang='lat' dir='ltr'>turm</span> <span class='ocrx_word' id='word_1_292' title='bbox 1181 4183 1321 4272; x_wconf 89' lang='lat' dir='ltr'>rapidius</span> <span class='ocrx_word' id='word_1_293' title='bbox 1340 4209 1422 4275; x_wconf 87' lang='lat' dir='ltr'>prse-</span> 
     </span>
     <span class='ocr_line' id='line_1_38' title="bbox 366 4281 1422 4376; baseline 0.008 -26"><span class='ocrx_word' id='word_1_294' title='bbox 366 4281 482 4350; x_wconf 82' lang='lat' dir='ltr'>tcrlabi</span> <span class='ocrx_word' id='word_1_295' title='bbox 496 4281 701 4370; x_wconf 89' lang='lat' dir='ltr'>concipimus,</span> <span class='ocrx_word' id='word_1_296' title='bbox 720 4281 872 4368; x_wconf 74' lang='lat' dir='ltr'>(admissa</span> <span class='ocrx_word' id='word_1_297' title='bbox 885 4281 1040 4372; x_wconf 88' lang='lat' dir='ltr'>siquidem</span> <span class='ocrx_word' id='word_1_298' title='bbox 1060 4285 1118 4354; x_wconf 87' lang='lat' dir='ltr'>illa</span> <span class='ocrx_word' id='word_1_299' title='bbox 1129 4285 1325 4376; x_wconf 85' lang='lat' dir='ltr'>disparitate,</span> <span class='ocrx_word' id='word_1_300' title='bbox 1348 4290 1422 4358; x_wconf 87' lang='lat' dir='ltr'>nul-</span> 
     </span>
     <span class='ocr_line' id='line_1_39' title="bbox 367 4383 1420 4480; baseline 0.009 -28"><span class='ocrx_word' id='word_1_301' title='bbox 367 4383 434 4452; x_wconf 89' lang='lat' dir='ltr'>lam</span> <span class='ocrx_word' id='word_1_302' title='bbox 454 4383 585 4452; x_wconf 90' lang='lat' dir='ltr'>omnino</span> <span class='ocrx_word' id='word_1_303' title='bbox 604 4384 883 4474; x_wconf 88' lang='lat' dir='ltr'>computationem,</span> <span class='ocrx_word' id='word_1_304' title='bbox 904 4395 960 4454; x_wconf 88' lang='lat' dir='ltr'>aut</span> <span class='ocrx_word' id='word_1_305' title='bbox 974 4385 1203 4458; x_wconf 87' lang='lat' dir='ltr'>dimensionem</span> <span class='ocrx_word' id='word_1_306' title='bbox 1217 4389 1420 4480; x_wconf 72' lang='lat' dir='ltr'>admitteret)</span> 
     </span>
    </p>
   </div>
   <div class='ocr_carea' id='block_1_7' title="bbox 0 0 1610 5192">
    <p class='ocr_par' dir='ltr' id='par_1_7' title="bbox 0 0 1610 5192">
     <span class='ocr_line' id='line_1_40' title="bbox 0 0 1610 5192; baseline 0 0"><span class='ocrx_word' id='word_1_307' title='bbox 0 0 1610 5192; x_wconf 95' lang='lat' dir='ltr'> </span> 
     </span>
    </p>
   </div>
  </div>
 </body>
</html>
