3167 5192
140 366 246 417 nucu.
262 354 367 439 xv11.]
500 372 687 425 marosas
708 372 984 425 neruunfflen.
1246 356 1311 425 275

214 535 343 605 Horum
363 538 519 628 (inquam)
538 540 672 609 duorum
691 541 897 611 terminorum
918 540 952 608 in
973 540 1207 630 eompsretione
1224 540 1311 631 prior
1444 598 1447 607 .

145 641 305 731 appellari
324 645 490 713 consuevit
506 643 690 730 ἡγούμενος,
709 646 897 729 antecedens,
913 644 944 713 ei
957 668 1032 713 vero
1047 644 1218 715 correlatua
1235 667 1310 735 pon·

145 746 247 813 terior
260 745 425 832 ἑπόμενος,
439 772 633 838 eomeqam.

214 848 292 917 Hoe
317 853 483 941 premisso
511 854 757 921 Arithmetiuam
785 854 941 923 rationem
977 876 1035 923 seu
1062 853 1307 943 pmpnrtionem‚

145 951 316 1039 appellant
335 954 481 1021 nonnulli
502 955 638 1025 duorum
659 966 861 1046 quantorum,
885 955 953 1040 Τὴν
974 954 1058 1025 κατὰ
1080 955 1118 1023 τὸ
1140 954 1308 1046 ὑπερέχειν

143 1053 204 1121 ml
219 1054 387 1123 ἐλλεῶτειν
404 1058 524 1147 σχέσιν
539 1060 650 1146 (verba
663 1070 740 1127 suut
755 1058 946 1131 Scholiasta
960 1061 1111 1128 veterina
1130 1059 1305 1127 Meibomio

142 1157 266 1242 eitati),
281 1158 465 1229 relats'eaevn
481 1163 651 1231 mundam
663 1162 885 1251 differentiam,
903 1177 1053 1253 φναωνω
1072 1188 1171 1231 naam
1189 1162 1309 1229 eoeeedit

142 1260 294 1343 mm,
313 1262 364 1330 vel
375 1262 480 1350 deficit
491 1265 533 1331 ab
545 1264 645 1333 altero
666 1265 781 1355 (possit
800 1266 898 1355 adjici
912 1264 995 1334 κατὰ
1010 1264 1049 1333 rd
1065 1264 1228 1346 ι’σνῦσθαι,
1248 1264 1307 1333 ad-

140 1364 274 1451 aquae·
291 1366 357 1433 nti
373 1366 424 1433 vel
443 1368 545 1435 aidila
564 1368 717 1455 dffetm
745 1392 822 1435 nam
847 1380 881 1437 et
908 1370 992 1437 inter
1020 1369 1156 1459 asquslia
1183 1376 1305 1457 quanta

141 1476 254 1553 potest
280 1466 407 1535 institui
438 1471 641 1558 eomputatio,
670 1481 837 1560 potestque
866 1471 1037 1560 singularis
1067 1472 1136 1539 hee
1163 1472 1305 1560 ipsorum

141 1568 260 1635 relatio
284 1569 429 1639 denotari
452 1595 510 1661 per
530 1571 569 1640 τὸ
589 1574 717 1661 dfferre
737 1575 849 1656 allido,
874 1574 961 1662 quod
982 1573 1065 1643 inter
1085 1596 1251 1643 moestum
1272 1582 1305 1641 et

141 1671 305 1739 defectum
318 1674 444 1743 medius
457 1675 647 1764 irrterjieitur
660 1676 777 1763 limes).
823 1678 886 1745 Per
899 1678 1112 1766 differentiam
1131 1688 1237 1744 autem
1252 1676 1305 1745 hie

140 1774 358 1865 intelligimus
374 1779 482 1866 ipsum
503 1778 542 1847 sd
563 1779 735 1869 διαφέρειν,
761 1780 917 1869 singulari
938 1782 1033 1850 modo
1055 1782 1228 1872 comparari
1251 1782 1304 1850 rel

139 1880 255 1949 referri
269 1882 332 1949 hoe
343 1881 387 1949 ad
400 1882 493 1965 illud,
513 1877 580 1951 nen
593 1884 776 1952 absolutum
790 1884 826 1953 id
841 1894 1005 1973 quantum,
1021 1886 1106 1974 quod
1119 1894 1193 1973 post
1206 1886 1303 1953 unius

138 1984 184 2051 ab
205 1983 308 2052 altere
329 1985 571 2055 subductionem
589 1998 641 2055 est
655 1987 829 2071 residuum,
852 1988 939 2077 quod
959 1989 1089 2078 quidem
1111 1988 1250 2079 διαφορὰ
1270 2000 1304 2057 et

136 2087 324 2173 differentiis
344 2088 519 2179 plerunque
539 2090 667 2159 dieitur.
711 2090 753 2159 E.
764 2114 797 2179 g.
823 2093 936 2160 relatio
957 2116 1029 2183 quaa
1049 2103 1195 2161 versatur
1220 2092 1303 2161 inter

138 2188 263 2257 lineam
277 2190 463 2280 tripedalem
477 2202 510 2259 et
524 2193 642 2261 lineam
656 2194 848 2283 bipedalem,
862 2196 959 2284 juxte
972 2218 1069 2284 quem
1083 2195 1141 2263 ille
1153 2217 1302 2285 superare

137 2293 322 2382 coneipitur
343 2294 428 2361 hane
448 2294 534 2363 linet
553 2295 681 2384 pedali;
708 2296 764 2365 val
784 2297 920 2379 inverse,
945 2296 1057 2367 relatio
1080 2298 1238 2389 bipedalis
1260 2300 1303 2367 ad

138 2397 342 2486 tripedalem,
365 2404 526 2486 quatenns
546 2398 605 2465 illa
624 2399 802 2489 coneipitur
822 2400 865 2466 ab
887 2399 948 2467 hle
969 2399 1101 2469 defieere
1123 2401 1302 2491 quantitate

138 2500 238 2568 linere
257 2501 391 2589 pedalis,
414 2502 617 2591 appellantur
642 2504 783 2571 rationes
803 2503 1034 2585 Arithmetieae,
1062 2503 1119 2569 ills
1143 2524 1301 2586 expersus,

139 2603 214 2671 hec
228 2604 386 2687 defectum
402 2604 473 2695 ipsa
482 2629 557 2675 vere
570 2605 695 2696 pedalis
709 2607 805 2689 linea,
820 2606 968 2675 absoluta
980 2606 1178 2694 magnitudo,
1191 2630 1303 2695 quarn·

139 2706 194 2775 vis
216 2706 398 2795 differentia
418 2709 546 2778 nomine
566 2710 676 2778 venire
697 2709 786 2791 solet,
810 2718 950 2777 attamen
971 2710 1054 2777 ratio
1071 2729 1135 2774 non
1154 2718 1221 2789 est3
1244 2708 1301 2777 aad

139 2808 214 2877 haee
226 2810 379 2879 excedere
392 2811 446 2878 vel
459 2811 591 2880 definere
605 2811 686 2880 ratio
701 2812 817 2880 dieitur
831 2810 1053 2881 Arithmetiea.
1093 2810 1190 2878 Hane
1203 2811 1300 2879 talem

143 2912 221 3000 (aio)
246 2925 438 3001 quantorum
461 2915 682 2983 hebitudinem
708 2914 751 2985 ad
775 2938 811 2983 se
833 2915 970 2983 invicem
996 2914 1143 2983 nonnulli
1165 2915 1301 2983 menia

139 3015 360 3091 Maeotia
378 3016 499 3085 deuant
511 3018 754 3107 appellamento.
802 3019 882 3106 (Gur
895 3019 1139 3087 Arithmetieam
1159 3019 1301 3088 dixerint

139 3142 208 3186 non
222 3118 293 3206 jam
307 3118 487 3208 disputabo,
505 3143 555 3187 res
568 3122 689 3210 quippe
706 3132 907 3190 eontroverse
920 3133 987 3207 est3
1009 3132 1134 3191 tantum
1156 3123 1231 3191 inde
1252 3124 1299 3191 sie

139 3221 380 3291 denominatam
404 3221 509 3289 videri
533 3222 647 3304 dicam,
677 3224 764 3312 quod
786 3225 966 3313 analogiam
991 3225 1152 3315 quandam
1177 3236 1299 3294 veteres

139 3326 390 3395 Arithmetieam
414 3326 613 3416 appellarint,
638 3334 704 3416 qud
723 3327 764 3395 de
784 3334 882 3397 esunt
905 3338 975 3397 tum
996 3328 1186 3417 dispiciendi
1209 3328 1298 3396 loeus

140 3430 213 3512 erit,
229 3453 303 3499 eum
316 3430 358 3499 de
371 3430 529 3519 analogiis
542 3433 699 3520 agemus).

206 3532 329 3601 Verum
348 3533 434 3623 apud
448 3532 579 3603 Greeos
592 3555 751 3623 nusquam
767 3536 889 3625 reperio
905 3534 1006 3619 λόγον
1024 3534 1164 3623 aliquem
1185 3534 1299 3603 Arith-

141 3637 312 3719 metieum3
342 3659 467 3727 semper
493 3638 519 3705 ii
547 3648 739 3727 quantorum
766 3638 867 3722 λόγον
897 3648 1006 3707 eontra
1030 3638 1233 3727 distinguunt
1256 3638 1298 3707 eb

140 3742 285 3832 ipsorum
298 3742 488 3829 differtum,
503 3764 576 3831 quas
597 3741 781 3829 significant
799 3742 963 3811 venabulis
985 3740 1126 3830 διαφορὰ
1147 3752 1180 3809 et
1202 3740 1299 3831 ὑπερ-

142 3843 219 3935 οχὴ,
247 3867 307 3912 nee
328 3868 399 3913 rere
425 3843 589 3929 διάστημα
607 3854 792 3934 nuncupant
817 3846 1038 3931 (intervallum,
1060 3846 1208 3935 spatam,
1232 3844 1302 3913 dia·

142 3950 287 4032 mem,
306 3972 373 4017 non
393 3972 436 4016 ex
454 3949 611 4038 positione
627 3949 723 4017 leeali
743 3950 949 4017 multantem
972 3950 1140 4017 innuentes
1164 3949 1299 4017 interca-

140 4052 302 4143 pedinem,
317 4062 369 4121 set
387 4052 602 4122 diversitatem
622 4062 655 4120 et
668 4052 761 4141 quasi
779 4051 962 4123 duantum
984 4053 1018 4120 in
1033 4054 1221 4143 quantitate,
1240 4074 1298 4143 per

193 4282 298 4341 'l'erms
333 4285 512 4344 Anteaedant
527 4288 583 4345 and
601 4289 784 4359 Causaquent

194 4369 391 4429 Arithmetiesl
407 4372 479 4429 ratio
492 4371 518 4429 is
533 4372 680 4443 depending
694 4376 725 4429 te
742 4372 898 4430 differendo.

194 4465 277 4541 λόγος
292 4468 345 4525 not
360 4464 431 4525 used
447 4464 492 4523 ier
507 4464 705 4523 Arithmetieal
721 4464 801 4523 ratio.
