<?xml version="1.0" encoding="UTF-8"?>
<!DOCTYPE html PUBLIC "-//W3C//DTD XHTML 1.0 Transitional//EN"
    "http://www.w3.org/TR/xhtml1/DTD/xhtml1-transitional.dtd">
<html xmlns="http://www.w3.org/1999/xhtml" xml:lang="en" lang="en">
 <head>
  <title>
</title>
<meta http-equiv="Content-Type" content="text/html;charset=utf-8" />
  <meta name='ocr-system' content='tesseract 3.04.00' />
  <meta name='ocr-capabilities' content='ocr_page ocr_carea ocr_par ocr_line ocrx_word'/>
</head>
<body>
  <div class='ocr_page' id='page_1' title='image "./mathematicalwor00whewgoog_0180.png"; bbox 0 0 3167 5192; ppageno 0'>
   <div class='ocr_carea' id='block_1_1' title="bbox 277 361 1440 449">
    <p class='ocr_par' dir='ltr' id='par_1_1' title="bbox 277 361 1440 449">
     <span class='ocr_line' id='line_1_1' title="bbox 277 361 1440 449; baseline -0.009 -10"><span class='ocrx_word' id='word_1_1' title='bbox 277 368 344 442; x_wconf 80' lang='lat'>156</span> <span class='ocrx_word' id='word_1_2' title='bbox 623 378 811 433; x_wconf 69' lang='lat' dir='ltr'>uacuum</span> <span class='ocrx_word' id='word_1_3' title='bbox 834 374 1105 430; x_wconf 77' lang='lat' dir='ltr'>nnrnmnrrcn.</span> <span class='ocrx_word' id='word_1_4' title='bbox 1276 361 1386 449; x_wconf 83' lang='lat' dir='ltr'>[mer.</span> <span class='ocrx_word' id='word_1_5' title='bbox 1403 380 1440 429; x_wconf 84' lang='lat' dir='ltr'>x.</span> 
     </span>
    </p>
   </div>
   <div class='ocr_carea' id='block_1_2' title="bbox 276 544 1567 1053">
    <p class='ocr_par' dir='ltr' id='par_1_2' title="bbox 276 544 1567 1053">
     <span class='ocr_line' id='line_1_2' title="bbox 340 544 1566 634; baseline -0.007 -13"><span class='ocrx_word' id='word_1_6' title='bbox 340 554 499 621; x_wconf 77' lang='lat' dir='ltr'>Praeterea</span> <span class='ocrx_word' id='word_1_7' title='bbox 512 547 730 619; x_wconf 82' lang='lat' dir='ltr'>duriusculum</span> <span class='ocrx_word' id='word_1_8' title='bbox 744 545 881 627; x_wconf 62' lang='lat' dir='ltr'>vidum,</span> <span class='ocrx_word' id='word_1_9' title='bbox 896 553 934 611; x_wconf 90' lang='lat' dir='ltr'>ut</span> <span class='ocrx_word' id='word_1_10' title='bbox 947 544 1111 612; x_wconf 87' lang='lat' dir='ltr'>mundana</span> <span class='ocrx_word' id='word_1_11' title='bbox 1129 544 1264 611; x_wconf 85' lang='lat' dir='ltr'>materia</span> <span class='ocrx_word' id='word_1_12' title='bbox 1280 546 1388 633; x_wconf 81' lang='lat' dir='ltr'>quoad</span> <span class='ocrx_word' id='word_1_13' title='bbox 1406 568 1442 613; x_wconf 89' lang='lat' dir='ltr'>se</span> <span class='ocrx_word' id='word_1_14' title='bbox 1561 619 1566 634; x_wconf 47' lang='grc' dir='ltr'>Ι</span> 
     </span>
     <span class='ocr_line' id='line_1_3' title="bbox 277 649 1567 747; baseline -0.009 -20"><span class='ocrx_word' id='word_1_15' title='bbox 277 669 378 728; x_wconf 88' lang='lat' dir='ltr'>tetam</span> <span class='ocrx_word' id='word_1_16' title='bbox 391 657 488 747; x_wconf 86' lang='lat' dir='ltr'>plane</span> <span class='ocrx_word' id='word_1_17' title='bbox 502 661 658 721; x_wconf 77' lang='lat' dir='ltr'>statuatrn</span> <span class='ocrx_word' id='word_1_18' title='bbox 671 650 856 731; x_wconf 90' lang='lat' dir='ltr'>immobilis,</span> <span class='ocrx_word' id='word_1_19' title='bbox 872 658 927 715; x_wconf 92' lang='lat' dir='ltr'>aut</span> <span class='ocrx_word' id='word_1_20' title='bbox 941 649 1045 737; x_wconf 87' lang='lat' dir='ltr'>posite</span> <span class='ocrx_word' id='word_1_21' title='bbox 1068 650 1116 716; x_wconf 91' lang='lat' dir='ltr'>rei</span> <span class='ocrx_word' id='word_1_22' title='bbox 1135 649 1351 717; x_wconf 79' lang='lat' dir='ltr'>dilucidanda</span> <span class='ocrx_word' id='word_1_23' title='bbox 1371 672 1445 738; x_wconf 83' lang='lat' dir='ltr'>gre-</span> <span class='ocrx_word' id='word_1_24' title='bbox 1560 668 1567 741; x_wconf 36' lang='grc' dir='ltr'>ι</span> 
     </span>
     <span class='ocr_line' id='line_1_4' title="bbox 277 744 1567 850; baseline -0.007 -21"><span class='ocrx_word' id='word_1_25' title='bbox 277 763 333 844; x_wconf 81' lang='lat' dir='ltr'>tit,</span> <span class='ocrx_word' id='word_1_26' title='bbox 351 768 465 850; x_wconf 83' lang='lat' dir='ltr'>praeter</span> <span class='ocrx_word' id='word_1_27' title='bbox 484 781 583 825; x_wconf 85' lang='lat' dir='ltr'>unam</span> <span class='ocrx_word' id='word_1_28' title='bbox 606 755 740 823; x_wconf 87' lang='lat' dir='ltr'>solidam</span> <span class='ocrx_word' id='word_1_29' title='bbox 761 754 919 842; x_wconf 85' lang='lat' dir='ltr'>sphaeram</span> <span class='ocrx_word' id='word_1_30' title='bbox 940 753 1024 819; x_wconf 84' lang='lat' dir='ltr'>nihil</span> <span class='ocrx_word' id='word_1_31' title='bbox 1044 753 1170 841; x_wconf 88' lang='lat' dir='ltr'>uspiam</span> <span class='ocrx_word' id='word_1_32' title='bbox 1191 755 1339 835; x_wconf 75' lang='lat' dir='ltr'>existere,</span> <span class='ocrx_word' id='word_1_33' title='bbox 1356 753 1441 842; x_wconf 93' lang='lat' dir='ltr'>quod</span> <span class='ocrx_word' id='word_1_34' title='bbox 1566 744 1567 751; x_wconf 7' lang='grc' dir='ltr'>ἵ</span> 
     </span>
     <span class='ocr_line' id='line_1_5' title="bbox 276 856 1441 953; baseline -0.007 -22"><span class='ocrx_word' id='word_1_35' title='bbox 276 863 340 931; x_wconf 87' lang='lat' dir='ltr'>ista</span> <span class='ocrx_word' id='word_1_36' title='bbox 362 862 486 953; x_wconf 87' lang='lat' dir='ltr'>sphaera</span> <span class='ocrx_word' id='word_1_37' title='bbox 507 883 549 927; x_wconf 90' lang='lat' dir='ltr'>ne</span> <span class='ocrx_word' id='word_1_38' title='bbox 571 859 701 947; x_wconf 88' lang='lat' dir='ltr'>quidem</span> <span class='ocrx_word' id='word_1_39' title='bbox 724 881 744 924; x_wconf 93' lang='lat' dir='ltr'>a</span> <span class='ocrx_word' id='word_1_40' title='bbox 763 858 833 924; x_wconf 92' lang='lat' dir='ltr'>Deo</span> <span class='ocrx_word' id='word_1_41' title='bbox 853 856 1014 923; x_wconf 78' lang='lat' dir='ltr'>transferri</span> <span class='ocrx_word' id='word_1_42' title='bbox 1034 856 1145 945; x_wconf 79' lang='lat' dir='ltr'>possit,</span> <span class='ocrx_word' id='word_1_43' title='bbox 1167 867 1224 923; x_wconf 90' lang='lat' dir='ltr'>aut</span> <span class='ocrx_word' id='word_1_44' title='bbox 1244 857 1330 923; x_wconf 89' lang='lat' dir='ltr'>circa</span> <span class='ocrx_word' id='word_1_45' title='bbox 1347 879 1441 923; x_wconf 85' lang='lat' dir='ltr'>axem</span> 
     </span>
     <span class='ocr_line' id='line_1_6' title="bbox 279 959 1442 1053; baseline -0.005 -20"><span class='ocrx_word' id='word_1_46' title='bbox 279 966 394 1047; x_wconf 85' lang='lat' dir='ltr'>rotari3</span> <span class='ocrx_word' id='word_1_47' title='bbox 417 987 520 1053; x_wconf 90' lang='lat' dir='ltr'>neque</span> <span class='ocrx_word' id='word_1_48' title='bbox 534 960 716 1051; x_wconf 78' lang='grc' dir='ltr'>περιφοράν</span> <span class='ocrx_word' id='word_1_49' title='bbox 733 963 781 1048; x_wconf 90' lang='lat' dir='ltr'>(ut</span> <span class='ocrx_word' id='word_1_50' title='bbox 795 959 970 1027; x_wconf 75' lang='lat' dir='ltr'>Platonicis</span> <span class='ocrx_word' id='word_1_51' title='bbox 985 970 1056 1027; x_wconf 88' lang='lat' dir='ltr'>utar</span> <span class='ocrx_word' id='word_1_52' title='bbox 1069 960 1247 1045; x_wconf 82' lang='lat' dir='ltr'>vocabulis)</span> <span class='ocrx_word' id='word_1_53' title='bbox 1264 960 1442 1027; x_wconf 71' lang='lat' dir='ltr'>admittere,</span> 
     </span>
    </p>
   </div>
   <div class='ocr_carea' id='block_1_3' title="bbox 280 1063 1567 1258">
    <p class='ocr_par' dir='ltr' id='par_1_3' title="bbox 280 1063 1567 1258">
     <span class='ocr_line' id='line_1_7' title="bbox 280 1063 1567 1158; baseline -0.006 -21"><span class='ocrx_word' id='word_1_54' title='bbox 280 1071 322 1137; x_wconf 90' lang='lat' dir='ltr'>Id</span> <span class='ocrx_word' id='word_1_55' title='bbox 336 1068 422 1158; x_wconf 90' lang='lat' dir='ltr'>quod</span> <span class='ocrx_word' id='word_1_56' title='bbox 436 1068 513 1134; x_wconf 89' lang='lat' dir='ltr'>satis</span> <span class='ocrx_word' id='word_1_57' title='bbox 528 1067 623 1133; x_wconf 88' lang='lat' dir='ltr'>infert</span> <span class='ocrx_word' id='word_1_58' title='bbox 637 1065 804 1132; x_wconf 87' lang='lat' dir='ltr'>manifeste</span> <span class='ocrx_word' id='word_1_59' title='bbox 819 1063 956 1131; x_wconf 86' lang='lat' dir='ltr'>sublatio</span> <span class='ocrx_word' id='word_1_60' title='bbox 971 1064 1075 1153; x_wconf 89' lang='lat' dir='ltr'>spatii.</span> <span class='ocrx_word' id='word_1_61' title='bbox 1114 1063 1202 1129; x_wconf 88' lang='lat' dir='ltr'>Nam</span> <span class='ocrx_word' id='word_1_62' title='bbox 1216 1087 1318 1152; x_wconf 91' lang='lat' dir='ltr'>quum</span> <span class='ocrx_word' id='word_1_63' title='bbox 1331 1064 1369 1129; x_wconf 90' lang='lat' dir='ltr'>in</span> <span class='ocrx_word' id='word_1_64' title='bbox 1383 1064 1442 1132; x_wconf 89' lang='lat' dir='ltr'>hoc</span> <span class='ocrx_word' id='word_1_65' title='bbox 1560 1082 1567 1139; x_wconf 82' lang='lat' dir='ltr'>‚j</span> 
     </span>
     <span class='ocr_line' id='line_1_8' title="bbox 280 1166 1567 1258; baseline -0.007 -18"><span class='ocrx_word' id='word_1_66' title='bbox 280 1173 403 1240; x_wconf 88' lang='lat' dir='ltr'>utrovis</span> <span class='ocrx_word' id='word_1_67' title='bbox 416 1181 516 1251; x_wconf 91' lang='lat' dir='ltr'>motu,</span> <span class='ocrx_word' id='word_1_68' title='bbox 531 1180 637 1258; x_wconf 87' lang='lat' dir='ltr'>partes</span> <span class='ocrx_word' id='word_1_69' title='bbox 651 1167 787 1235; x_wconf 91' lang='lat' dir='ltr'>eundem</span> <span class='ocrx_word' id='word_1_70' title='bbox 802 1168 886 1235; x_wconf 91' lang='lat' dir='ltr'>inter</span> <span class='ocrx_word' id='word_1_71' title='bbox 904 1190 939 1233; x_wconf 85' lang='lat' dir='ltr'>ee</span> <span class='ocrx_word' id='word_1_72' title='bbox 956 1168 1112 1234; x_wconf 78' lang='lat' dir='ltr'>retineant</span> <span class='ocrx_word' id='word_1_73' title='bbox 1129 1168 1226 1233; x_wconf 87' lang='lat' dir='ltr'>situm</span> <span class='ocrx_word' id='word_1_74' title='bbox 1247 1166 1443 1255; x_wconf 86' lang='lat' dir='ltr'>eandemque</span> <span class='ocrx_word' id='word_1_75' title='bbox 1566 1212 1567 1253; x_wconf 49' lang='lat'>,</span> 
     </span>
    </p>
   </div>
   <div class='ocr_carea' id='block_1_4' title="bbox 281 1270 1462 4242">
    <p class='ocr_par' dir='ltr' id='par_1_4' title="bbox 281 1270 1456 3213">
     <span class='ocr_line' id='line_1_9' title="bbox 281 1270 1445 1360; baseline -0.007 -17"><span class='ocrx_word' id='word_1_76' title='bbox 281 1274 476 1355; x_wconf 79' lang='lat' dir='ltr'>distantiam,</span> <span class='ocrx_word' id='word_1_77' title='bbox 507 1272 789 1360; x_wconf 79' lang='lat' dir='ltr'>quomodocunque</span> <span class='ocrx_word' id='word_1_78' title='bbox 817 1270 934 1337; x_wconf 87' lang='lat' dir='ltr'>feratur</span> <span class='ocrx_word' id='word_1_79' title='bbox 963 1278 1075 1353; x_wconf 85' lang='lat' dir='ltr'>toturn,</span> <span class='ocrx_word' id='word_1_80' title='bbox 1105 1294 1170 1338; x_wconf 92' lang='lat' dir='ltr'>non</span> <span class='ocrx_word' id='word_1_81' title='bbox 1198 1271 1291 1339; x_wconf 86' lang='lat' dir='ltr'>aliter</span> <span class='ocrx_word' id='word_1_82' title='bbox 1320 1270 1445 1358; x_wconf 76' lang='lat' dir='ltr'>wncipi</span> 
     </span>
     <span class='ocr_line' id='line_1_10' title="bbox 281 1376 1446 1471; baseline -0.002 -25"><span class='ocrx_word' id='word_1_83' title='bbox 281 1390 386 1471; x_wconf 84' lang='lat' dir='ltr'>potest</span> <span class='ocrx_word' id='word_1_84' title='bbox 399 1380 503 1467; x_wconf 91' lang='lat' dir='ltr'>ipsum</span> <span class='ocrx_word' id='word_1_85' title='bbox 518 1377 647 1458; x_wconf 87' lang='lat' dir='ltr'>moveri,</span> <span class='ocrx_word' id='word_1_86' title='bbox 660 1400 756 1464; x_wconf 87' lang='lat' dir='ltr'>quam</span> <span class='ocrx_word' id='word_1_87' title='bbox 767 1400 810 1443; x_wconf 86' lang='lat' dir='ltr'>ex</span> <span class='ocrx_word' id='word_1_88' title='bbox 821 1376 917 1464; x_wconf 88' lang='lat' dir='ltr'>spatii</span> <span class='ocrx_word' id='word_1_89' title='bbox 932 1376 1112 1443; x_wconf 72' lang='lat' dir='ltr'>successive</span> <span class='ocrx_word' id='word_1_90' title='bbox 1126 1376 1311 1456; x_wconf 78' lang='lat' dir='ltr'>mutatione,</span> <span class='ocrx_word' id='word_1_91' title='bbox 1323 1376 1446 1444; x_wconf 90' lang='lat' dir='ltr'>scilicet</span> 
     </span>
     <span class='ocr_line' id='line_1_11' title="bbox 282 1476 1446 1569; baseline -0.005 -19"><span class='ocrx_word' id='word_1_92' title='bbox 282 1494 320 1550; x_wconf 89' lang='lat' dir='ltr'>ut</span> <span class='ocrx_word' id='word_1_93' title='bbox 342 1505 408 1548; x_wconf 90' lang='lat' dir='ltr'>una</span> <span class='ocrx_word' id='word_1_94' title='bbox 430 1502 503 1569; x_wconf 86' lang='lat' dir='ltr'>pars</span> <span class='ocrx_word' id='word_1_95' title='bbox 526 1479 664 1567; x_wconf 89' lang='lat' dir='ltr'>spatium</span> <span class='ocrx_word' id='word_1_96' title='bbox 688 1478 947 1564; x_wconf 86' lang='lat' dir='ltr'>subingrcdiatur</span> <span class='ocrx_word' id='word_1_97' title='bbox 969 1501 989 1543; x_wconf 87' lang='lat' dir='ltr'>a</span> <span class='ocrx_word' id='word_1_98' title='bbox 1011 1477 1115 1565; x_wconf 88' lang='lat' dir='ltr'>priore</span> <span class='ocrx_word' id='word_1_99' title='bbox 1139 1478 1335 1558; x_wconf 90' lang='lat' dir='ltr'>derelictum,</span> <span class='ocrx_word' id='word_1_100' title='bbox 1360 1476 1446 1545; x_wconf 88' lang='lat' dir='ltr'>unde</span> 
     </span>
     <span class='ocr_line' id='line_1_12' title="bbox 282 1579 1447 1673; baseline -0.004 -21"><span class='ocrx_word' id='word_1_101' title='bbox 282 1596 399 1673; x_wconf 86' lang='lat' dir='ltr'>negato</span> <span class='ocrx_word' id='word_1_102' title='bbox 414 1584 517 1673; x_wconf 88' lang='lat' dir='ltr'>spatio</span> <span class='ocrx_word' id='word_1_103' title='bbox 535 1582 657 1649; x_wconf 87' lang='lat' dir='ltr'>tollitur</span> <span class='ocrx_word' id='word_1_104' title='bbox 676 1582 746 1670; x_wconf 88' lang='lat' dir='ltr'>ejus</span> <span class='ocrx_word' id='word_1_105' title='bbox 765 1581 936 1647; x_wconf 83' lang='lat' dir='ltr'>mobilitas.</span> <span class='ocrx_word' id='word_1_106' title='bbox 982 1579 1122 1667; x_wconf 84' lang='lat' dir='ltr'>Stringit</span> <span class='ocrx_word' id='word_1_107' title='bbox 1141 1580 1202 1647; x_wconf 93' lang='lat' dir='ltr'>hoc</span> <span class='ocrx_word' id='word_1_108' title='bbox 1220 1581 1307 1668; x_wconf 91' lang='lat' dir='ltr'>quod</span> <span class='ocrx_word' id='word_1_109' title='bbox 1325 1580 1447 1647; x_wconf 83' lang='lat' dir='ltr'>alicubi</span> 
     </span>
     <span class='ocr_line' id='line_1_13' title="bbox 284 1680 1448 1767; baseline -0.003 -14"><span class='ocrx_word' id='word_1_110' title='bbox 284 1698 376 1755; x_wconf 85' lang='lat' dir='ltr'>notat</span> <span class='ocrx_word' id='word_1_111' title='bbox 396 1684 604 1766; x_wconf 82' lang='lat' dir='ltr'>Aristoteles;</span> <span class='ocrx_word' id='word_1_112' title='bbox 625 1681 709 1749; x_wconf 60' lang='grc' dir='ltr'>Ὀτι</span> <span class='ocrx_word' id='word_1_113' title='bbox 731 1680 789 1749; x_wconf 76' lang='grc' dir='ltr'>οὐκ</span> <span class='ocrx_word' id='word_1_114' title='bbox 810 1680 851 1749; x_wconf 84' lang='lat' dir='ltr'>dv</span> <span class='ocrx_word' id='word_1_115' title='bbox 874 1683 1011 1764; x_wconf 80' lang='grc' dir='ltr'>ἐζητεῖτο</span> <span class='ocrx_word' id='word_1_116' title='bbox 1032 1680 1050 1747; x_wconf 86' lang='grc' dir='ltr'><strong><em>ὁ</em></strong></span> <span class='ocrx_word' id='word_1_117' title='bbox 1072 1681 1180 1765; x_wconf 75' lang='lat' dir='ltr'>rdrroc,</span> <span class='ocrx_word' id='word_1_118' title='bbox 1203 1682 1233 1749; x_wconf 82' lang='lat' dir='ltr'>si</span> <span class='ocrx_word' id='word_1_119' title='bbox 1252 1681 1298 1767; x_wconf 78' lang='grc' dir='ltr'>μὴ</span> <span class='ocrx_word' id='word_1_120' title='bbox 1320 1682 1448 1765; x_wconf 72' lang='grc' dir='ltr'>κίνησίς</span> 
     </span>
     <span class='ocr_line' id='line_1_14' title="bbox 285 1784 1450 1875; baseline -0.003 -18"><span class='ocrx_word' id='word_1_121' title='bbox 285 1817 335 1861; x_wconf 83' lang='grc' dir='ltr'>τις</span> <span class='ocrx_word' id='word_1_122' title='bbox 349 1789 388 1873; x_wconf 83' lang='grc' dir='ltr'>ἦν</span> <span class='ocrx_word' id='word_1_123' title='bbox 401 1787 423 1871; x_wconf 79' lang='grc' dir='ltr'><em>ἡ</em></span> <span class='ocrx_word' id='word_1_124' title='bbox 443 1788 528 1855; x_wconf 73' lang='grc' dir='ltr'>κατὰ</span> <span class='ocrx_word' id='word_1_125' title='bbox 544 1787 658 1854; x_wconf 83' lang='grc' dir='ltr'>τόπον·</span> <span class='ocrx_word' id='word_1_126' title='bbox 680 1785 734 1853; x_wconf 75' lang='grc' dir='ltr'>διὰ</span> <span class='ocrx_word' id='word_1_127' title='bbox 747 1790 842 1853; x_wconf 81' lang='grc' dir='ltr'>τοῦτο</span> <span class='ocrx_word' id='word_1_128' title='bbox 856 1784 921 1875; x_wconf 64' lang='grc' dir='ltr'>γὰρ</span> <span class='ocrx_word' id='word_1_129' title='bbox 935 1785 991 1853; x_wconf 80' lang='grc' dir='ltr'>τὸν</span> <span class='ocrx_word' id='word_1_130' title='bbox 1005 1784 1138 1874; x_wconf 78' lang='grc' dir='ltr'>οὐρανὸν</span> <span class='ocrx_word' id='word_1_131' title='bbox 1150 1786 1301 1871; x_wconf 71' lang='grc' dir='ltr'>μάλιστα</span> <span class='ocrx_word' id='word_1_132' title='bbox 1314 1786 1450 1870; x_wconf 78' lang='grc' dir='ltr'>οἰόμεθα</span> 
     </span>
     <span class='ocr_line' id='line_1_15' title="bbox 286 1887 1449 1977; baseline -0.003 -18"><span class='ocrx_word' id='word_1_133' title='bbox 286 1894 321 1959; x_wconf 79' lang='grc' dir='ltr'>ἐν</span> <span class='ocrx_word' id='word_1_134' title='bbox 341 1890 441 1977; x_wconf 77' lang='grc' dir='ltr'>τόπῳ,</span> <span class='ocrx_word' id='word_1_135' title='bbox 463 1889 514 1955; x_wconf 79' lang='lat' dir='ltr'>dra</span> <span class='ocrx_word' id='word_1_136' title='bbox 534 1887 585 1955; x_wconf 72' lang='lat' dir='ltr'>u’aei</span> <span class='ocrx_word' id='word_1_137' title='bbox 605 1889 639 1955; x_wconf 81' lang='grc' dir='ltr'>ἐν</span> <span class='ocrx_word' id='word_1_138' title='bbox 658 1887 793 1971; x_wconf 79' lang='grc' dir='ltr'>κινήσει·</span> <span class='ocrx_word' id='word_1_139' title='bbox 820 1888 842 1955; x_wconf 83' lang='lat' dir='ltr'>i&#39;.</span> <span class='ocrx_word' id='word_1_140' title='bbox 853 1912 880 1955; x_wconf 90' lang='lat' dir='ltr'>e.</span> <span class='ocrx_word' id='word_1_141' title='bbox 904 1888 955 1955; x_wconf 90' lang='lat' dir='ltr'>De</span> <span class='ocrx_word' id='word_1_142' title='bbox 972 1887 1041 1955; x_wconf 92' lang='lat' dir='ltr'>loco</span> <span class='ocrx_word' id='word_1_143' title='bbox 1060 1889 1113 1955; x_wconf 80' lang='lat' dir='ltr'>vel</span> <span class='ocrx_word' id='word_1_144' title='bbox 1131 1890 1232 1977; x_wconf 87' lang='lat' dir='ltr'>spatio</span> <span class='ocrx_word' id='word_1_145' title='bbox 1250 1889 1449 1977; x_wconf 80' lang='lat' dir='ltr'>disquirendi</span> 
     </span>
     <span class='ocr_line' id='line_1_16' title="bbox 287 1991 1450 2081; baseline -0.003 -21"><span class='ocrx_word' id='word_1_146' title='bbox 287 1994 374 2060; x_wconf 88' lang='lat' dir='ltr'>solus</span> <span class='ocrx_word' id='word_1_147' title='bbox 394 2000 523 2081; x_wconf 85' lang='lat' dir='ltr'>praestat</span> <span class='ocrx_word' id='word_1_148' title='bbox 545 1991 738 2057; x_wconf 80' lang='lat' dir='ltr'>occasionem</span> <span class='ocrx_word' id='word_1_149' title='bbox 759 2003 875 2073; x_wconf 80' lang='lat' dir='ltr'>motis,</span> <span class='ocrx_word' id='word_1_150' title='bbox 900 1992 967 2080; x_wconf 90' lang='lat' dir='ltr'>(qui</span> <span class='ocrx_word' id='word_1_151' title='bbox 990 1992 1110 2059; x_wconf 90' lang='lat' dir='ltr'>scilicet</span> <span class='ocrx_word' id='word_1_152' title='bbox 1131 1994 1251 2079; x_wconf 89' lang='lat' dir='ltr'>absque</span> <span class='ocrx_word' id='word_1_153' title='bbox 1272 1992 1368 2080; x_wconf 86' lang='lat' dir='ltr'>spatii</span> <span class='ocrx_word' id='word_1_154' title='bbox 1388 2014 1450 2080; x_wconf 92' lang='lat' dir='ltr'>po-</span> 
     </span>
     <span class='ocr_line' id='line_1_17' title="bbox 285 2095 1450 2185; baseline 0.002 -20"><span class='ocrx_word' id='word_1_155' title='bbox 285 2097 400 2165; x_wconf 88' lang='lat' dir='ltr'>sitione</span> <span class='ocrx_word' id='word_1_156' title='bbox 425 2096 484 2163; x_wconf 85' lang='lat' dir='ltr'>vix</span> <span class='ocrx_word' id='word_1_157' title='bbox 509 2095 632 2183; x_wconf 91' lang='lat' dir='ltr'>concipi</span> <span class='ocrx_word' id='word_1_158' title='bbox 655 2101 783 2183; x_wconf 68' lang='lat' dir='ltr'>potest)</span> <span class='ocrx_word' id='word_1_159' title='bbox 807 2096 991 2183; x_wconf 86' lang='lat' dir='ltr'>¹coelumque</span> <span class='ocrx_word' id='word_1_160' title='bbox 1016 2119 1082 2183; x_wconf 85' lang='lat' dir='ltr'>prae</span> <span class='ocrx_word' id='word_1_161' title='bbox 1110 2097 1258 2163; x_wconf 89' lang='lat' dir='ltr'>omnibus</span> <span class='ocrx_word' id='word_1_162' title='bbox 1283 2096 1450 2185; x_wconf 87' lang='lat' dir='ltr'>potissime</span> 
     </span>
     <span class='ocr_line' id='line_1_18' title="bbox 286 2198 1452 2286; baseline 0.002 -21"><span class='ocrx_word' id='word_1_163' title='bbox 286 2200 413 2266; x_wconf 78' lang='lat' dir='ltr'>uidetur</span> <span class='ocrx_word' id='word_1_164' title='bbox 434 2220 502 2266; x_wconf 86' lang='lat' dir='ltr'>csse</span> <span class='ocrx_word' id='word_1_165' title='bbox 523 2198 558 2264; x_wconf 91' lang='lat' dir='ltr'>in</span> <span class='ocrx_word' id='word_1_166' title='bbox 579 2198 657 2278; x_wconf 88' lang='lat' dir='ltr'>loco,</span> <span class='ocrx_word' id='word_1_167' title='bbox 676 2198 752 2286; x_wconf 90' lang='lat' dir='ltr'>quia</span> <span class='ocrx_word' id='word_1_168' title='bbox 772 2199 914 2265; x_wconf 82' lang='lat' dir='ltr'>maxime</span> <span class='ocrx_word' id='word_1_169' title='bbox 934 2210 1096 2266; x_wconf 83' lang='lat' dir='ltr'>movetur:</span> <span class='ocrx_word' id='word_1_170' title='bbox 1119 2222 1178 2265; x_wconf 91' lang='lat' dir='ltr'>nec</span> <span class='ocrx_word' id='word_1_171' title='bbox 1199 2209 1305 2265; x_wconf 85' lang='lat' dir='ltr'>tarnen</span> <span class='ocrx_word' id='word_1_172' title='bbox 1325 2199 1361 2265; x_wconf 89' lang='lat' dir='ltr'>id</span> <span class='ocrx_word' id='word_1_173' title='bbox 1384 2200 1452 2285; x_wconf 88' lang='lat' dir='ltr'>(re-</span> 
     </span>
     <span class='ocr_line' id='line_1_19' title="bbox 288 2300 1453 2392; baseline 0.001 -23"><span class='ocrx_word' id='word_1_174' title='bbox 288 2311 398 2392; x_wconf 81' lang='lat' dir='ltr'>spectu</span> <span class='ocrx_word' id='word_1_175' title='bbox 417 2300 514 2389; x_wconf 89' lang='lat' dir='ltr'>primi</span> <span class='ocrx_word' id='word_1_176' title='bbox 536 2300 749 2390; x_wconf 81' lang='lat' dir='ltr'>praecipuique</span> <span class='ocrx_word' id='word_1_177' title='bbox 770 2312 877 2369; x_wconf 90' lang='lat' dir='ltr'>motus</span> <span class='ocrx_word' id='word_1_178' title='bbox 897 2302 1013 2383; x_wconf 91' lang='lat' dir='ltr'>diurni,</span> <span class='ocrx_word' id='word_1_179' title='bbox 1034 2325 1129 2390; x_wconf 93' lang='lat' dir='ltr'>quem</span> <span class='ocrx_word' id='word_1_180' title='bbox 1148 2302 1302 2389; x_wconf 87' lang='lat' dir='ltr'>respicere</span> <span class='ocrx_word' id='word_1_181' title='bbox 1321 2302 1453 2370; x_wconf 87' lang='lat' dir='ltr'>videtur</span> 
     </span>
     <span class='ocr_line' id='line_1_20' title="bbox 288 2403 1452 2493; baseline 0.003 -22"><span class='ocrx_word' id='word_1_182' title='bbox 288 2404 516 2493; x_wconf 90' lang='lat' dir='ltr'>Philosophus)</span> <span class='ocrx_word' id='word_1_183' title='bbox 545 2403 719 2470; x_wconf 90' lang='lat' dir='ltr'>secundum</span> <span class='ocrx_word' id='word_1_184' title='bbox 747 2404 886 2493; x_wconf 89' lang='lat' dir='ltr'>partium</span> <span class='ocrx_word' id='word_1_185' title='bbox 909 2404 1006 2470; x_wconf 91' lang='lat' dir='ltr'>situm</span> <span class='ocrx_word' id='word_1_186' title='bbox 1028 2426 1065 2469; x_wconf 86' lang='lat' dir='ltr'>ac</span> <span class='ocrx_word' id='word_1_187' title='bbox 1086 2404 1268 2470; x_wconf 67' lang='lat' dir='ltr'>distantm</span> <span class='ocrx_word' id='word_1_188' title='bbox 1289 2404 1452 2475; x_wconf 86' lang='lat' dir='ltr'>ullatenus</span> 
     </span>
     <span class='ocr_line' id='line_1_21' title="bbox 288 2506 1452 2596; baseline -0.001 -20"><span class='ocrx_word' id='word_1_189' title='bbox 288 2510 438 2590; x_wconf 82' lang='lat' dir='ltr'>rariatm,</span> <span class='ocrx_word' id='word_1_190' title='bbox 453 2518 487 2574; x_wconf 89' lang='lat' dir='ltr'>at</span> <span class='ocrx_word' id='word_1_191' title='bbox 503 2506 595 2596; x_wconf 91' lang='lat' dir='ltr'>quasi</span> <span class='ocrx_word' id='word_1_192' title='bbox 615 2515 683 2573; x_wconf 89' lang='lat' dir='ltr'>tota</span> <span class='ocrx_word' id='word_1_193' title='bbox 704 2506 930 2573; x_wconf 83' lang='lat' dir='ltr'>circumfertur.</span> <span class='ocrx_word' id='word_1_194' title='bbox 977 2506 1121 2573; x_wconf 82' lang='lat' dir='ltr'>Eatenus</span> <span class='ocrx_word' id='word_1_195' title='bbox 1138 2529 1214 2593; x_wconf 85' lang='lat' dir='ltr'>erge</span> <span class='ocrx_word' id='word_1_196' title='bbox 1232 2519 1376 2575; x_wconf 84' lang='lat' dir='ltr'>movetur</span> <span class='ocrx_word' id='word_1_197' title='bbox 1393 2521 1452 2576; x_wconf 86' lang='lat' dir='ltr'>aut</span> 
     </span>
     <span class='ocr_line' id='line_1_22' title="bbox 288 2609 1452 2699; baseline -0.003 -18"><span class='ocrx_word' id='word_1_198' title='bbox 288 2637 354 2681; x_wconf 93' lang='lat' dir='ltr'>non</span> <span class='ocrx_word' id='word_1_199' title='bbox 367 2623 513 2680; x_wconf 84' lang='lat' dir='ltr'>movetur</span> <span class='ocrx_word' id='word_1_200' title='bbox 527 2610 667 2690; x_wconf 91' lang='lat' dir='ltr'>omnino,</span> <span class='ocrx_word' id='word_1_201' title='bbox 683 2618 839 2697; x_wconf 84' lang='lat' dir='ltr'>quatenus</span> <span class='ocrx_word' id='word_1_202' title='bbox 853 2620 958 2696; x_wconf 86' lang='lat' dir='ltr'>partes</span> <span class='ocrx_word' id='word_1_203' title='bbox 973 2609 1043 2697; x_wconf 84' lang='lat' dir='ltr'>ejus</span> <span class='ocrx_word' id='word_1_204' title='bbox 1061 2609 1164 2698; x_wconf 90' lang='lat' dir='ltr'>spatia</span> <span class='ocrx_word' id='word_1_205' title='bbox 1181 2631 1239 2675; x_wconf 89' lang='lat' dir='ltr'>sua</span> <span class='ocrx_word' id='word_1_206' title='bbox 1258 2620 1452 2699; x_wconf 84' lang='lat' dir='ltr'>permutant,</span> 
     </span>
     <span class='ocr_line' id='line_1_23' title="bbox 288 2710 1452 2805; baseline 0 -24"><span class='ocrx_word' id='word_1_207' title='bbox 288 2738 424 2805; x_wconf 71' lang='lat' dir='ltr'>queque</span> <span class='ocrx_word' id='word_1_208' title='bbox 447 2737 534 2781; x_wconf 92' lang='lat' dir='ltr'>nunc</span> <span class='ocrx_word' id='word_1_209' title='bbox 559 2712 646 2783; x_wconf 88' lang='lat' dir='ltr'>ans</span> <span class='ocrx_word' id='word_1_210' title='bbox 670 2711 784 2799; x_wconf 78' lang='lat' dir='ltr'>plagas</span> <span class='ocrx_word' id='word_1_211' title='bbox 810 2710 965 2793; x_wconf 87' lang='lat' dir='ltr'>obsident,</span> <span class='ocrx_word' id='word_1_212' title='bbox 992 2735 1070 2779; x_wconf 86' lang='lat' dir='ltr'>mox</span> <span class='ocrx_word' id='word_1_213' title='bbox 1095 2712 1214 2780; x_wconf 84' lang='lat' dir='ltr'>eaedem</span> <span class='ocrx_word' id='word_1_214' title='bbox 1238 2713 1452 2781; x_wconf 83' lang='lat' dir='ltr'>meridianum</span> 
     </span>
     <span class='ocr_line' id='line_1_24' title="bbox 289 2813 1453 2904; baseline -0.001 -20"><span class='ocrx_word' id='word_1_215' title='bbox 289 2819 417 2884; x_wconf 90' lang='lat' dir='ltr'>culmen</span> <span class='ocrx_word' id='word_1_216' title='bbox 439 2815 611 2903; x_wconf 84' lang='lat' dir='ltr'>attingunt,</span> <span class='ocrx_word' id='word_1_217' title='bbox 634 2816 803 2903; x_wconf 91' lang='lat' dir='ltr'>ipsumque</span> <span class='ocrx_word' id='word_1_218' title='bbox 826 2813 992 2880; x_wconf 85' lang='lat' dir='ltr'>confestim</span> <span class='ocrx_word' id='word_1_219' title='bbox 1014 2824 1227 2902; x_wconf 83' lang='lat' dir='ltr'>praetervectae</span> <span class='ocrx_word' id='word_1_220' title='bbox 1250 2816 1453 2904; x_wconf 84' lang='lat' dir='ltr'>vespertinas</span> 
     </span>
     <span class='ocr_line' id='line_1_25' title="bbox 290 2916 1455 3005; baseline 0.001 -20"><span class='ocrx_word' id='word_1_221' title='bbox 290 2920 334 2985; x_wconf 86' lang='lat' dir='ltr'>ad</span> <span class='ocrx_word' id='word_1_222' title='bbox 347 2941 417 2985; x_wconf 85' lang='lat' dir='ltr'>oras</span> <span class='ocrx_word' id='word_1_223' title='bbox 432 2917 601 2985; x_wconf 86' lang='lat' dir='ltr'>declinent.</span> <span class='ocrx_word' id='word_1_224' title='bbox 640 2916 755 3005; x_wconf 89' lang='lat' dir='ltr'>Neque</span> <span class='ocrx_word' id='word_1_225' title='bbox 769 2916 903 2984; x_wconf 86' lang='lat' dir='ltr'>sufficiet</span> <span class='ocrx_word' id='word_1_226' title='bbox 916 2916 971 2982; x_wconf 90' lang='lat' dir='ltr'>hic</span> <span class='ocrx_word' id='word_1_227' title='bbox 985 2918 1140 2985; x_wconf 88' lang='lat' dir='ltr'>actionem</span> <span class='ocrx_word' id='word_1_228' title='bbox 1155 2940 1174 2983; x_wconf 89' lang='lat' dir='ltr'>a</span> <span class='ocrx_word' id='word_1_229' title='bbox 1188 2930 1277 2985; x_wconf 91' lang='lat' dir='ltr'>motu</span> <span class='ocrx_word' id='word_1_230' title='bbox 1291 2940 1455 2986; x_wconf 86' lang='lat' dir='ltr'>secernere</span> 
     </span>
     <span class='ocr_line' id='line_1_26' title="bbox 290 3019 1456 3111; baseline 0.003 -23"><span class='ocrx_word' id='word_1_231' title='bbox 290 3044 365 3088; x_wconf 93' lang='lat' dir='ltr'>cum</span> <span class='ocrx_word' id='word_1_232' title='bbox 387 3019 541 3102; x_wconf 80' lang='lat' dir='ltr'>Gartasio,</span> <span class='ocrx_word' id='word_1_233' title='bbox 556 3020 684 3108; x_wconf 91' lang='lat' dir='ltr'>quando</span> <span class='ocrx_word' id='word_1_234' title='bbox 705 3029 819 3109; x_wconf 81' lang='lat' dir='ltr'>preter</span> <span class='ocrx_word' id='word_1_235' title='bbox 840 3020 937 3109; x_wconf 88' lang='lat' dir='ltr'>spatii</span> <span class='ocrx_word' id='word_1_236' title='bbox 959 3020 1167 3089; x_wconf 84' lang='lat' dir='ltr'>mutationem</span> <span class='ocrx_word' id='word_1_237' title='bbox 1189 3021 1299 3089; x_wconf 88' lang='lat' dir='ltr'>nullus</span> <span class='ocrx_word' id='word_1_238' title='bbox 1318 3024 1456 3111; x_wconf 74' lang='lat' dir='ltr'>cogitari</span> 
     </span>
     <span class='ocr_line' id='line_1_27' title="bbox 292 3122 800 3213; baseline 0 -24"><span class='ocrx_word' id='word_1_239' title='bbox 292 3122 394 3213; x_wconf 88' lang='lat' dir='ltr'>possit</span> <span class='ocrx_word' id='word_1_240' title='bbox 407 3123 540 3189; x_wconf 89' lang='lat' dir='ltr'>actionis</span> <span class='ocrx_word' id='word_1_241' title='bbox 554 3122 646 3189; x_wconf 86' lang='lat' dir='ltr'>istius</span> <span class='ocrx_word' id='word_1_242' title='bbox 661 3124 800 3190; x_wconf 84' lang='lat' dir='ltr'>effectus.</span> 
     </span>
    </p>

    <p class='ocr_par' dir='ltr' id='par_1_5' title="bbox 286 3225 1462 4242">
     <span class='ocr_line' id='line_1_28' title="bbox 359 3225 1458 3317; baseline 0.006 -26"><span class='ocrx_word' id='word_1_243' title='bbox 359 3225 499 3292; x_wconf 86' lang='lat' dir='ltr'>Unicem</span> <span class='ocrx_word' id='word_1_244' title='bbox 518 3226 605 3293; x_wconf 88' lang='lat' dir='ltr'>hisce</span> <span class='ocrx_word' id='word_1_245' title='bbox 623 3226 832 3315; x_wconf 81' lang='lat' dir='ltr'>superaddam</span> <span class='ocrx_word' id='word_1_246' title='bbox 851 3226 1081 3296; x_wconf 85' lang='lat' dir='ltr'>ratiunculam:</span> <span class='ocrx_word' id='word_1_247' title='bbox 1104 3228 1219 3310; x_wconf 80' lang='lat' dir='ltr'>Quaerc</span> <span class='ocrx_word' id='word_1_248' title='bbox 1238 3229 1316 3317; x_wconf 87' lang='lat' dir='ltr'>quid</span> <span class='ocrx_word' id='word_1_249' title='bbox 1338 3230 1458 3298; x_wconf 77' lang='lat' dir='ltr'>efficiat</span> 
     </span>
     <span class='ocr_line' id='line_1_29' title="bbox 293 3326 1457 3420; baseline 0.005 -25"><span class='ocrx_word' id='word_1_250' title='bbox 293 3337 330 3395; x_wconf 91' lang='lat' dir='ltr'>ut</span> <span class='ocrx_word' id='word_1_251' title='bbox 344 3328 427 3394; x_wconf 90' lang='lat' dir='ltr'>inter</span> <span class='ocrx_word' id='word_1_252' title='bbox 441 3326 505 3394; x_wconf 91' lang='lat' dir='ltr'>duo</span> <span class='ocrx_word' id='word_1_253' title='bbox 519 3326 670 3394; x_wconf 87' lang='lat' dir='ltr'>distantia</span> <span class='ocrx_word' id='word_1_254' title='bbox 682 3350 813 3416; x_wconf 89' lang='lat' dir='ltr'>corpora</span> <span class='ocrx_word' id='word_1_255' title='bbox 827 3328 930 3396; x_wconf 87' lang='lat' dir='ltr'>facilis</span> <span class='ocrx_word' id='word_1_256' title='bbox 945 3330 988 3397; x_wconf 87' lang='lat' dir='ltr'>sit</span> <span class='ocrx_word' id='word_1_257' title='bbox 1004 3340 1207 3413; x_wconf 85' lang='lat' dir='ltr'>commeatus,</span> <span class='ocrx_word' id='word_1_258' title='bbox 1222 3332 1372 3420; x_wconf 85' lang='lat' dir='ltr'>proclivis</span> <span class='ocrx_word' id='word_1_259' title='bbox 1387 3334 1457 3402; x_wconf 86' lang='lat' dir='ltr'>itus</span> 
     </span>
     <span class='ocr_line' id='line_1_30' title="bbox 292 3432 1458 3523; baseline 0.003 -23"><span class='ocrx_word' id='word_1_260' title='bbox 292 3432 492 3520; x_wconf 86' lang='lat' dir='ltr'>reditusque;</span> <span class='ocrx_word' id='word_1_261' title='bbox 515 3454 621 3498; x_wconf 91' lang='lat' dir='ltr'>annon</span> <span class='ocrx_word' id='word_1_262' title='bbox 635 3432 712 3520; x_wconf 88' lang='lat' dir='ltr'>quia</span> <span class='ocrx_word' id='word_1_263' title='bbox 725 3432 865 3499; x_wconf 89' lang='lat' dir='ltr'>medium</span> <span class='ocrx_word' id='word_1_264' title='bbox 884 3434 935 3499; x_wconf 85' lang='lat' dir='ltr'>his</span> <span class='ocrx_word' id='word_1_265' title='bbox 950 3434 1139 3522; x_wconf 74' lang='lat' dir='ltr'>interjicitur</span> <span class='ocrx_word' id='word_1_266' title='bbox 1153 3436 1292 3523; x_wconf 88' lang='lat' dir='ltr'>spatium</span> <span class='ocrx_word' id='word_1_267' title='bbox 1306 3435 1353 3501; x_wconf 87' lang='lat' dir='ltr'>eis</span> <span class='ocrx_word' id='word_1_268' title='bbox 1368 3436 1458 3503; x_wconf 87' lang='lat' dir='ltr'>intro</span> 
     </span>
     <span class='ocr_line' id='line_1_31' title="bbox 293 3534 1459 3626; baseline 0.002 -21"><span class='ocrx_word' id='word_1_269' title='bbox 293 3535 483 3625; x_wconf 89' lang='lat' dir='ltr'>recipiendis</span> <span class='ocrx_word' id='word_1_270' title='bbox 506 3534 676 3624; x_wconf 76' lang='lat' dir='ltr'>paratum?</span> <span class='ocrx_word' id='word_1_271' title='bbox 719 3534 807 3615; x_wconf 84' lang='lat' dir='ltr'>Quid</span> <span class='ocrx_word' id='word_1_272' title='bbox 829 3547 938 3602; x_wconf 90' lang='lat' dir='ltr'>contra</span> <span class='ocrx_word' id='word_1_273' title='bbox 961 3536 1065 3619; x_wconf 87' lang='lat' dir='ltr'>faciat,</span> <span class='ocrx_word' id='word_1_274' title='bbox 1087 3546 1124 3603; x_wconf 89' lang='lat' dir='ltr'>ut</span> <span class='ocrx_word' id='word_1_275' title='bbox 1145 3537 1273 3605; x_wconf 87' lang='lat' dir='ltr'>difficile</span> <span class='ocrx_word' id='word_1_276' title='bbox 1293 3538 1459 3626; x_wconf 85' lang='lat' dir='ltr'>possimus</span> 
     </span>
     <span class='ocr_line' id='line_1_32' title="bbox 293 3638 1459 3730; baseline -0.003 -20"><span class='ocrx_word' id='word_1_277' title='bbox 293 3639 455 3710; x_wconf 90' lang='lat' dir='ltr'>interduo</span> <span class='ocrx_word' id='word_1_278' title='bbox 469 3640 619 3726; x_wconf 86' lang='lat' dir='ltr'>contigua</span> <span class='ocrx_word' id='word_1_279' title='bbox 631 3659 762 3727; x_wconf 87' lang='lat' dir='ltr'>corpora</span> <span class='ocrx_word' id='word_1_280' title='bbox 774 3638 914 3705; x_wconf 89' lang='lat' dir='ltr'>medium</span> <span class='ocrx_word' id='word_1_281' title='bbox 926 3639 1015 3705; x_wconf 92' lang='lat' dir='ltr'>aliud</span> <span class='ocrx_word' id='word_1_282' title='bbox 1028 3639 1195 3721; x_wconf 87' lang='lat' dir='ltr'>intrudere,</span> <span class='ocrx_word' id='word_1_283' title='bbox 1211 3640 1276 3707; x_wconf 90' lang='lat' dir='ltr'>ime</span> <span class='ocrx_word' id='word_1_284' title='bbox 1296 3664 1360 3708; x_wconf 90' lang='lat' dir='ltr'>non</span> <span class='ocrx_word' id='word_1_285' title='bbox 1378 3665 1459 3730; x_wconf 89' lang='lat' dir='ltr'>pos·</span> 
     </span>
     <span class='ocr_line' id='line_1_33' title="bbox 295 3741 1461 3833; baseline 0.001 -21"><span class='ocrx_word' id='word_1_286' title='bbox 295 3744 395 3812; x_wconf 87' lang='lat' dir='ltr'>simus</span> <span class='ocrx_word' id='word_1_287' title='bbox 415 3744 545 3811; x_wconf 91' lang='lat' dir='ltr'>omnino</span> <span class='ocrx_word' id='word_1_288' title='bbox 566 3742 630 3808; x_wconf 84' lang='lat' dir='ltr'>nisi</span> <span class='ocrx_word' id='word_1_289' title='bbox 649 3751 773 3809; x_wconf 91' lang='lat' dir='ltr'>motum</span> <span class='ocrx_word' id='word_1_290' title='bbox 795 3741 862 3808; x_wconf 90' lang='lat' dir='ltr'>illis</span> <span class='ocrx_word' id='word_1_291' title='bbox 883 3742 1093 3831; x_wconf 91' lang='lat' dir='ltr'>imprimendo</span> <span class='ocrx_word' id='word_1_292' title='bbox 1115 3744 1192 3809; x_wconf 88' lang='lat' dir='ltr'>satis</span> <span class='ocrx_word' id='word_1_293' title='bbox 1214 3743 1367 3826; x_wconf 88' lang='lat' dir='ltr'>validum,</span> <span class='ocrx_word' id='word_1_294' title='bbox 1390 3768 1461 3833; x_wconf 90' lang='lat' dir='ltr'>qno</span> 
     </span>
     <span class='ocr_line' id='line_1_34' title="bbox 289 3844 1462 3937; baseline 0.006 -29"><span class='ocrx_word' id='word_1_295' title='bbox 289 3844 406 3936; x_wconf 70' lang='lat' dir='ltr'>‚procul</span> <span class='ocrx_word' id='word_1_296' title='bbox 427 3845 646 3928; x_wconf 82' lang='lat' dir='ltr'>emendentur,</span> <span class='ocrx_word' id='word_1_297' title='bbox 670 3857 704 3913; x_wconf 92' lang='lat' dir='ltr'>ct</span> <span class='ocrx_word' id='word_1_298' title='bbox 725 3870 747 3912; x_wconf 87' lang='lat' dir='ltr'>a</span> <span class='ocrx_word' id='word_1_299' title='bbox 770 3869 806 3914; x_wconf 86' lang='lat' dir='ltr'>se</span> <span class='ocrx_word' id='word_1_300' title='bbox 828 3846 965 3914; x_wconf 83' lang='lat' dir='ltr'>inviccin</span> <span class='ocrx_word' id='word_1_301' title='bbox 990 3849 1217 3937; x_wconf 77' lang='lat' dir='ltr'>sejungantur5</span> <span class='ocrx_word' id='word_1_302' title='bbox 1248 3871 1354 3915; x_wconf 90' lang='lat' dir='ltr'>annon</span> <span class='ocrx_word' id='word_1_303' title='bbox 1378 3852 1462 3937; x_wconf 83' lang='lat' dir='ltr'>quie</span> 
     </span>
     <span class='ocr_line' id='line_1_35' title="bbox 296 3946 1462 4039; baseline 0.003 -23"><span class='ocrx_word' id='word_1_304' title='bbox 296 3949 403 4017; x_wconf 89' lang='lat' dir='ltr'>deficit</span> <span class='ocrx_word' id='word_1_305' title='bbox 414 3948 620 4016; x_wconf 87' lang='lat' dir='ltr'>interstitium</span> <span class='ocrx_word' id='word_1_306' title='bbox 634 3946 733 4015; x_wconf 89' lang='lat' dir='ltr'>medii</span> <span class='ocrx_word' id='word_1_307' title='bbox 746 3948 884 4035; x_wconf 88' lang='lat' dir='ltr'>corporis</span> <span class='ocrx_word' id='word_1_308' title='bbox 899 3948 1026 4037; x_wconf 80' lang='lat' dir='ltr'>capax?</span> <span class='ocrx_word' id='word_1_309' title='bbox 1061 3948 1275 4039; x_wconf 67' lang='lat' dir='ltr'>supponatur,</span> <span class='ocrx_word' id='word_1_310' title='bbox 1290 3974 1318 4019; x_wconf 90' lang='lat' dir='ltr'>e.</span> <span class='ocrx_word' id='word_1_311' title='bbox 1329 3974 1357 4018; x_wconf 92' lang='lat' dir='ltr'>c.</span> <span class='ocrx_word' id='word_1_312' title='bbox 1372 3950 1462 4020; x_wconf 87' lang='lat' dir='ltr'>inter</span> 
     </span>
     <span class='ocr_line' id='line_1_36' title="bbox 286 4050 1462 4141; baseline 0.003 -23"><span class='ocrx_word' id='word_1_313' title='bbox 286 4052 360 4118; x_wconf 89' lang='lat' dir='ltr'>-duo</span> <span class='ocrx_word' id='word_1_314' title='bbox 375 4073 506 4139; x_wconf 89' lang='lat' dir='ltr'>corpora</span> <span class='ocrx_word' id='word_1_315' title='bbox 522 4052 568 4133; x_wconf 82' lang='lat' dir='ltr'>A,</span> <span class='ocrx_word' id='word_1_316' title='bbox 586 4052 620 4117; x_wconf 94' lang='lat' dir='ltr'><em>B</em></span> <span class='ocrx_word' id='word_1_317' title='bbox 636 4072 750 4139; x_wconf 89' lang='lat' dir='ltr'>corpus</span> <span class='ocrx_word' id='word_1_318' title='bbox 769 4050 857 4117; x_wconf 88' lang='lat' dir='ltr'>alind</span> <span class='ocrx_word' id='word_1_319' title='bbox 878 4050 907 4118; x_wconf 84' lang='lat'><em>0</em></span> <span class='ocrx_word' id='word_1_320' title='bbox 924 4052 1070 4135; x_wconf 84' lang='lat' dir='ltr'>residere,</span> <span class='ocrx_word' id='word_1_321' title='bbox 1085 4064 1154 4120; x_wconf 86' lang='lat' dir='ltr'>tum</span> <span class='ocrx_word' id='word_1_322' title='bbox 1176 4053 1374 4141; x_wconf 85' lang='lat' dir='ltr'>intelligatur</span> <span class='ocrx_word' id='word_1_323' title='bbox 1397 4054 1462 4123; x_wconf 90' lang='lat' dir='ltr'>hoc</span> 
     </span>
     <span class='ocr_line' id='line_1_37' title="bbox 297 4153 1460 4242; baseline 0.007 -22"><span class='ocrx_word' id='word_1_324' title='bbox 297 4176 410 4241; x_wconf 84' lang='lat' dir='ltr'>corpus</span> <span class='ocrx_word' id='word_1_325' title='bbox 430 4153 618 4235; x_wconf 77' lang='lat' dir='ltr'>Gamoveri,</span> <span class='ocrx_word' id='word_1_326' title='bbox 633 4154 679 4221; x_wconf 93' lang='lat' dir='ltr'>sic</span> <span class='ocrx_word' id='word_1_327' title='bbox 693 4165 811 4221; x_wconf 88' lang='lat' dir='ltr'>utnon</span> <span class='ocrx_word' id='word_1_328' title='bbox 828 4154 1030 4242; x_wconf 89' lang='lat' dir='ltr'>permittatur</span> <span class='ocrx_word' id='word_1_329' title='bbox 1050 4157 1139 4224; x_wconf 90' lang='lat' dir='ltr'>aliud</span> <span class='ocrx_word' id='word_1_330' title='bbox 1156 4158 1330 4241; x_wconf 86' lang='lat' dir='ltr'>succedere,</span> <span class='ocrx_word' id='word_1_331' title='bbox 1347 4160 1460 4229; x_wconf 77' lang='lat' dir='ltr'>ablatt</span> 
     </span>
    </p>
   </div>
   <div class='ocr_carea' id='block_1_5' title="bbox 347 4380 1190 4535">
    <p class='ocr_par' dir='ltr' id='par_1_6' title="bbox 347 4380 1190 4535">
     <span class='ocr_line' id='line_1_38' title="bbox 347 4380 1031 4463; baseline 0.018 -26"><span class='ocrx_word' id='word_1_332' title='bbox 347 4380 456 4437; x_wconf 83' lang='lat' dir='ltr'>Motion</span> <span class='ocrx_word' id='word_1_333' title='bbox 471 4386 573 4438; x_wconf 84' lang='lat' dir='ltr'>cannot</span> <span class='ocrx_word' id='word_1_334' title='bbox 589 4382 626 4439; x_wconf 87' lang='lat' dir='ltr'>bc</span> <span class='ocrx_word' id='word_1_335' title='bbox 642 4387 790 4446; x_wconf 84' lang='lat' dir='ltr'>conceived</span> <span class='ocrx_word' id='word_1_336' title='bbox 808 4390 924 4447; x_wconf 83' lang='lat' dir='ltr'>without</span> <span class='ocrx_word' id='word_1_337' title='bbox 941 4408 1031 4463; x_wconf 86' lang='lat' dir='ltr'>space.</span> 
     </span>
     <span class='ocr_line' id='line_1_39' title="bbox 350 4466 1190 4535; baseline 0.013 -12"><span class='ocrx_word' id='word_1_338' title='bbox 350 4466 499 4523; x_wconf 76' lang='lat' dir='ltr'>Cartesius&#39;</span> <span class='ocrx_word' id='word_1_339' title='bbox 516 4467 675 4526; x_wconf 87' lang='lat' dir='ltr'>distinction</span> <span class='ocrx_word' id='word_1_340' title='bbox 693 4472 724 4527; x_wconf 86' lang='lat' dir='ltr'>ot</span> <span class='ocrx_word' id='word_1_341' title='bbox 739 4474 843 4530; x_wconf 90' lang='lat' dir='ltr'>motion</span> <span class='ocrx_word' id='word_1_342' title='bbox 862 4476 917 4531; x_wconf 83' lang='lat' dir='ltr'>and</span> <span class='ocrx_word' id='word_1_343' title='bbox 934 4477 1025 4534; x_wconf 73' lang='lat' dir='ltr'>achon</span> <span class='ocrx_word' id='word_1_344' title='bbox 1042 4480 1091 4535; x_wconf 92' lang='lat' dir='ltr'>not</span> <span class='ocrx_word' id='word_1_345' title='bbox 1109 4477 1190 4534; x_wconf 82' lang='lat' dir='ltr'>valid.</span> 
     </span>
    </p>
   </div>
   <div class='ocr_carea' id='block_1_6' title="bbox 0 0 1619 5192">
    <p class='ocr_par' dir='ltr' id='par_1_7' title="bbox 0 0 1619 5192">
     <span class='ocr_line' id='line_1_40' title="bbox 0 0 1619 5192; baseline 0 0"><span class='ocrx_word' id='word_1_346' title='bbox 0 0 1619 5192; x_wconf 95' lang='lat' dir='ltr'> </span> 
     </span>
    </p>
   </div>
  </div>
 </body>
</html>
