3167 5192
332 372 375 439 98
665 384 852 435 nncrronss
875 386 1149 437 urnuunnrron.
1317 370 1420 457 [usur.
1434 390 1473 437 vr.
1550 402 1551 427 r

331 568 458 625 tantum
478 558 549 625 dico
569 559 747 647 quodcum
767 583 810 626 ex
827 560 889 642 hie,
909 561 970 627 hoc
989 569 1039 627 est
1060 584 1102 627 ex
1124 560 1336 647 generalibus·
1349 561 1474 627 omniun

330 659 593 747 magnitudinum
621 662 854 743 affectionibus,
882 673 915 728 et
943 686 987 729 ex
1015 662 1203 751 specialium
1231 660 1474 749 magnitudinum

329 764 579 852 proprietatibus
604 764 773 852 reciprocis
798 764 981 831 deriventur
1007 766 1115 831 omnia
1140 766 1338 831 theoremata
1365 764 1474 829 Matho-

330 867 457 947 matica,
473 868 551 933 satis
565 878 697 955 apparet
710 868 769 933 illa
783 869 851 935 suis
866 892 908 935 ex
923 868 1027 934 causis
1042 868 1263 935 demonstrari.

397 970 503 1057 Igitur
517 981 731 1058 opportunum
745 981 795 1037 est
809 982 846 1037 ut
860 994 991 1059 pergam
1006 970 1049 1037 ad
1063 970 1097 1037 id
1111 970 1198 1057 quod
1211 970 1371 1057 reliquum
1384 978 1429 1036 est
1440 992 1473 1035 ex

332 1063 548 1163 disputatione
567 1086 677 1143 contra
696 1076 935 1142 Mathematicus
956 1076 1233 1143 demonstrationis
1252 1076 1474 1164 impugnatores

331 1179 489 1246 instituta.
505 1178 556 1245 Ut
565 1168 680 1267 nempe
689 1202 769 1267 quas
779 1179 960 1247 obtendunt
970 1179 1139 1245 instantias
1150 1180 1290 1245 breviter
1300 1179 1472 1267 expendam.

332 1282 442 1349 Primo
460 1282 566 1370 ipsum
581 1281 774 1348 Geometrias
792 1291 890 1369 caput
909 1281 1076 1368 impetunt,
1092 1292 1124 1347 et
1138 1281 1250 1369 primae
1264 1282 1473 1349 elementorum

332 1385 558 1474 propositionis
572 1385 792 1472 probationem
807 1394 927 1471 negant
940 1405 982 1448 cx
996 1384 1131 1472 propriis
1146 1384 1251 1451 causis
1262 1385 1385 1465 deduci,
1396 1384 1475 1450 adeo-

332 1511 394 1575 que
408 1512 467 1555 nec
481 1488 572 1553 illam
586 1487 754 1575 potissima
767 1487 890 1553 ratione
903 1486 1132 1553 demonstrari:
1155 1486 1260 1553 Aiunt
1275 1488 1361 1553 enim
1380 1488 1412 1553 in
1428 1485 1474 1551 illl

332 1591 529 1678 triangulum
544 1590 609 1657 fore
624 1590 843 1677 aequilaterum
859 1612 901 1655 ex
923 1611 960 1654 eo
982 1588 1101 1670 inferri,
1116 1588 1204 1676 quod
1225 1589 1309 1656 inter
1331 1590 1407 1655 duos
1426 1588 1476 1653 cir·

331 1696 421 1762 culos
435 1694 574 1781 aequales
589 1702 805 1759 constructum
819 1692 872 1773 sit,
887 1691 949 1757 hoc
963 1714 1038 1757 vero
1053 1691 1213 1778 triangulo
1229 1692 1409 1779 aequilatero
1421 1712 1473 1756 non

331 1821 389 1886 per
409 1820 453 1880 se,
470 1799 527 1864 sed
544 1820 588 1864 ex
605 1796 766 1863 accidente
787 1795 966 1875 convenire,
984 1794 1188 1882 firtrurumque
1207 1794 1242 1860 id
1259 1796 1472 1883 aequilaterum,
1550 1828 1551 1887 3

332 1901 430 1967 etiam
447 1902 475 1967 si
489 1901 553 1967 dno
567 1901 622 1966 isti
637 1898 747 1965 circuli
762 1920 963 1985 nequaquam
978 1897 1175 1977 ducerentur,
1191 1908 1248 1963 ant
1261 1900 1407 1965 abessent
1419 1919 1474 1961 om·
1550 1916 1551 1945 ³

331 2005 420 2070 nino.
464 2002 520 2068 Ad
541 2003 625 2067 hanc
647 2000 834 2067 instantiam
857 2010 890 2066 et
913 1999 991 2064 alias
1016 1998 1196 2065 consimiles
1221 2023 1241 2065 a
1262 2001 1363 2066 variis
1385 1998 1474 2065 diver-
1549 2002 1551 2099 l

332 2106 454 2171 simodo
475 2104 691 2191 respondetur,
711 2114 745 2171 et
763 2102 894 2190 quidem
914 2104 956 2168 ab
975 2104 1124 2169 omnibus
1144 2103 1221 2169 satis
1244 2104 1404 2191 apposite:
1425 2122 1474 2187 ego
1550 2130 1551 2161 ³

333 2208 417 2274 nihil
430 2206 610 2287 mutuabor,
626 2217 660 2271 et
673 2206 809 2271 aliorum
824 2204 983 2293 responsis
999 2206 1217 2293 praetermissis
1236 2228 1307 2273 meo
1329 2205 1417 2273 modo
1434 2226 1473 2269 re·
1550 2210 1551 2223 ,

332 2310 482 2400 spondeo,
497 2311 636 2398 primum
651 2307 843 2374 advertendo
858 2306 1078 2395 multipliciter
1097 2308 1199 2395 accipi
1213 2305 1473 2374 demonstrationis

331 2413 541 2482 vocabulum:
567 2421 595 2478 1.
622 2410 686 2477 Pro
705 2410 834 2497 singulo
849 2408 964 2497 quovis
982 2409 1171 2496 syllogismo
1189 2410 1365 2477 scientifico
1382 2411 1473 2496 (juxa

332 2517 549 2585 definitionem
578 2513 774 2603 philosophi,
808 2510 970 2595 ἀπόδειξίς
1001 2512 1073 2578 ἐστι
1102 2512 1328 2598 συλλογισμὸς
1356 2516 1472 2593 ἐπιστη-

330 2621 470 2706 μονικὰς)
501 2621 571 2686 haee
600 2616 827 2684 demonstratio
856 2616 996 2703 simplex
1025 2616 1180 2704 appellari
1208 2618 1320 2705 possit.
1365 2628 1393 2684 2.
1420 2614 1472 2681 Pro

331 2725 477 2811 congerie
501 2723 555 2789 rel
580 2730 753 2808 systemate
777 2719 918 2807 plurium
943 2720 1099 2808 ejusmodi
1123 2720 1384 2808 syllogismorum
1406 2718 1471 2785 serie

332 2824 471 2911 quadam
485 2824 617 2888 interae
631 2844 846 2888 connexorum
861 2842 898 2887 ac
913 2820 962 2886 ad.
972 2821 1066 2887 unius
1084 2822 1309 2910 propositionis
1329 2820 1472 2912 probatio-

331 2949 406 2991 nem
431 2924 700 3011 conspirantium3
731 2923 837 3011 qualis
863 2923 1088 2990 demonstratio
1117 2948 1183 2991 non
1217 2926 1390 3015 incongrue
1419 2922 1471 2989 dici
1548 2908 1549 2943 ³

331 3027 432 3115 possit
453 3025 645 3114 composita:
676 3034 706 3091 3.
729 3024 793 3092 Pro
815 3026 929 3092 ultimo
949 3026 1007 3092 illo
1027 3026 1225 3114 syllogismo,
1241 3051 1306 3116 quo
1326 3026 1471 3118 proposita

331 3128 491 3194 conclusio
510 3128 654 3194 firmatur
675 3128 868 3210 immediate,
885 3130 926 3196 ad
948 3153 1043 3218 quem
1064 3131 1179 3219 reliqui
1201 3132 1388 3220 syllogismo
1409 3152 1471 3197 con·

331 3232 462 3312 ducunt,
488 3243 521 3298 et
550 3232 724 3299 collimant.
768 3233 841 3312 Quo
870 3234 984 3321 posito,
1014 3234 1161 3316 subnoto,
1191 3236 1278 3323 quod
1307 3237 1335 3303 si
1366 3232 1470 3321 singuli

330 3336 511 3424 syllogismi
534 3337 717 3424 composita
741 3336 1020 3404 demonstrationis
1044 3338 1110 3403 sint
1135 3340 1285 3421 causales,
1311 3338 1471 3429 prasertim

329 3440 472 3521 ultimus,
497 3462 560 3527 quo
583 3439 672 3505 velut
697 3447 840 3506 extremo
866 3440 933 3505 ictu
954 3440 1036 3529 lapis
1059 3440 1276 3529 confringitur,
1300 3445 1394 3512 stiam
1415 3452 1471 3507 tota

330 3543 556 3611 demonstratio
577 3542 752 3631 composita
773 3542 886 3609 merito
908 3544 1028 3609 censeri
1051 3542 1146 3611 debet
1167 3546 1303 3613 causalis
1324 3557 1357 3613 et
1381 3546 1470 3613 scien·
1546 3614 1547 3621 ,

328 3651 425 3717 tifica.
471 3649 629 3715 Praeterea
648 3647 788 3728 adverto,
809 3647 894 3735 quod
913 3647 1082 3736 adsumpta
1101 3650 1246 3736 quaedam
1266 3652 1319 3719 vel
1340 3652 1468 3741 probata,

327 3754 364 3819 in
378 3752 512 3820 decursu
526 3752 624 3819 totius
645 3750 1099 3838 demonstrationis,'respectu
1119 3752 1215 3820 nnius
1236 3754 1370 3843 alicujus
1393 3756 1404 3840 l
1425 3774 1468 3837 .g.

327 3857 462 3941 ultimae)
490 3856 702 3924 conclusionis
731 3854 940 3921 accidentalia
968 3856 1071 3923 videri
1098 3870 1250 3945 possunt3
1279 3883 1350 3948 quse
1373 3870 1468 3926 tamen

328 3960 463 4027 aliamm
481 3970 624 4049 respectu
643 3958 772 4048 propria
791 3958 856 4025 sint
878 3968 910 4025 et
927 3962 1127 4044 essentialia;
1150 3964 1298 4052 quodque
1316 3988 1379 4032 nou
1399 3980 1468 4050 opus

379 4223 468 4279 Other
480 4222 631 4294 objections
642 4228 672 4280 to
684 4226 885 4286 Mathematics.

378 4314 419 4375 (1)
454 4308 526 4364 'l'hat
536 4308 586 4365 the
597 4307 826 4369 demonstratione
839 4313 949 4385 dopend
959 4330 1033 4387 upon
1044 4316 1195 4373 occidental
1206 4316 1409 4373 constructione
1544 4384 1545 4393 ἦ

377 4396 445 4451 Ans
480 4392 538 4448 'l'lrs
549 4396 749 4453 constructione
760 4415 808 4453 ero
820 4400 949 4456 essential
967 4405 997 4455 to
1015 4417 1091 4458 some
1108 4400 1139 4458 of
1153 4400 1202 4459 the
1219 4402 1369 4473 syllogisms
1384 4399 1413 4455 ol
1425 4394 1466 4453 llle

324 4479 551 4550 demonsnanon,
563 4478 669 4551 though
679 4486 729 4539 not
740 4488 770 4540 tc
780 4484 831 4543 the
841 4486 1003 4543 conclusion
