3167 5192
339 371 408 442 364
681 387 867 439 memoras
887 385 1174 438 uisurusmon..
1261 369 1374 456 [uror.
1388 385 1482 436 xxm.
1543 403 1544 484 l

344 577 409 634 tum
422 577 474 647 est,
489 563 641 654 quidnam
654 587 694 632 ao
707 565 837 652 aalays
853 561 917 630 tato
936 557 1135 651 infinitorum
1154 561 1421 652 comparantem
1437 560 1488 628 ool·
1543 549 1544 638 J

344 666 376 731 Γ
398 666 533 732 ‘debeat
1543 667 1544 728 l

356 689 542 855 ¹ffiltepouo
560 763 644 831 nihil
661 786 741 852 opus
758 786 827 830 esse
846 773 883 830 ut
900 745 981 851 quid
997 761 1204 850 hypothetios
1223 759 1424 842 oonoedsm,
1441 781 1489 848 po·
1543 743 1544 792 ³

343 878 406 937 test
419 870 505 936 euim
520 868 617 936 asseri
630 868 775 957 positive,
794 875 898 955 potest
912 864 993 933 velis
1009 865 1093 932 nolis
1112 866 1294 954 extorqueri
1314 866 1420 954 reipat
1432 863 1489 928 dari

344 982 464 1060 quauta
477 972 535 1039 tali
550 971 729 1037 eonditione
745 968 888 1058 praedita,
904 967 991 1057 quod
1004 968 1166 1036 multoties
1179 969 1391 1036 ostendimus.

409 1073 504 1155 Dein,
515 1083 680 1161 permutor
690 1071 769 1158 quid
782 1071 847 1137 sibi
862 1070 940 1138 velit
953 1072 1093 1158 ipsotum
1107 1083 1152 1136 est
1162 1072 1242 1159 quid
1254 1071 1369 1158 oolliqi
1382 1070 1489 1150 debeat

344 1175 428 1242 nihil
441 1177 495 1241 hic
509 1175 678 1263 quiequam
692 1174 871 1262 oolligitur:
889 1184 1011 1241 atvero
1026 1172 1138 1240 saltem
1153 1173 1200 1248 fit,
1216 1172 1250 1239 id
1265 1173 1356 1261 quod
1370 1173 1405 1238 in
1418 1168 1491 1236 omni

347 1277 531 1346 definitione
549 1278 619 1344 fieri
637 1278 727 1360 solet,
748 1278 856 1367 aliqui
875 1277 1055 1346 eonditione
1075 1300 1132 1344 seu
1150 1277 1344 1364 proprietate
1363 1273 1492 1362 preditis

347 1379 475 1468 quatis
490 1403 607 1448 nomen
620 1381 804 1470 imponitur,
825 1380 979 1469 aequalem
999 1379 1121 1446 scilieet
1137 1379 1293 1446 rationem
1315 1376 1492 1444 habentium

346 1492 402 1550 aut
422 1483 703 1572 proportionalium
724 1506 840 1550 nomen
862 1483 1036 1572 imponitur
1059 1481 1187 1569 quantis
1210 1482 1256 1548 ita
1277 1476 1493 1548 eonditionstis

346 1590 403 1653 aut
416 1587 547 1656 affectis.
591 1586 647 1652 Ex
660 1609 724 1674 quo
738 1596 849 1675 postea
868 1586 1038 1672 colligitur,
1059 1584 1234 1673 siquando
1253 1607 1313 1672 per
1328 1583 1492 1650 discursum

347 1700 403 1756 aut
416 1691 545 1757 aliunde
563 1701 651 1779 patet
669 1690 753 1756 hano
772 1690 984 1756 conditionem
998 1688 1167 1778 quibusvis
1181 1687 1310 1774 quantis
1326 1683 1493 1761 contemto,
1543 1711 1544 1714 ¹

347 1793 432 1881 quod
447 1793 505 1859 illa
517 1803 637 1880 quauta
650 1794 896 1883 proportionalia
910 1802 996 1861 sunt.

411 1894 518 1975 Addo,
539 1895 625 1982 quod
638 1894 721 1961 male
734 1918 843 1962 rursus
857 1896 1024 1980 ambagem
1044 1893 1187 1983 increpat
1200 1891 1399 1960 infinitarum
1417 1909 1493 1955 eom·
1543 1935 1544 1974 ,

345 1995 556 2083 parationem,
572 2017 644 2085 quta
658 2019 816 2085 nusquam
830 1997 1147 2084 hioullaoomparet.
1543 1997 1544 2046 ff

412 2095 478 2166 Sed
493 2097 593 2162 instat
613 2119 725 2184 porro;
746 2097 834 2164 Nam
851 2121 906 2164 seo
928 2099 996 2186 apiae
1024 2097 1154 2164 Glaoiss
1175 2095 1316 2184 wedale
1338 2107 1368 2163 et
1388 2091 1491 2158 lamiae
1543 2099 1544 2186 ᾗ

346 2211 469 2266 narare
482 2200 624 2288 altatae
635 2202 759 2290 poterit,
779 2225 820 2269 eto
832 2199 980 2289 passione
1002 2198 1308 2288 oeqaemaltrplioium
1328 2201 1366 2266 io
1381 2219 1491 2283 mapul-

347 2301 508 2368 tadinilas
529 2302 858 2370 ammaaarasittoao
869 2301 1206 2390 proportionalitatem,
1226 2299 1282 2366 sed
1298 2313 1417 2366 maetas
1426 2295 1493 2382 fiii

347 2406 403 2472 hoo
424 2406 633 2472 deraorastrere
652 2407 688 2471 irs
705 2406 773 2472 sarh
793 2404 862 2472 illie
882 2418 1015 2492 quotuor
1029 2402 1303 2492 propositionibus.
1349 2401 1408 2469 flod
1423 2419 1491 2484 pto·
1543 2407 1544 2410 ’

346 2507 436 2574 modo
449 2508 509 2595 erit
521 2507 684 2574 mtbsima
697 2505 757 2573 illa
768 2505 889 2594 passio,
908 2529 976 2593 qtae
995 2505 1106 2591 absque
1125 2503 1383 2570 masam
1399 2520 1490 2584 ασαρ-
1543 2585 1544 2588 ¹

349 2608 418 2675 tori
428 2632 490 2672 nors
499 2621 599 2696 potest
611 2610 647 2674 ira
659 2608 933 2696 mspsitudinilzss
947 2604 1299 2674 ammosaaahilatmt

366 2759 371 2764 ·
414 2709 604 2798 Respondeo
624 2710 666 2776 ad
684 2710 754 2790 hoo,
775 2720 812 2776 ut
826 2709 1000 2799 proprietas
1015 2708 1123 2796 aliqua
1136 2731 1200 2774 non
1214 2707 1332 2796 injuria
1346 2701 1488 2774 definitio·
1543 2717 1544 2768 ἱ

347 2813 422 2878 nem
438 2813 564 2898 ingredi
580 2813 694 2901 possit;
713 2811 797 2878 nihil
815 2811 923 2878 referri
940 2810 1100 2900 quomodo
1113 2810 1356 2890 demonstretur,
1374 2816 1427 2875 aut
1443 2803 1487 2870 de·
1543 2795 1544 2836 ⁷

347 2914 516 2978 monstrari
534 2915 635 3002 possit
654 2938 696 2980 ex
715 2914 780 2980 alis
798 2913 911 3002 quavis
930 2914 1120 3002 proprietate
1139 2912 1391 3001 praesupposita3
1411 2905 1486 2982 *lists

345 3024 384 3083 ut
396 3015 532 3080 antehae
550 3026 722 3097 ostensum,
743 3017 834 3084 nulla
852 3015 994 3083 definitio
1014 3015 1142 3082 daretur
1159 3017 1254 3092 bons,
1274 3013 1398 3104 possint
1415 3008 1486 3078 enim

349 3138 459 3183 omnes
473 3115 518 3182 ita
532 3116 751 3186 demonstrari.

414 3217 570 3300 Secundo,
586 3221 672 3306 quod
686 3219 819 3288 Clarius
833 3221 1055 3312 proprietatem
1070 3221 1153 3288 hano
1172 3243 1215 3288 ex
1234 3220 1300 3287 alit
1313 3225 1487 3308 symmetro·
1543 3289 1544 3292 ,

347 3345 419 3391 rum
432 3321 714 3410 proportionalium
732 3323 915 3391 definitione
938 3326 1014 3410 (non
1032 3322 1162 3411 quidem
1182 3323 1217 3389 in
1234 3333 1378 3411 quatuor,
1398 3328 1443 3388 ast
1458 3315 1485 3380 in

347 3448 412 3492 uno
436 3448 478 3492 ex
501 3434 645 3513 quatuor,
672 3449 731 3494 neo
757 3427 813 3494 illo
839 3449 991 3517 perquam
1014 3427 1159 3493 intricate
1184 3425 1349 3516 prolixeve
1373 3425 1486 3492 demon·

347 3537 445 3596 strato
458 3527 663 3613 theoremate)
681 3528 858 3611 deduxerit,
878 3529 914 3595 id
927 3553 992 3596 non
1007 3539 1171 3618 propterea
1184 3529 1260 3596 feeit
1277 3528 1409 3617 (opinor)
1424 3521 1487 3614 quis
1543 3531 1544 3558 ³

347 3653 474 3699 neeesse
492 3631 553 3697 fait
571 3640 609 3697 ut
623 3631 811 3719 reciperetur
829 3631 899 3698 haee
917 3633 1092 3720 proprietas
1112 3655 1183 3698 eam
1197 3631 1421 3710 demonstrari3
1438 3645 1486 3692 uec

346 3745 384 3800 ut
408 3735 477 3821 ejus
502 3733 694 3801 evidentiam
723 3733 901 3821 propalaret
910 3761 919 3817 ;
950 3735 1008 3802 sed
1035 3745 1072 3801 ut
1096 3736 1228 3824 hujusne
1256 3754 1438 3801 eonsensum
1459 3733 1486 3789 οἳ
1543 3751 1544 3768 ³

346 3835 575 3904 oonnexionem
594 3857 667 3902 oum
686 3836 785 3902 altera
800 3846 1044 3924 symmetrorum
1063 3837 1145 3904 bene
1162 3842 1239 3904 nott
1253 3836 1399 3924 passione
1411 3849 1486 3900 mon·

398 4059 457 4116 111.
495 4060 570 4117 was
584 4061 610 4118 it
620 4063 740 4133 &eumd
754 4063 975 4134 hypothetioally,
987 4063 1062 4119 what
1073 4061 1141 4118 does
1152 4061 1177 4118 it
1187 4060 1252 4118 lead
1262 4061 1312 4116 toi

343 4144 429 4284 mig
446 4144 471 4200 is
486 4149 538 4201 not
555 4147 675 4216 granted
689 4148 913 4221 hypothetioally‚
924 4149 977 4206 but
990 4147 1096 4220 proved
1107 4145 1170 4203 that
1181 4145 1261 4203 there
1272 4161 1321 4204 sse
1333 4143 1399 4204 suth
1416 4153 1486 4216 qm·

398 4311 473 4368 rhos
491 4315 600 4371 Clarius
617 4315 674 4372 bad
691 4320 722 4373 to
738 4315 825 4388 provs'
841 4317 898 4375 this
915 4321 1046 4390 property
1063 4318 1092 4372 in
1110 4318 1173 4372 four
1189 4315 1379 4386 propositione

343 4398 560 4544 defidibdomffl
576 4399 729 4459 Definition
745 4403 771 4460 is
788 4403 862 4474 good
880 4403 985 4476 though
1004 4405 1028 4460 it
1047 4419 1110 4474 may
1123 4403 1160 4459 be
1176 4401 1283 4473 proved
1298 4400 1371 4458 {rom
1386 4396 1484 4456 mous
