3167 5192
101 408 192 459 sacr.
210 394 293 479 vra]
444 394 630 463 memores
652 413 926 465 usrnsurrrcrs.
1202 398 1265 466 115

99 577 276 645 nitionrbus
291 580 353 646 rite
367 582 547 648 constitutis
562 583 736 649 inferantur
750 583 859 663 facile;
884 586 996 651 saltem
1011 584 1117 651 inferri
1134 585 1260 667 debent,

98 693 132 746 ut
156 683 361 749 axiomatum
388 685 576 771 dignitatem
598 688 670 774 jure
695 698 852 754 tueantur.
897 687 968 754 Imo
994 711 1064 776 quae
1088 689 1262 758 clarissima

97 784 245 850 ridentur
259 809 305 851 ex
322 808 366 866 se,
381 787 562 874 nulliusque
577 812 641 853 non
656 789 814 855 audientis
830 790 1014 875 suffragium
1029 791 1262 877 promptissime

98 899 346 974 consequuntur,
367 912 431 954 nou
453 890 564 955 dubito
586 890 664 978 quin
686 891 798 957 eodem
820 892 924 971 modo,
944 914 1001 980 per
1023 892 1221 958 celem'mum
1243 916 1261 957 e

98 988 341 1057 definitionibus
352 992 529 1058 discursum
539 994 740 1080 colligantur.
763 994 922 1074 Quoniam
932 1018 1007 1061 vero
1019 997 1260 1085 suppositiones,

97 1094 251 1178 equibus
275 1094 349 1159 istae
371 1094 569 1161 definitiones
589 1095 684 1161 modo
704 1098 883 1184 supradicto
907 1098 1069 1179 resultant,
1093 1109 1168 1164 sunt
1193 1122 1261 1164 om·

97 1194 182 1259 nium
202 1196 448 1261 evidentissime
466 1197 634 1285 possibiles
656 1200 777 1285 (utpote
798 1199 990 1286 quotidianis
1011 1201 1183 1267 innumeris
1203 1204 1260 1268 ob·

97 1298 154 1362 riis
168 1300 403 1387 experimentis
422 1302 650 1384 consentaneae)
673 1307 794 1388 susque
813 1308 926 1367 naturt
945 1303 1197 1391 simplicissimae,
1214 1306 1260 1371 sio

97 1411 130 1467 ut
142 1404 283 1469 neminis
305 1414 363 1469 aut
380 1404 630 1470 observationem
649 1406 813 1492 effugiant,
829 1416 885 1479 ant
904 1417 1031 1493 coptum
1051 1419 1240 1496 exsuperent
1250 1433 1259 1489 ;

97 1506 170 1591 quin
185 1518 218 1573 et
231 1518 390 1595 praeterea
403 1508 564 1573 axiomata
581 1509 643 1573 ista
661 1532 726 1574 non
745 1519 819 1596 post
838 1510 950 1596 longas
970 1512 1130 1596 ambages,
1147 1520 1179 1575 at
1199 1511 1260 1575 im-

98 1609 230 1677 mediate
250 1634 296 1676 ex
319 1612 361 1675 iis
382 1621 619 1691 consectantur3
641 1612 717 1676 inde
738 1612 775 1676 lit
796 1621 834 1677 ut
855 1612 910 1679 ille
931 1634 994 1700 quo
1017 1614 1260 1699 comprobantur

99 1711 256 1779 dimursus
271 1714 391 1779 evadat
405 1713 673 1802 imperceptibilis,
689 1724 721 1779 et
735 1715 827 1802 quasi
841 1715 967 1796 nullus;
991 1716 1073 1780 siout
1086 1739 1146 1780 usu
1161 1716 1258 1795 venit,

98 1826 132 1879 ut
146 1838 216 1902 quae
231 1816 389 1883 facillime
402 1816 493 1895 fiunt,
510 1817 667 1903 quomodo
682 1818 762 1882 fiant
775 1840 840 1883 non
856 1818 1018 1884 sentiatur.
1057 1817 1152 1897 Quali
1167 1828 1259 1905 pacto

100 1916 142 1995 fit,
154 1931 189 1983 ut
198 1920 347 2006 apprime
356 1918 467 1983 dexter
480 1928 512 1983 et
526 1918 645 2005 peritus
660 1918 792 1983 Musicae
808 1918 865 1983 rix
880 1919 948 2006 ipse
964 1918 1179 2007 sibirideatur
1193 1930 1258 1985 tam

102 2042 139 2084 cx
156 2008 402 2110 artequapiam,
418 2046 513 2108 quam
533 2045 574 2087 ex
594 2022 747 2087 instinctu
765 2023 1011 2089 instnunentum
1031 2022 1175 2111 pulsare3
1198 2025 1257 2089 vix

102 2133 135 2187 ut
156 2146 221 2191 sura
240 2125 379 2191 rationis
397 2124 465 2213 ipse
481 2136 613 2204 motum,
629 2124 687 2188 vix
705 2125 863 2191 memoria
884 2126 1070 2192 exercitium
1088 2127 1258 2213 persentis-

103 2237 157 2292 cat
202 2227 314 2295 Simili
329 2226 432 2307 modo,
448 2250 480 2292 v.
492 2249 524 2313 g.
541 2226 691 2313 quoniam
706 2227 846 2313 quotidie
860 2226 1006 2292 videmus
1022 2228 1257 2315 magnitudines

102 2328 209 2410 varias,
225 2329 336 2418 quoad
351 2328 564 2393 dimensiones
583 2328 780 2393 omnimodas
801 2328 930 2395 sibimet
950 2330 1123 2418 applicatas
1146 2340 1257 2397 mutuo

104 2432 322 2516 quadantenus
336 2454 515 2519 congruere,
529 2430 582 2496 vel
602 2431 686 2497 idem
709 2430 854 2517 spatium,
869 2431 998 2517 replere,
1014 2432 1065 2497 vel
1087 2433 1169 2499 inter
1190 2454 1259 2498 eos·

104 2532 171 2600 dem
184 2538 339 2602 terminos
353 2535 508 2623 protendi,
524 2535 595 2600 ideo
610 2535 704 2600 facile
718 2533 919 2599 concedimus
933 2534 997 2600 tale
1010 2536 1088 2621 quid
1103 2535 1258 2623 supponi;

105 2634 236 2726 itemque
250 2662 327 2705 cum
341 2661 402 2704 usu
415 2637 665 2725 receptissimum
686 2636 736 2717 sit,
752 2646 789 2700 ut
809 2659 879 2723 quae
899 2659 939 2702 ex
960 2636 1023 2701 ista
1043 2638 1258 2725 suppositione

104 2742 228 2807 resultat
242 2741 400 2807 habitudo
415 2762 471 2805 seu
484 2739 594 2805 relstio
608 2738 868 2825 magnitudinum
883 2738 924 2803 ad
939 2761 972 2805 se
987 2739 1121 2805 invicem
1137 2739 1259 2807 dicatur

108 2843 274 2929 equalitas,
291 2843 367 2909 inde
381 2841 470 2907 nullo
484 2842 549 2907 fere
567 2841 694 2927 negotio
717 2839 911 2921 deducimus,
935 2864 972 2907 ao
993 2842 1160 2907 affirmanti
1183 2864 1258 2908 con-

108 2948 262 3030 sentimus,
280 2947 367 3036 quod
382 2967 577 3033 quaecunque
592 2945 696 3011 eidem
716 2944 931 3031 magnitudini
951 2956 1114 3031 aquantur
1133 2947 1258 3033 magni·

108 3049 233 3132 tudines,
248 3051 349 3119 etiam
364 3048 425 3115 sibi
439 3058 550 3114 mutuo
565 3058 747 3135 sequentum
769 3058 898 3137 propter
912 3048 1005 3114 dictae
1024 3049 1173 3115 nimirum
1194 3050 1255 3137 hy-

108 3151 238 3237 pothesis
267 3152 522 3241 possibilitatem,
549 3159 580 3214 et
605 3148 797 3215 definitionis
823 3150 1074 3217 convenientiam
1105 3154 1255 3219 continuo

110 3252 320 3339 deprehensas.
365 3254 479 3341 Itaque
493 3253 654 3317 axiomata
669 3251 722 3317 rel
741 3253 881 3317 maxime
900 3253 1066 3340 perspicua
1087 3254 1145 3319 vix
1165 3254 1257 3321 aliter

110 3353 250 3424 differunt
264 3359 307 3424 ab
322 3357 394 3422 aliis
413 3355 625 3435 theorematis,
641 3378 737 3442 quam
759 3378 796 3422 eo
818 3357 904 3442 quod
926 3356 966 3421 ad
988 3356 1105 3444 primas
1127 3368 1159 3423 et
1181 3358 1259 3422 sim-

110 3458 291 3542 plicissimas
308 3460 503 3548 hypotheses
522 3482 559 3523 ac
574 3457 772 3524 definitiones
791 3458 944 3524 accedunt
963 3459 1101 3545 propius,
1118 3459 1260 3544 adeoque

113 3560 187 3643 quod
199 3564 329 3629 brevius
343 3571 375 3627 et
389 3559 514 3625 facilius
529 3558 791 3624 demonstrantur.

168 3662 306 3732 Ediotis
325 3665 519 3729 innotescere
539 3669 634 3747 queat
653 3660 756 3726 omnis
778 3658 918 3725 scientia
938 3660 1093 3725 naturalis
1111 3659 1209 3745 origo,
1227 3671 1259 3726 et

115 3768 241 3847 genuina
263 3765 431 3832 methodus
457 3788 477 3830 a
499 3762 610 3850 primis
634 3784 735 3848 usque
757 3760 949 3848 cognitionis
970 3760 1111 3826 fontibus
1132 3761 1258 3827 ratioci-

114 3870 210 3952 nandi,
224 3893 297 3959 quae
311 3869 410 3935 ferme
427 3866 500 3933 talis
518 3875 575 3932 est
619 3864 714 3931 Mens
733 3888 775 3931 ex
795 3864 1013 3932 observatione
1032 3888 1135 3931 rerum
1154 3864 1258 3953 objec-

116 3980 206 4039 tarum
228 3972 423 4040 ocmsionem
447 3968 556 4056 arripit
580 3967 699 4033 similes
721 3966 808 4033 ideas
830 3967 1061 4054 compingendi,
1085 3990 1163 4055 quas
1185 3990 1257 4035 oum

118 4072 188 4141 clare
200 4076 352 4165 percipiat
366 4073 533 4141 convenire
546 4072 640 4137 rebus
650 4093 723 4156 quae
734 4080 868 4158 possunt
883 4071 1026 4155 existere,
1038 4072 1109 4139 illos
1124 4074 1258 4140 affirmat

164 4377 200 4448 By
210 4380 356 4437 insennblo
367 4379 521 4448 ressoning,
534 4376 622 4432 which
633 4392 726 4431 seems
737 4377 900 4433 instinctive.

164 4464 218 4523 Tho
226 4472 325 4524 nutare
335 4467 368 4524 ol
375 4467 412 4522 all
424 4466 537 4522 scierim
