3167 5192
106 409 193 459 nrm.
210 395 308 483 xus]
451 412 638 465 caenosas
661 412 934 465 usrnnurrren.
1197 399 1261 469 205

104 581 190 651 alteri
204 582 255 651 sic'
264 582 446 672 appositum
461 584 514 651 vel
528 584 732 673 applicatum,
744 585 876 654 excedat
890 586 1004 673 ipsum,
1017 587 1079 653 hoc
1088 598 1146 668 cst,
1159 594 1260 653 totum

103 684 228 755 alterins
250 686 393 773 spatium
415 687 592 774 occupabit,
615 696 649 753 et
670 687 794 776 aliquid
816 689 945 777 insuper
965 688 1124 756 ulterioris
1147 690 1260 777 spatii3

104 788 156 857 rel
177 788 267 875 cnjus
293 811 369 876 pars
391 787 483 857 alteri
504 788 563 855 toti
585 801 746 877 congruet,
769 812 826 858 scu
848 801 950 859 totum
972 792 1102 860 alterins
1124 792 1263 881 spatium

102 890 253 978 replebit;
285 890 406 971 Minus,
434 892 520 978 quod
545 891 637 959 alteri
667 894 848 981 appositum
876 893 1002 961 deficiet
1030 896 1072 962 ab
1100 895 1181 983 ipso,
1207 894 1262 961 rel

101 994 231 1063 alterim
251 993 336 1083 parti
356 995 532 1077 coincidet;
554 1019 619 1063 non
638 996 702 1063 nisi
721 1006 843 1085 partem
862 998 1029 1085 occupabit
1048 998 1154 1085 spatii,
1175 998 1262 1087 quod

102 1096 148 1167 ab
165 1098 262 1164 altero
282 1098 470 1185 possidetur.
517 1098 640 1165 Habito
655 1109 761 1165 autem
780 1099 821 1166 ad
836 1099 959 1185 equale
973 1112 1126 1187 respectu,
1140 1101 1262 1168 dicetur

101 1200 267 1287 inaqualc,
281 1200 367 1287 qnod
377 1199 511 1267 alterum
521 1200 574 1265 vel
589 1200 680 1267 altari
696 1200 818 1287 aquale
831 1200 971 1267 mutinet
984 1202 1019 1267 in
1034 1224 1077 1282 se,
1089 1212 1122 1270 et
1136 1202 1260 1290 aliquid

101 1303 241 1393 insuper,
257 1305 311 1373 vel
326 1305 505 1372 continetur
519 1304 554 1370 in
568 1304 667 1371 altero
685 1304 750 1391 (vel
764 1304 800 1371 in
819 1304 927 1391 aliquo
945 1304 1032 1392 qnod
1050 1306 1141 1371 alteri
1156 1328 1263 1393 aqna·

101 1408 164 1491 tur)
187 1407 235 1477 sic
254 1418 291 1475 nt
310 1406 433 1494 aliquid
452 1417 602 1494 praeterea
620 1407 767 1494 supersit.
812 1405 921 1493 Majns
939 1430 1063 1496 nempe,
1081 1406 1167 1495 qnod
1187 1431 1264 1475 oon·

101 1513 182 1581 tinet
196 1511 343 1591 alterum,
358 1520 414 1577 ant
429 1509 520 1577 alteri
534 1510 665 1597 equale,
682 1534 740 1577 nec
757 1532 822 1577 non
840 1509 929 1576 alind
948 1523 1116 1598 practerea:
1140 1510 1260 1592 Minus,

100 1614 186 1702 qnod
203 1614 383 1683 continetur
401 1614 435 1680 in
457 1614 565 1688 altero,
580 1613 633 1679 vel
654 1612 689 1679 in
711 1636 749 1681 eo
770 1612 856 1701 quod
878 1623 1021 1701 aequatur
1041 1614 1143 1694 alteri,
1158 1614 1205 1681 sic
1225 1624 1262 1682 ut

101 1718 208 1787 adbuc
223 1719 361 1807 supersit
375 1716 498 1804 aliquid
511 1717 546 1781 in
561 1716 670 1783 altero.

167 1820 232 1887 Vel
251 1843 325 1887 curn
347 1819 388 1885 D.
404 1818 546 1899 Hobbio,
567 1841 632 1883 non
651 1817 839 1885 inconcinne
858 1817 1028 1885 definiatur
1046 1818 1152 1908 Major
1171 1843 1264 1908 mag·

100 1924 215 1993 nitudo
237 1921 458 2009 magnitudine
480 1922 606 2008 (corpus
628 1942 756 2009 corpore
778 1920 856 1987 dicit
882 1920 947 2000 ille,
970 1920 1027 1987 sed
1050 1922 1262 1989 universalius

100 2028 206 2099 efferri
226 2025 367 2114 praestat)
385 2024 512 2111 quando
530 2046 604 2113 pars
626 2024 714 2091 illius
736 2023 811 2091 huic
832 2024 892 2091 toti
913 2025 1045 2113 aequalis
1066 2036 1132 2093 ests
1155 2025 1263 2093 Minor

101 2141 221 2209 antem,
239 2128 367 2216 quando
387 2126 445 2193 illa
464 2136 533 2193 tota
552 2126 634 2215 perti
653 2127 750 2215 hujus
771 2137 932 2213 aquatum
955 2149 1137 2215 quanquam
1156 2129 1262 2195 forsan

101 2235 136 2301 in
155 2232 246 2299 bisce
265 2229 504 2298 definitionibus
521 2228 670 2297 nonnihil
689 2228 891 2297 desideretur.
936 2228 1020 2295 Nam
1036 2231 1132 2319 objici
1146 2243 1260 2320 potest,

101 2336 188 2424 quod
210 2358 277 2401 non
297 2334 489 2423 respondent
514 2333 559 2403 eis
584 2332 859 2419 magnitudinibus
882 2333 1104 2421 inaequalibus,
1127 2359 1261 2422 quarum

102 2462 166 2507 una
195 2434 437 2525 comprehcndit
465 2436 606 2511 alteram.
653 2435 746 2515 Quod
769 2435 862 2501 facile
886 2444 994 2501 tamen
1015 2447 1184 2503 excusetur
1206 2448 1264 2505 aut

102 2542 307 2620 condonatur,
327 2539 477 2627 quoniam
499 2539 602 2605 omnis
623 2538 813 2627 magnitudo
835 2538 898 2605 sibi
919 2538 1146 2626 perfectissimo
1168 2540 1262 2607 modo

101 2656 270 2715 censeatur
289 2646 420 2732 aequalis
430 2670 440 2726 3
462 2656 495 2711 et
514 2644 727 2732 equalitatem
748 2644 922 2711 eminenter
941 2644 1083 2711 continet
1101 2645 1262 2727 identitas,

102 2751 135 2819 id
157 2748 249 2839 qnod
274 2748 393 2837 passim
418 2750 453 2815 in
478 2747 801 2815 demonstrationibus
827 2747 1038 2816 Geometricis
1063 2748 1261 2836 supponitur.

104 2854 164 2922 Vel
180 2852 395 2940 corrigantur,
404 2863 437 2919 et
451 2851 658 2941 suppleantur
673 2852 873 2919 definitiones
887 2852 967 2934 istae,
983 2851 1044 2919 hoc
1062 2852 1157 2919 modo
1176 2851 1262 2940 ipsas

103 2955 322 3025 munemndo:
359 2954 551 3043 Magnitudo
575 2954 796 3041 magnitudine
824 2955 926 3044 major
950 2966 1008 3037 est,
1037 2958 1163 3044 qnando
1188 2982 1262 3047 pars

103 3063 191 3131 illins
211 3062 289 3127 bnic
307 3059 366 3127 toti
384 3060 515 3147 aqualis
534 3069 592 3139 est,
609 3070 664 3127 aut
681 3058 811 3141 eadem3
834 3058 941 3127 Minor
959 3062 1187 3148 vcro,quando
1205 3063 1263 3130 illa

104 3175 170 3234 tota
185 3164 284 3253 hujus
298 3163 380 3252 parti
395 3163 526 3251 aequalis
541 3172 599 3243 est,
615 3172 671 3228 ant
685 3160 806 3229 cadem.

166 3268 250 3350 Quas
265 3266 464 3336 definitiones
483 3266 551 3351 (aut
565 3265 803 3353 descriptiones)
817 3264 1000 3355 Inaequalis,
1016 3266 1158 3357 Majoris‚
1172 3270 1262 3335 Min·

104 3375 179 3454 oris,
203 3372 277 3439 aliis
303 3392 427 3459 qnoque
454 3368 582 3458 quantis
615 3369 776 3454 (motibus,
803 3370 1008 3457 temporibus,
1031 3370 1263 3453 velocitatibus,

104 3477 309 3567 ponderibus,
328 3473 480 3559 numeris)
505 3472 668 3559 analogice
690 3495 811 3560 suoque
831 3474 926 3540 modo
947 3473 1159 3560 qnadrabunt,
1182 3476 1264 3541 sicut

105 3580 142 3649 de
157 3578 342 3667 aequalitate
355 3576 512 3665 prolixius
527 3585 575 3641 cst
589 3573 792 3641 declaratum.
830 3595 831 3598 ’

169 3682 315 3753 Unicum
329 3680 505 3747 admonebo
521 3678 561 3745 de
580 3677 795 3765 inaequalitate
815 3678 900 3745 dicta
916 3677 962 3743 sic
981 3677 1165 3765 accipienda
1183 3702 1263 3763 esse,

107 3809 229 3876 semper
242 3795 280 3853 ut
293 3804 442 3851 excessus
457 3792 488 3849 ct
503 3780 651 3861 defectus,
663 3779 697 3847 id
712 3780 798 3869 quod
812 3780 953 3848 abundat
966 3790 1022 3848 aut
1036 3782 1155 3865 subest,
1166 3806 1264 3872 penes

107 3889 235 3980 aliquod
254 3889 485 3974 homogenenm
506 3882 712 3969 intelligatur.
757 3882 844 3949 Nam
859 3884 987 3951 omnino
1002 3885 1120 3951 diversi
1138 3888 1264 3974 generis

107 4004 226 4080 quanta
247 3990 354 4086 quoad
376 3986 589 4077 equalitatem
612 3995 644 4055 et
665 3986 914 4074 inaequalitatem
935 3997 1098 4076 nequeunt
1122 3990 1205 4057 inter
1230 4014 1264 4059 sc

108 4094 290 4187 comparari.
335 4092 415 4173 Quae
437 4090 478 4159 de
494 4089 695 4177 proportione
718 4088 920 4177 postmodnm
941 4090 1059 4159 acturis
1083 4092 1264 4164 distinctius

108 4196 296 4287 explicanda
309 4195 447 4261 venient.

158 4415 296 4477 llobbes’s
315 4415 464 4476 Definitioa
485 4418 516 4475 or
535 4417 660 4475 Greater.

159 4500 319 4559 cumaeo.
