3167 5192
303 362 367 431 112
628 381 816 431 nscrrowns
838 382 1112 434 nsrnnusnrcrs.
1276 370 1384 457 [secr.
1401 389 1460 437 vn.

301 574 412 619 verum
426 552 560 618 arbitror
574 550 720 640 pluribus
733 552 774 618 de
787 552 903 637 censis)
921 552 1103 620 istiusmodi
1118 554 1187 621 dari
1205 567 1327 623 motum
1348 556 1383 621 in
1402 556 1458 623 htc

301 678 406 721 rerum
435 662 558 736 nature,
586 657 663 743 quie
691 669 808 737 temen,
836 656 963 723 volente
993 658 1073 740 Deo,
1100 658 1174 725 telis
1199 670 1305 726 motus
1330 660 1462 727 existere

300 769 414 847 potest,
435 768 546 847 utpote
565 761 620 847 qui
639 760 687 825 nil
703 762 845 827 continet
864 784 884 826 a
904 762 1114 848 possibilitate
1134 763 1381 845 dissentaneum,
1396 764 1461 831 ideo

301 884 372 949 quae
387 863 428 927 ab
442 861 510 949 ejus
525 863 742 950 suppositione
756 886 812 951 per
826 863 1004 931 illationem
1018 864 1194 951 legitimam
1214 866 1370 932 resultent
1390 890 1461 933 con·

300 966 459 1031 clusiones
472 988 530 1054 pro
544 966 980 1033 veredemonstratishsbcri
995 968 1121 1034 dehent.
1567 1043 1568 1046 Ἴ

366 1068 458 1149 Item,
479 1070 539 1136 etsi
558 1070 645 1157 quod
665 1081 847 1157 supponunt
867 1069 1056 1151 Mechenici,
1073 1080 1192 1158 puncta
1211 1072 1335 1159 qnaevis
1354 1095 1463 1160 corpo-

299 1194 372 1237 rum
401 1172 549 1258 gravium
574 1194 724 1260 premere,
751 1173 868 1253 conari,
894 1173 947 1239 vel
972 1174 1014 1239 ad
1039 1185 1162 1240 motum
1189 1174 1385 1263 propendere
1409 1198 1463 1263 per

299 1284 400 1339 rectas
420 1272 522 1339 lineas
543 1272 605 1340 sibi
621 1273 796 1362 parallelos,
813 1274 970 1340 horizonti
984 1274 1268 1363 perpendiculares,
1284 1286 1317 1343 et
1330 1277 1462 1364 proinde
1567 1313 1568 1316 ¹

299 1376 434 1464 equalis
450 1376 590 1464 pondera
609 1377 651 1442 ed
671 1376 809 1465 aequales
828 1377 995 1443 distantias
1013 1378 1278 1467 aequiponderare,
1294 1379 1337 1445 sit
1351 1385 1462 1445 revers

297 1491 420 1547 nstnrae
439 1480 689 1561 disconveniens,
708 1502 809 1582 eoque
828 1493 973 1569 respectu
991 1482 1107 1548 falsum
1117 1508 1126 1564 3
1156 1494 1263 1550 temen
1283 1484 1360 1569 quie
1379 1484 1463 1549 clare

298 1584 422 1671 concipi
443 1594 547 1673 potest
568 1583 752 1649 universum
775 1584 821 1649 sic
844 1583 1045 1665 ordinarint
1066 1608 1198 1673 corpore
1218 1585 1297 1651 tales
1320 1585 1463 1652 habeant

297 1689 533 1777 propensiones,
554 1687 625 1752 ideo
647 1685 807 1751 conclusio
826 1686 883 1751 teli
904 1686 1074 1775 hypothesi
1094 1696 1309 1775 superstructa
1329 1686 1463 1754 demon·

298 1793 389 1857 strati
403 1790 605 1857 theorematis
621 1787 810 1874 dignitatern
825 1811 862 1853 ec
876 1788 1007 1854 titulum
1022 1789 1103 1856 tueri
1118 1800 1233 1878 potest.

362 1892 438 1960 Non
459 1915 559 1972 secus,
580 1892 641 1957 etsi
660 1913 732 1978 quae
750 1891 951 1973 Ptolemaeus,
972 1892 1177 1981 Oopemicus,
1199 1894 1317 1980 aliique
1337 1892 1461 1981 passim

297 1997 483 2063 Astronomi
500 1997 724 2078 substernunt3
746 2006 902 2063 astrorum
924 2008 1046 2063 motum
1068 1998 1103 2062 in
1124 1996 1250 2063 circulis
1272 1998 1385 2085 peregi
1406 1998 1462 2063 wel

297 2099 463 2186 ellipsibus
484 2097 640 2186 perfectis,
667 2107 700 2163 et
720 2120 789 2164 esse
812 2098 885 2165 illos
907 2098 1189 2188 quomodocunque
1217 2098 1379 2186 regulares
1405 2099 1461 2165 vel

298 2200 486 2289 aequabilem
523 2200 600 2265 item
628 2199 701 2266 illos
729 2200 857 2267 eosdem
892 2208 1043 2289 perpetus
1071 2203 1249 2269 constantie.
1278 2212 1460 2291 temporum

296 2303 450 2392 periodos,
470 2304 619 2369 itinerum
644 2302 763 2369 orbitas
786 2326 979 2380 conservare,
1005 2304 1130 2393 aliaque
1150 2305 1246 2387 talis3
1273 2304 1338 2370 sint
1360 2304 1460 2391 hujus

296 2417 417 2473 naturae
435 2405 610 2494 (variabilis
629 2415 662 2473 et
678 2405 715 2470 in
733 2406 910 2473 minoribus
931 2407 1084 2492 incerte),
1101 2406 1214 2473 horum
1236 2406 1386 2494 syderum
1406 2431 1461 2473 re-

296 2522 416 2601 spectu,
432 2511 553 2600 opinor,
569 2510 659 2591 falsa,
674 2509 728 2575 vel
742 2509 854 2576 saltem
871 2509 1082 2599 incomperta3
1104 2512 1181 2598 quie
1200 2522 1306 2577 tamen
1326 2510 1375 2575 nil
1395 2510 1460 2576 im-

296 2616 385 2704 pedit
398 2639 461 2704 quo
474 2615 582 2681 minus
595 2612 741 2678 divinum
755 2634 873 2679 numen
888 2612 1043 2700 ejusmodi
1059 2613 1212 2679 mundum
1227 2636 1330 2679 creare
1344 2614 1459 2701 possit,

295 2719 415 2807 inquo
437 2718 528 2784 factis
552 2716 721 2804 syderibus
743 2714 823 2781 tales
846 2726 952 2781 motus
978 2716 1136 2803 exquisite
1159 2715 1359 2797 convenient,
1382 2714 1459 2783 ideo

296 2823 469 2888 verissimae
493 2830 569 2886 sunt
593 2821 664 2885 istis
688 2819 922 2906 hypothesibus
947 2820 1068 2886 innixae
1093 2820 1389 2901 demonstrationem
1424 2831 1461 2887 et

296 2948 407 2990 eorum
428 2923 633 2989 Astronomie
653 2945 729 2988 were
749 2930 808 3003 est,
830 2944 895 2988 non
917 2922 1045 3010 quidem
1071 2923 1177 3011 hujus,
1203 2922 1259 2989 sed
1283 2922 1414 2989 alterius
1438 2948 1461 2990 a

296 3027 366 3092 Deo
381 3026 525 3092 creabilis
538 3025 669 3091 mundi:
691 3024 796 3092 Nobis
811 3026 895 3092 enim
915 3026 1004 3092 Deus
1024 3036 1211 3114 potestatem
1229 3024 1346 3091 indidit
1365 3026 1460 3112 cogi-

295 3130 415 3197 tatione
427 3134 536 3195 nostrt
548 3129 731 3196 innumeros
745 3130 838 3218 qussi
852 3130 978 3196 ersendi
992 3130 1129 3197 mundos
1143 3129 1355 3217 imaginarios,
1371 3152 1459 3217 quos

295 3233 365 3322 ipse
379 3234 407 3298 si
421 3234 501 3300 velit
513 3233 615 3299 reales
628 3243 732 3321 potest
746 3234 877 3299 efficere.

360 3336 507 3425 Denique
520 3336 594 3404 licet
608 3336 690 3402 nulli
706 3336 784 3402 tales
799 3336 833 3401 in
852 3360 956 3403 rerum
978 3340 1092 3403 naturt
1112 3346 1218 3403 motus
1240 3358 1380 3425 unqnsm
1401 3360 1459 3405 ne-

294 3443 375 3530 perti
395 3441 521 3522 fuerint,
548 3440 696 3528 qualibus
718 3439 819 3505 lineas
848 3439 977 3520 helices,
1006 3440 1228 3527 quadrenices,
1253 3438 1457 3523 conchoides,

294 3546 454 3628 ciesoides,
481 3557 514 3612 et
538 3545 718 3612 consimiles
743 3543 822 3610 alies
848 3555 1030 3633 supponunt
1058 3544 1231 3633 descriptas
1260 3544 1457 3629 Geomenae,

294 3652 396 3718 nihilo
414 3661 522 3717 tamen
543 3649 659 3729 minus,
678 3670 751 3714 cum
772 3646 866 3713 fecile
887 3647 1101 3736 concipiemus
1122 3646 1206 3713 nihil
1227 3648 1351 3715 obstare
1371 3649 1457 3735 quin

345 3975 383 4031 So
395 3975 563 4032 Mechsnicsl
576 3974 684 4031 writers
696 3990 815 4046 suppose
826 3974 942 4045 weights
954 3978 984 4031 to
995 3979 1041 4031 act
1052 3974 1081 4029 in
1098 3972 1212 4045 parallel
1224 3972 1294 4029 lines
1301 3993 1309 4040 ;
1325 3973 1414 4030 which
1427 3976 1454 4031 is

292 4062 343 4114 not
352 4062 424 4114 true.

345 4142 382 4198 So
392 4145 589 4201 Astronomers
600 4162 719 4218 suppose
729 4148 780 4205 the
791 4150 866 4202 sters
877 4150 907 4202 to
919 4144 1046 4202 describe
1057 4149 1139 4203 exact
1149 4146 1248 4203 circlos
1255 4146 1313 4203 end
1321 4146 1451 4216 ellipses3

291 4229 478 4287 whichisnot
488 4232 600 4300 proved
892 4238 896 4248 ’

344 4315 381 4370 So
397 4315 560 4371 Geometers
575 4334 700 4390 suppose,
715 4320 827 4390 helixes‚
844 4318 1046 4389 quadriremes,
1058 4316 1214 4389 conchoids,
1225 4318 1348 4388 dssoids
1364 4322 1395 4375 ro
1411 4318 1450 4375 be

290 4402 443 4473 genereted
454 4401 492 4472 by
502 4403 613 4459 motion

344 4486 402 4543 'l'he
413 4486 579 4559 intelligible
590 4488 677 4545 world
689 4491 713 4547 is
724 4491 811 4547 wider
822 4490 890 4547 than
902 4490 951 4547 the
963 4489 1082 4547 sensible
1093 4489 1186 4547 world.
