3167 5192
81 396 163 446 uuor.
178 380 270 465 m]
401 397 586 449 menoses
607 396 882 449 samuelem.
1157 382 1222 449 337

78 568 162 635 unius
178 590 250 634 oum
271 569 349 635 base
370 574 428 635 ma
447 568 566 656 pariter
586 568 790 657 multiplicati
810 590 952 651 excessu,
973 592 1068 659 super
1089 568 1220 637 alienus

78 673 246 761 multiplum
259 672 395 739 infertur
407 672 495 739 basis
508 696 575 739 sum
588 694 738 740 exoessus
753 696 850 762 supra
868 674 971 741 basim
990 673 1130 755 alterius,
1145 697 1219 741 oum

78 776 163 843 altero
189 778 307 865 pariter
328 776 591 866 multiplicatam:
620 800 724 866 neque
753 778 782 844 si
811 788 879 845 tota
907 800 979 845 oum
1009 776 1221 845 dissimilibus

78 879 203 966 ipsorum
221 880 369 968 partibus
387 890 617 968 comparentur,
638 879 713 947 inde
733 880 820 967 quod
841 879 931 968 prius
952 902 1041 967 mque
1062 903 1135 947 eum
1153 879 1220 947 suis

77 984 206 1068 partibus
228 982 480 1070 multiplicatum
508 980 644 1048 exoedat
673 982 855 1069 posterioris
885 981 1055 1071 multiplex
1080 982 1222 1071 aliquod,

79 1084 220 1151 ullatenm
241 1096 454 1173 eonsequetur
472 1084 545 1151 ideo
564 1085 703 1173 partium
727 1085 842 1173 prioris
860 1085 1043 1173 multiplum
1068 1085 1220 1153 exeedere

79 1198 170 1275 partes
188 1190 376 1277 posterioris
396 1212 487 1277 aque
507 1212 582 1255 enm
604 1211 663 1255 suo
684 1199 751 1255 toto
772 1190 1011 1278 multiplicatas.
1056 1189 1147 1272 Haec,
1170 1190 1222 1255 in·

80 1314 161 1377 quam
184 1292 298 1373 denuo,
325 1316 399 1359 eum
424 1294 605 1359 observaret
629 1288 791 1373 Euclides,
818 1295 886 1379 (seu
908 1293 980 1381 quis
1005 1292 1085 1359 alter
1105 1293 1219 1359 harum

81 1391 281 1460 definitionum
303 1392 472 1480 eonditor‚)
496 1406 529 1461 et
545 1396 768 1484 proprietatem
789 1394 885 1461 istam
906 1396 1098 1463 antedictam
1117 1396 1221 1465 omui-

81 1496 156 1579 genis
179 1498 358 1585 promiscue
380 1498 518 1586 quantis,
541 1498 723 1585 symmetria
744 1506 777 1565 et
802 1500 1014 1586 asymmetris,
1041 1500 1218 1581 eonvenite,

86 1598 169 1679 (nulls
185 1600 344 1687 siquidem
363 1601 430 1666 illic
449 1600 643 1688 symmetriae
660 1601 712 1667 vel
729 1602 943 1689 asymmetriae
961 1604 1103 1691 cujusvis
1121 1603 1222 1670 inter·

83 1702 157 1765 venit
168 1704 402 1789 consideratis)
424 1704 500 1770 hine
517 1726 560 1771 ex
576 1704 635 1769 illa
650 1704 808 1771 rationum
826 1706 932 1771 taliter
950 1706 1073 1774 affectis
1091 1706 1220 1795 quantis

84 1803 270 1871 assidentium
288 1818 421 1873 mutuos
437 1804 479 1873 ad
496 1830 531 1873 se
547 1816 708 1894 respectus
727 1808 905 1895 generatim
925 1808 1128 1875 aestimandos
1146 1830 1220 1875 oen·

85 1905 137 1970 suit
148 1930 182 1973 ae
194 1908 403 1977 deliniendos.

137 2009 312 2079 arbitratur
338 2012 475 2080 Clarius
503 2020 662 2078 auotorem
691 2032 764 2078 eum
793 2012 895 2101 primo
921 2013 1134 2103 perspexisset
1158 2012 1220 2081 hoo

87 2122 245 2199 mmpwma
272 2115 459 2203 symmetria
487 2112 729 2202 quibuscunque
755 2115 1045 2203 proportionalibus
1069 2115 1220 2192 aeoidere.

89 2219 143 2279 um
155 2218 308 2311 nonnullis
322 2218 422 2284 etiam
436 2217 639 2305 wymmetris
653 2228 789 2305 quatuor
808 2219 935 2305 quantis
955 2218 1126 2309 aliquando
1146 2241 1220 2285 eone

88 2316 184 2398 venire,
196 2318 269 2387 inde
282 2320 360 2409 jure
374 2342 432 2386 suo
445 2342 541 2386 usum
553 2319 879 2407 proportionalitatem
898 2342 941 2387 ex
954 2321 1011 2388 illo
1031 2321 1221 2408 generaliteu

90 2414 337 2490 determinandam
356 2423 526 2491 eemumse.
570 2422 656 2489 Mihi
674 2422 781 2511 potius
800 2422 935 2499 videtur,
955 2425 1082 2512 quando
1101 2424 1220 2491 nedum

89 2514 114 2581 id
125 2521 231 2589 effabili
247 2527 375 2593 ratione
389 2526 531 2615 preditis
550 2524 696 2612 analogia
718 2527 825 2612 (juxta
843 2524 1060 2593 definitionem
1080 2524 1221 2613 aliquam

89 2619 202 2702 priorem
213 2626 257 2692 ita
269 2628 498 2711 denominatis)
520 2626 578 2693 sed
591 2626 767 2693 universim
781 2625 930 2693 omuibus
945 2627 1000 2707 ita,
1022 2626 1105 2693 sieut
1118 2626 1220 2709 innui,

91 2740 135 2804 Per
144 2737 253 2797 nature
266 2754 336 2799 suae
354 2731 576 2820 proprietatem
589 2728 768 2817 specialem,
789 2738 846 2796 aut
859 2752 915 2817 per
929 2728 1131 2819 adsumptam
1145 2730 1221 2797 eon-

94 2820 220 2897 ditiouem
236 2833 270 2900 in
283 2858 319 2903 se
334 2835 489 2901 eonnexis
507 2834 558 2899 bis
573 2834 699 2900 duobus
712 2834 840 2921 quantis
860 2832 895 2899 id
914 2834 1119 2923 oompeiiseet
1138 2835 1221 2901 aoei-

95 2922 158 3009 dfft,
174 2955 225 3020 per
241 2937 349 3026 ipsum
369 2938 573 3005 habitudines
590 2938 747 3032 rationum
770 2937 925 3026 ejusmodi
947 2937 1073 3027 quantis
1094 2960 1220 3027 eompa-

95 3034 203 3102 testium
216 3040 257 3107 ab
269 3042 347 3108 aliis
360 3040 561 3107 exisfimtsse
574 3038 836 3127 ffistinguendas3
860 3062 940 3127 quas
959 3041 1071 3108 merito
1090 3040 1220 3129 quidem

97 3133 198 3204 tudem
213 3144 263 3209 vel
281 3140 423 3232 aequales
441 3142 535 3224 dixit,
557 3142 708 3231 quoniam
730 3142 758 3209 si
777 3142 905 3230 quando
926 3146 1123 3231 contingeret
1137 3144 1221 3232 ejus-

97 3236 164 3303 ffltdi
180 3244 312 3315 ndouoe
333 3246 420 3314 idem
440 3266 637 3334 consequens
658 3244 785 3327 habere,
808 3245 862 3312 vel
883 3246 925 3313 ad
947 3247 1033 3315 idem
1058 3256 1221 3335 uteunque

98 3354 260 3431 assequens
272 3348 415 3417 revocari
428 3372 531 3439 posse,
546 3370 670 3437 semper
683 3348 826 3437 ipsarum
840 3349 1059 3417 antecedentes
1073 3349 1222 3437 adaequa·

98 3451 184 3511 rentur

149 3544 206 3617 Sed
223 3552 267 3621 ita
286 3554 395 3625 ioman
412 3562 521 3621 auctor
538 3552 672 3642 hujusce
690 3550 886 3621 definitionis
908 3551 1088 3619 ratiocinari
1106 3553 1220 3641 potuit,

100 3650 225 3723 demum
242 3660 349 3727 auimo
366 3678 508 3725 versare:
532 3678 551 3723 e
569 3658 700 3725 confusa
718 3654 1023 3744 proportionalitatis
1042 3653 1123 3737 idat,
1144 3676 1223 3745 quaa

101 3749 174 3817 Ἧι
184 3754 235 3824 illa
246 3761 404 3829 rationum
418 3782 577 3829 summam
596 3783 662 3848 pre
677 3782 711 3827 se
725 3760 786 3826 fert
801 3756 1053 3839 similitudinem,
1072 3759 1223 3849 perspicia

101 3852 140 3914 ω’
157 3866 363 3933 ammenta
382 3863 494 3932 eodem
515 3886 631 3951 genere
651 3864 783 3931 rationis
806 3862 902 3930 simul
927 3862 969 3929 ad
995 3872 1222 3950 consequentes

102 3950 195 4062 ’ῗῆῐὸ-
233 3966 366 4049 Quodsi
379 3966 631 4055 multiplieentur
650 3966 871 4035 anteoedentes
890 3962 1096 4054 pereundam
1111 3986 1222 4053 quem·

102 4044 163 4121 hbet
173 4083 338 4152 numerum,
356 4070 434 4137 satis
453 4070 584 4158 adparet
597 4066 680 4136 bane
699 4056 952 4149 similitudinem,
966 4066 1073 4157 quoad
1091 4066 1223 4137 rationis

104 4170 183 4234 imus
193 4173 554 4264 neutiqmm'immutam,
566 4195 666 4261 quum
680 4172 856 4238 hitermini
871 4171 1016 4239 similiter
1030 4170 1222 4241 adomscaut.

141 4487 204 4635 ΒΗοπ
214 4501 303 4563 mma
320 4524 378 4563 m
392 4508 439 4564 ms
455 4510 486 4564 te
502 4506 560 4565 ena
577 4506 737 4563 menime.

160 4625 166 4639 ·
177 4597 207 4647 u.
