3167 5192
335 404 396 471 162
667 412 853 464 nucrrouas
876 412 1150 463 uarnsrrarrcn.
1333 395 1441 483 [1111.
1457 412 1490 461 x.

398 584 463 653 Sed
484 608 535 651 me
556 585 663 651 nescio
684 605 756 671 quae
778 581 898 650 blanda
924 582 1016 650 Siren
1047 580 1262 671 quantumvis
1282 580 1490 668 refugientem

332 690 442 770 allicit,
464 699 496 755 et
517 688 655 777 scopulis
675 688 741 753 suis
761 687 902 767 affixum,
920 687 1067 753 cantibus
1087 686 1153 752 suis
1174 686 1331 751 irretitum
1354 686 1489 765 detinet3

332 794 373 859 ad
396 792 553 859 interioris
576 791 733 857 Mathesis
756 800 882 877 portum
904 790 985 856 velis
1009 790 1158 856 omnibus
1179 790 1338 877 remisque
1365 802 1491 855 conten·

332 896 419 962 denti
441 919 593 961 remoram
616 894 719 981 injicit
739 894 809 959 haec
831 892 935 979 qualis
957 893 1060 980 qualis
1086 892 1257 982 ἐξωτερικὴ
1279 893 1489 981 philosophia.

331 1001 380 1067 Ut
394 1001 477 1065 hanc
491 1000 532 1066 de
551 999 655 1087 spatio
675 997 892 1085 παρέκβασιν,
914 997 1010 1063 nimis
1031 997 1177 1084 equidem
1195 997 1354 1085 prolixam
1375 1010 1407 1063 et
1421 1020 1490 1084 sps-

330 1102 454 1184 tiosam,
478 1103 650 1191 aliquando
670 1101 827 1181 claudam,
849 1111 881 1166 et
901 1123 957 1167 ceu
977 1100 1112 1187 figuram
1132 1101 1277 1167 terminis
1296 1101 1491 1166 circumscri-

331 1208 416 1287 bam,
439 1207 569 1272 unicum
590 1203 786 1270 solummodo
809 1201 969 1289 proposito
990 1224 1061 1268 meo
1078 1201 1256 1269 conducens
1274 1203 1405 1291 insuper
1425 1227 1491 1269 mo-

330 1312 422 1390 nebo,
439 1310 524 1396 quod
539 1330 653 1395 nempe
667 1306 820 1394 quicquid
835 1305 967 1393 Physici
983 1315 1133 1387 statrrant,
1145 1306 1215 1373 haec
1229 1330 1325 1393 quam
1341 1308 1492 1373 hactenus

331 1412 482 1501 descripsi
498 1412 593 1500 spatii
608 1410 807 1499 concipiendi
817 1410 898 1476 ratio
910 1433 982 1476 cum
993 1410 1111 1498 optime
1124 1410 1268 1499 quadrat,
1281 1420 1351 1476 tum
1367 1412 1492 1477 abunde

329 1516 445 1582 suffieit
459 1514 657 1594 Geometris;
681 1513 709 1581 si
724 1512 803 1601 quid
817 1516 921 1603 majus
936 1513 1040 1581 inesse
1054 1514 1315 1603 deprehendatur,
1331 1523 1389 1581 ant
1403 1517 1492 1583 attri-

330 1619 446 1683 buatur
460 1616 519 1698 illi,
541 1616 725 1703 neutiquam
746 1614 781 1680 id
800 1614 841 1681 iis
862 1615 995 1697 officiet;
1019 1626 1068 1681 ast
1083 1617 1130 1681 nil
1150 1615 1287 1704 amplius
1302 1616 1491 1697 desiderant,

330 1744 426 1806 quam
441 1729 477 1785 ut
492 1718 568 1784 talis
582 1718 770 1784 concedatur
784 1717 994 1806 intercapedo,
1016 1724 1080 1805 qut
1093 1719 1203 1806 figurae
1222 1720 1491 1806 magnitudinum,

333 1823 432 1889 salvis
452 1823 519 1888 suis
538 1821 793 1910 proprietatibus,
814 1822 989 1914 incolumes
1008 1822 1187 1910 persistant,
1203 1832 1240 1888 ut
1254 1823 1305 1889 ha
1319 1847 1377 1911 per
1392 1826 1492 1913 possi-

330 1926 428 1993 bilem
444 1925 705 1989 annihilationem
720 1934 776 1989 aut
794 1924 1009 2005 remotionem,
1026 1948 1090 1991 non
1105 1925 1337 1991 confundantur
1351 1938 1409 1993 aut
1423 1952 1492 2017 per-

330 2036 504 2095 vertantur.
543 2025 583 2091 E.
596 2048 628 2112 g.
653 2024 689 2091 Si
705 2026 768 2091 duo
783 2026 893 2092 circuli
908 2026 961 2091 vel
975 2027 1045 2092 duae
1061 2028 1194 2115 sphaerae
1208 2050 1276 2093 sese
1291 2030 1489 2118 contingant,

328 2142 361 2197 et
374 2130 577 2217 accipiantur,
598 2141 634 2195 ut
654 2130 870 2217 supradictum
889 2142 948 2209 est,
969 2131 1031 2196 duo
1054 2142 1145 2197 entra
1164 2142 1344 2198 contactum
1365 2136 1414 2219 (in
1434 2138 1491 2202 cir-

328 2233 535 2300 cumferentia
557 2233 677 2313 circuli,
704 2233 757 2300 vel
784 2234 819 2299 in
849 2234 980 2323 sphaerae
1010 2236 1185 2323 superficie)
1213 2248 1339 2323 puncta,
1367 2238 1489 2326 flagitat

329 2335 511 2404 Geometria
525 2360 590 2402 non
604 2346 640 2403 ut
655 2336 763 2424 aliqua
776 2337 870 2403 realis
887 2348 919 2403 et
934 2338 1067 2404 actualis
1082 2338 1166 2405 linea
1181 2350 1265 2405 recta
1279 2340 1409 2407 duobus
1423 2344 1489 2409 istis

329 2441 456 2531 punctis
470 2441 664 2529 interjaceat,
683 2440 740 2506 scd
753 2450 878 2506 tanturn
894 2452 930 2507 ut
944 2442 1127 2530 potentialis
1142 2442 1287 2529 quaedam
1306 2444 1487 2526 intercedat,

327 2545 387 2613 hoc
401 2556 458 2627 cst,
474 2556 510 2610 ut
525 2545 633 2633 aliqua
653 2543 726 2610 duci
745 2543 799 2610 vel
814 2544 973 2632 interponi
988 2546 1097 2632 possit,
1116 2546 1168 2611 vel
1188 2556 1225 2612 ut
1244 2568 1312 2613 sese
1332 2570 1398 2614 non
1418 2572 1487 2615 eou-

325 2649 461 2735 tingant,
477 2649 635 2737 siquidem
651 2646 816 2735 repudiato
831 2647 890 2713 tali
905 2647 1074 2714 interstitio
1096 2650 1148 2715 vel
1163 2650 1287 2717 adserto
1301 2664 1484 2739 punctorum

326 2750 458 2816 istorum
473 2759 628 2830 contactu,
641 2748 829 2815 circulorum
845 2757 876 2814 et
891 2751 1086 2837 sphaerarum
1100 2761 1214 2817 natura
1226 2753 1403 2840 perimitur,
1418 2776 1486 2842 pro·

326 2854 476 2939 prietates
491 2852 732 2939 pessundantur.

392 2954 473 3021 Tale
495 2955 634 3043 spatium
653 2956 753 3042 igitur
769 2956 929 3043 indulgeri
947 2956 1041 3024 debet
1056 2958 1246 3041 (daemonis,
1265 2959 1407 3049 ipsorum
1426 2962 1481 3047 hy·

326 3056 512 3144 pothesibus
525 3057 807 3138 substernendum
824 3080 922 3145 eoque
936 3060 1039 3146 magis
1054 3062 1088 3128 id
1099 3062 1249 3149 quoniam
1261 3062 1476 3151 Congruentia,

328 3158 611 3239 commensuratio,
628 3159 836 3225 determinata
855 3159 986 3241 Positio,
1003 3162 1121 3245 Motus,
1134 3176 1166 3231 et
1182 3165 1253 3253 ipsa
1267 3167 1476 3253 quadantenus

327 3262 493 3351 Propertio
507 3262 764 3349 magnitudinum
782 3286 855 3330 cum
876 3287 913 3330 eo
933 3263 1099 3347 cohaerent,
1116 3290 1172 3355 por
1189 3270 1222 3335 id
1242 3271 1395 3359 explicari
1412 3293 1476 3358 pos·

326 3376 411 3433 suut.
455 3365 541 3432 Nam
561 3366 779 3454 Congruentia
796 3390 853 3455 per
870 3367 1012 3455 ejusdem
1027 3372 1123 3459 spatii
1137 3374 1379 3460 possessionem,
1394 3374 1475 3439 Men·

326 3472 443 3538 curatio
455 3495 511 3559 per
522 3470 764 3558 applicationem
775 3480 831 3535 aut
847 3471 1074 3539 successionem
1085 3496 1267 3562 congnram,
1282 3476 1476 3544 811111111-

325 3575 468 3655 minatio,
479 3574 659 3660 Motdsque,
669 3595 726 3661 per
735 3572 830 3659 spatii
841 3572 1047 3655 identitatem,
1058 3585 1089 3642 et
1098 3576 1314 3645 alterationem
1324 3578 1475 3646 commode
1564 3644 1565 3669 ,

326 3678 555 3757 describuntur,
576 3684 609 3741 et
623 3673 783 3762 quomodo
797 3675 933 3761 pendeat
948 3677 989 3743 ab
1005 3677 1064 3759 hia,
1086 3678 1137 3744 his
1157 3680 1327 3761 adhaereat,
1347 3706 1401 3770 per
1414 3682 1474 3747 hac
1564 3704 1565 3743 f

324 3783 499 3850 elucidetur
514 3780 689 3866 Proportio,
706 3776 839 3864 posthac
854 3778 960 3845 forsan
976 3784 1150 3869 apparebit.
1180 3784 1235 3850 Ex
1250 3786 1354 3869 dictis,
1365 3796 1401 3853 ut
1413 3786 1474 3850 hac
1564 3792 1565 3843 1

324 3884 597 3952 accommodemus
612 3880 758 3946 instituto
774 3888 892 3961 nostro,
912 3880 1021 3949 licebit
1037 3884 1264 3953 Mathematico
1283 3888 1364 3955 tales
1381 3888 1474 3975 hypo-
1564 3880 1565 3885 ¹

321 3988 426 4053 theses
452 3985 633 4075 procudere.
678 3982 822 4048 Ponatur
843 3982 904 4049 hoc
926 3994 982 4050 aut
1004 3986 1086 4053 illud
1109 3990 1248 4077 spatium
1274 4014 1367 4079 posse
1391 4012 1473 4057 orau-

321 4090 401 4176 pari,
421 4090 482 4155 hoc
495 4098 554 4168 est,
576 4086 663 4174 quod
676 4085 758 4150 inter
777 4083 944 4171 designata
962 4098 1089 4173 puncta,
1111 4089 1201 4158 datas
1216 4094 1403 4181 superficies,
1422 4114 1472 4157 er-

322 4193 426 4281 posita
439 4215 578 4279 corpora,
595 4192 679 4277 (quae
694 4210 808 4275 nempe
822 4200 949 4277 propter
963 4202 1084 4259 naturae
1100 4218 1165 4263 suaa
1179 4197 1409 4286 proprietatem,
1424 4206 1471 4262 aut

373 4424 434 4479 Our
451 4421 546 4477 notion
566 4418 673 4475 suffices
691 4419 735 4475 sor
756 4421 926 4481 Geometers

374 4511 459 4567 What
476 4508 550 4566 their
569 4505 716 4576 requisites
734 4523 789 4564 are.
