3167 5192
98 388 186 439 naor.
203 376 286 460 xta]
430 396 615 446 arenosas
638 396 911 447 naunsuarrcm.
1183 376 1247 444 187

95 560 229 644 percursi
244 562 464 647 magnitudine
482 566 557 649 (non
577 565 705 653 quidem
724 567 880 647 absoluta,
897 565 954 632 sed
972 562 1154 653 comparata
1170 584 1243 627 cum

95 663 328 749 magnitudines
337 667 416 753 patii
431 668 473 733 ab
487 668 550 734 alio
564 668 772 735 determinato
786 670 908 750 mobili,
920 668 977 738 Sol
991 692 1010 736 e
1023 667 1174 734 videlicet
1188 675 1246 731 aut

94 766 182 863 Luna
210 771 374 850 transacti,
401 771 461 836 hoc
484 782 541 853 est,
567 796 608 839 ex
634 774 855 859 magnitudine
876 773 972 862 spatii
994 780 1084 838 muto
1103 780 1245 859 tempore

94 870 218 955 peracti)
240 880 387 953 tanatum
409 874 563 962 parilique
583 900 625 942 ex
642 877 794 943 relatione
812 876 854 943 ad
875 877 972 964 spatii
990 874 1244 962 magnitudinem

94 971 227 1053 limitari,
251 978 410 1063 componi,
432 978 545 1059 dividi,
569 981 610 1045 ad
630 1004 811 1047 mensuram
833 981 940 1067 exigi;
963 979 1245 1068 quomodocunque

95 1077 261 1164 comparari
285 1079 375 1158 solet,
390 1102 493 1167 neque
511 1081 569 1146 vix
589 1082 680 1148 aliter
699 1093 803 1170 potest
817 1082 976 1148 aestimari.
1020 1080 1155 1146 Numeri
1169 1100 1245 1145 vcro

94 1178 171 1261 quod
185 1202 251 1245 non
266 1179 334 1245 alia
347 1180 468 1247 ratione
479 1206 575 1270 quam
586 1194 623 1249 ut
634 1185 780 1272 symbola
795 1184 1030 1271 magnitudines
1044 1180 1246 1269 designantia

95 1281 274 1365 quantitatis
297 1282 467 1372 participes
489 1296 564 1351 sunt
585 1297 618 1352 et
639 1286 858 1375 proportionis,
878 1286 1003 1352 abunde
1020 1286 1089 1372 jam
1111 1283 1247 1350 antchac
1364 1295 1369 1303 ⁴

94 1382 205 1449 dictum
221 1393 254 1449 et
269 1396 432 1451 ostensum
447 1399 496 1454 est
510 1389 613 1455 nobis.
658 1388 726 1455 Nec
741 1390 870 1455 omnino
885 1389 982 1469 solus,
998 1397 1030 1454 et
1044 1385 1246 1453 authoritatis

94 1488 277 1554 omnimodae
302 1490 452 1576 suffragio
475 1490 647 1557 destitutus
668 1491 737 1557 haec
758 1493 879 1557 affirmo
903 1491 1062 1578 (quamvis
1087 1512 1151 1555 non
1175 1511 1245 1554 raro

93 1610 164 1675 quas
177 1592 418 1677 pertractandas
432 1595 570 1682 suscipio
582 1594 781 1681 questiones,
794 1604 826 1661 et
839 1595 988 1661 materias
999 1593 1148 1660 distincte
1159 1588 1246 1679 quod

95 1692 182 1757 sciam
207 1694 403 1781 explicuerit
425 1718 527 1775 nemo,
551 1696 732 1782 soleamque
754 1696 840 1783 quod
864 1696 922 1761 ille
944 1695 1029 1760 dixit
1049 1694 1168 1761 Libera
1184 1716 1248 1781 per

95 1816 216 1861 causum
241 1796 379 1881 νωιιζοία
400 1798 650 1886 ponere-nullo
676 1798 741 1865 fere
765 1800 829 1865 vioe
854 1799 935 1865 duce
959 1798 1013 1864 vel
1038 1796 1162 1876 comite,
1189 1793 1245 1882 qui

95 1896 209 1963 molesti
223 1922 282 1986 per
301 1899 395 1966 hasce
411 1900 551 1967 salebras
569 1902 690 1968 itineris
710 1902 841 1969 taedinm
860 1902 1047 1982 consoletur,
1063 1921 1127 1988 quo
1140 1897 1245 1984 magis

96 2000 333 2067 condonandum
357 2002 410 2081 sit,
437 2003 463 2069 si
488 2025 716 2090 nonnunquam
742 2004 896 2092 cespitare
920 2004 1039 2083 videar,
1064 2012 1120 2067 aut
1144 2000 1245 2087 impe·

97 2100 183 2171 ditius
202 2106 384 2193 procedere,
406 2108 453 2191 ac)
477 2109 589 2175 saltem
609 2110 643 2174 iu
666 2109 725 2174 hac
746 2132 779 2175 re
802 2110 977 2198 principem
999 2108 1116 2174 habere
1136 2105 1248 2172 videor

99 2208 316 2294 astipulantem
336 2221 369 2277 et
386 2212 609 2299 praecinentem
630 2214 709 2278 mihi
729 2212 970 2301 Philosophum,
986 2212 1077 2299 cujus
1096 2210 1166 2276 haic
1185 2208 1246 2274 im·

99 2309 197 2393 primis
217 2312 342 2379 alicubi
360 2313 511 2400 leguntur
530 2316 637 2395 verba,
653 2326 795 2381 nostram
813 2315 849 2381 in
866 2338 932 2381 rem
953 2313 1031 2380 satis
1049 2310 1244 2390 luculenta¹;

100 2408 182 2479 Ἕοτεὶ
201 2415 235 2480 δὲ
255 2416 295 2482 τὸ
316 2414 499 2500 κινὸύμενον
517 2422 649 2483 κινεῖται
669 2416 706 2484 ἔκ
722 2444 808 2487 τινος
826 2418 871 2487 εἷς
889 2442 930 2491 τι,
951 2416 1006 2481 καὶ
1023 2418 1092 2481 πᾶν
1113 2413 1246 2498 μέγεθος

101 2516 228 2603 συνεχὲς,
249 2516 426 2585 αἰιολονθεῖ
449 2522 496 2606 τῷ
519 2518 646 2603 μεγέθει
670 2518 691 2601 ἦ
717 2518 854 2599 κίνησις·
881 2516 934 2583 διὰ
958 2517 1022 2605 ιγὰρ
1052 2514 1090 2582 τὸ
1113 2514 1246 2599 adredus

102 2614 170 2683 εἶναι
193 2622 331 2711 συνεχὲς
356 2621 411 2687 sal
434 2621 456 2704 ἡ
482 2623 606 2704 κίνησίς
634 2623 706 2688 ἐστι
732 2620 880 2710 συνεχὴς,
903 2620 957 2687 διὰ
982 2619 1017 2686 δὲ
1041 2620 1100 2703 τὴν
1121 2618 1247 2700 admota

101 2720 147 2785 nat
168 2720 184 2787 d
208 2723 339 2811 χρόνος·
370 2722 433 2805 ’ὅση
458 2724 523 2812 «γὰρ
548 2723 569 2806 ἦ
596 2724 720 2806 κίνησις
745 2726 902 2795 τοσοῦτος
926 2722 981 2789 nul
1007 2722 1024 2789 ὁ
1052 2721 1168 2811 χρόνος
1196 2718 1247 2787 del

102 2818 175 2890 δοκεῖ
185 2827 364 2909 ιγε’γονένιιι·
390 2826 481 2893 τὸδὲ
500 2826 538 2910 δὴ
556 2828 712 2914 πρότερον
732 2825 787 2891 καὶ
809 2824 944 2913 ὕστερον
959 2826 994 2893 ἐν
1014 2824 1107 2913 τθπῳ
1117 2827 1247 2910 πρῶτον

103 2922 190 2991 ἔστιν·
218 2928 360 2995 &nawa
381 2929 490 3013 μέντοι
518 2933 558 3015 τῇ
588 2928 684 2996 θέσει.
739 2927 835 2995 Ἐπεὶ
855 2927 883 2996 δ’
906 2931 940 2996 ἐν
960 2933 1007 3018 τῷ
1026 2927 1152 3013 μεγέθει
1174 2926 1248 2994 ἔστι

104 3025 135 3091 td
155 3030 310 3121 πρότερον
335 3032 390 3099 eal
416 3032 454 3099 τὸ
483 3031 626 3121 ὕστερον,
654 3032 777 3117 ἆνᾶιγκη
807 3034 863 3099 καὶ
890 3035 926 3100 ἐν
949 3034 1073 3117 κινήσει
1100 3031 1181 3099 εἶναι
1208 3029 1247 3098 τὸ

103 3130 244 3223 πρότερον
265 3136 324 3202 scal
345 3136 383 3203 τὸ
406 3134 550 3223 ὕστερον,
574 3134 735 3220 ἀνάλογον
756 3143 823 3208 τοῖς
840 3138 917 3204 ἐκεῖ·
940 3136 1031 3204 ἀλλὰ
1051 3134 1115 3220 μὴν
1136 3135 1191 3201 καὶ
1213 3134 1247 3201 ἒν

105 3237 143 3320 τῷ
160 3238 261 3326 χρόνῳ
280 3240 359 3307 ἐστί
378 3237 416 3305 τὸ
439 3238 597 3327 πρθιερον
619 3240 673 3305 sal
697 3238 833 3327 ὕστερον
853 3238 907 3307 διὰ
927 3240 965 3307 τὸ
989 3238 1178 3306 ἀκολουθεῖν
1196 3236 1247 3304 ἀεὶ

106 3332 213 3427 θατέρῳ
225 3341 362 3429 θάτερον
376 3340 494 3408 αὐτῶν·
508 3341 569 3407 hoc
583 3352 639 3421 est,
652 3341 854 3429 explanatius
869 3343 1050 3429 aliquant03
1072 3342 1150 3408 Cam
1160 3343 1248 3429 quic·

106 3440 172 3521 qaid
182 3460 318 3511 mouetur
338 3444 377 3510 ab
391 3445 455 3509 also
476 3446 604 3510 termeito
622 3444 668 3509 ud
685 3444 823 3531 aliquem
840 3445 1005 3510 terminum
1015 3455 1247 3530 provocemur,

107 3546 231 3611 umas
246 3546 432 3633 maqac’tado
451 3547 597 3612 conticeo
616 3547 669 3627 sit,
685 3546 931 3633 muqaitudiaem
950 3557 1073 3610 eotenus
1092 3546 1248 3632 consequi·

109 3652 149 3707 tur
161 3662 264 3716 νιοιιιι.
319 3650 364 3716 Ob
385 3650 615 3736 mapnitada‘aei
636 3650 751 3738 ququape
773 3650 1004 3716 emanaturam
1025 3649 1186 3714 scateam
1204 3663 1249 3715 eat

108 3762 199 3831 motus,
214 3766 241 3819 ot
249 3766 385 3842 propter
397 3766 513 3820 motam
531 3767 649 3841 tempas
670 3778 786 3841 quoquc
805 3755 984 3821 continuam
1002 3766 1055 3819 ιιι.
1106 3753 1248 3833 antus

109 3852 176 3917 aaa
199 3857 303 3922 astitit
324 3869 433 3936 motus,
460 3868 580 3921 tontum
604 3880 722 3943 quoque
749 3869 867 3945 tompus
883 3869 1033 3945 perpetuo
1057 3854 1180 3921 miletus·
1203 3856 1249 3943 ef·

104 3950 229 4033 flocum.
273 3959 371 4025 Prsia
395 3970 499 4025 uatem
526 3972 555 4024 et
576 3960 734 4048 posterius
758 3961 861 4048 epatu
881 3961 1036 4047 primatus
1065 3960 1181 4038 ιἰιινιιι,
1210 3982 1250 4025 οι·

111 4054 220 4125 disereti
230 4065 372 4149 partiam
386 4063 452 4150 ejus
463 4062 631 4151 positione:
653 4086 780 4150 cumque
794 4063 1010 4151 maqaitads'm‘
1020 4064 1097 4130 iacit
1107 4064 1250 4152 partium

112 4160 183 4239 ordo,
206 4167 302 4232 motui
321 4188 438 4253 quoque
463 4166 633 4231 neceoeort'o
659 4166 764 4246 inerit,
791 4165 950 4252 aaulopr’ce
974 4164 1158 4254 respondens
1183 4166 1247 4235 illi.

581 4298 590 4330 1
608 4296 683 4362 νιψ.
695 4310 733 4347 1v.
746 4296 786 4347 se.

159 4484 304 4548 Confirmed
321 4494 393 4549 from
412 4494 548 4551 Aristode
565 4493 593 4549 in
611 4492 655 4549 his
672 4490 804 4563 Physica
