3167 5192
117 382 221 433 aran.
239 367 334 454 rra]
466 385 654 437 semiesas
676 384 951 437 manuninum.
1232 368 1299 437 303

117 553 329 641 majoritatis,
345 562 402 620 ant
421 558 582 636 excessus,
602 562 660 622 ant
677 554 904 643 inaequalitatis
919 553 1048 641 majoris
1069 554 1217 636 rationes,
1235 552 1297 621 hoe

119 670 183 743 eat,
201 660 346 727 rationes
367 659 525 747 majorum
550 669 741 749 quantorum
759 660 802 729 ad
825 670 945 749 quanta
963 660 1098 726 minora.
1143 658 1226 727 Hoec
1246 668 1297 726 est

126 764 290 831 rationum
304 762 410 852 prima
423 762 550 830 divisio.

191 865 303 932 Aliter
312 876 419 933 autem
430 864 697 948 dividitur‘rati0;
716 865 782 953 (vel
795 865 1021 954 inaequalitatis
1036 866 1198 947 retiquae
1211 865 1297 934 enim
1363 894 1366 901 ¹

124 970 264 1036 intereat
276 978 384 1035 utrum
404 968 485 1034 ratio
511 968 557 1035 sic
581 968 757 1063 universim
776 968 830 1035 vel
855 968 1044 1055 singillatim
1068 968 1294 1055 inaequalitatis

123 1072 209 1138 ratio
227 1070 421 1156 dividatur3)
444 1070 544 1153 aliter,
559 1071 702 1158 inquam,
720 1071 802 1137 ratio
817 1070 982 1152 dividitur,
997 1069 1149 1138 intuendo
1164 1081 1298 1159 quanto·

124 1197 200 1241 rum
228 1174 295 1239 ista
318 1182 545 1262 symptomata,
571 1174 665 1241 nobis
684 1173 754 1260 jam
776 1182 852 1241 ante
878 1173 1099 1260 quadantenus
1123 1172 1294 1262 explicata,

123 1278 353 1366 symmetriam
367 1277 439 1343 dico
452 1285 486 1344 et
499 1276 749 1363 asymmetriam.
794 1274 880 1343 Nam
896 1278 972 1364 quia
987 1278 1194 1345 terminorum
1215 1277 1298 1344 inter

124 1404 163 1447 se
184 1390 444 1469 comparatorum
473 1378 574 1467 aliqui
603 1379 769 1466 symmetn'
797 1379 852 1447 vel
879 1380 1180 1448 commensurabiles
1210 1389 1296 1463 sunt,

124 1484 191 1550 hoc
206 1493 268 1564 cst,
287 1482 398 1548 eodem
418 1492 538 1570 quanto
563 1481 661 1549 semel
686 1491 743 1548 aut
768 1480 936 1569 aliquoties
958 1492 1087 1570 accepto
1109 1482 1295 1564 mensurari,

124 1586 289 1674 complete
314 1585 426 1667 dividi,
452 1584 580 1672 penitus
608 1583 782 1665 exhauriri,
813 1583 955 1671 adeoque
982 1583 1125 1649 numeris
1154 1594 1297 1650 accurate

124 1690 273 1779 exprimi
285 1697 438 1777 possunt3
461 1688 519 1755 elii
532 1710 608 1755 vero
631 1687 759 1755 termini
784 1694 861 1753 sunt
883 1687 1079 1774 asymmetri,
1102 1687 1155 1754 vel
1177 1686 1299 1754 incom-

124 1792 372 1874 mensurabiles,
402 1792 464 1858 boe
492 1801 551 1873 est,
574 1792 665 1858 nulle
690 1790 852 1857 communi
882 1796 1031 1857 mensura
1058 1790 1297 1874 mensurabiles,

125 1896 223 1963 nulla
235 1903 327 1984 parte
340 1894 484 1982 aliquota
496 1893 608 1960 eedem
623 1892 808 1980 gaudentes,
819 1901 852 1959 et
861 1893 993 1981 proinde
1008 1894 1053 1960 sic
1068 1894 1183 1976 affecti,
1198 1894 1297 1961 nullis

126 2009 166 2065 ut
197 1998 338 2065 numeris
371 1996 495 2084 possint
523 1996 670 2083 exprimi,
699 1996 754 2064 vel
785 1995 922 2083 perfecte
950 1998 1186 2086 repraesentem
1221 1996 1297 2064 hinc

127 2100 271 2187 emergit
284 2099 400 2165 divisio
413 2098 546 2164 rationis
563 2098 598 2163 in
617 2097 779 2165 effabilem
796 2108 829 2165 et
847 2098 1052 2182 ineffabilem,
1077 2098 1179 2183 λόγον
1201 2097 1298 2187 ῥητὸν

129 2213 165 2269 et
180 2201 284 2284 λόγον
298 2199 448 2288 ἄῤῥητον.

200 2303 273 2371 Ubi
300 2312 409 2369 tamen
431 2300 608 2369 notandum
631 2300 718 2390 quod
746 2300 798 2367 hae
826 2323 920 2369 voces
952 2301 1060 2389 (ῥητὰς
1084 2303 1232 2391 diderat)
1256 2304 1299 2373 ab

131 2406 274 2474 Euclide
287 2405 324 2471 in
340 2406 510 2473 Elemento
526 2424 563 2473 x.
583 2404 680 2492 paulo
701 2404 804 2471 secius
822 2413 1035 2492 usurpantur3
1054 2426 1127 2471 cum
1141 2406 1228 2473 enim
1242 2407 1299 2473 ed·

130 2517 274 2576 verteret
294 2507 447 2575 Euclides
468 2506 614 2595 expositi
632 2506 748 2594 queris
768 2510 856 2572 recta
877 2504 973 2589 linea,
992 2509 1100 2594 (quam
1121 2508 1221 2595 ῥητὴν
1242 2532 1300 2577 vo-

131 2610 233 2692 cavit,
254 2618 365 2698 utpote
383 2608 526 2697 quolibet
550 2608 592 2675 ed
610 2606 779 2676 arbitrium
801 2628 933 2674 numero
956 2608 1225 2676 denominabilem
1245 2613 1299 2681 vel

133 2713 321 2798 effabilem)
337 2736 411 2781 cum
424 2711 484 2778 illa
499 2720 696 2799 comparatas
715 2708 818 2777 lineas
839 2710 875 2775 in
892 2710 1017 2799 triplice
1030 2710 1210 2780 differentia
1229 2738 1300 2783 ver·

134 2818 220 2899 sari;
244 2816 323 2883 alias
346 2838 461 2904 nempe
484 2813 686 2901 longitndine
710 2834 784 2880 eum
806 2812 864 2879 illa
890 2816 1188 2884 commensurabiles
1209 2840 1297 2900 esse3

136 2920 218 2987 alias
240 2942 316 2987 vero
336 2917 441 3007 quoad
458 2915 690 3003 longitudinem
712 2914 842 3002 quidem
863 2916 1197 2989 incommensurabiles
1219 2922 1297 3005 dari,

137 3025 186 3090 sic
199 3032 307 3089 tamen
320 3030 358 3087 nt
370 3020 511 3108 ipsarum
530 3016 686 3106 quadrata
703 3020 1001 3087 commensurabilia
1022 3022 1096 3105 sint,
1111 3032 1145 3090 et
1158 3026 1298 3095 numeris

136 3123 397 3205 denominabilia,
422 3144 514 3189 veras
536 3120 678 3209 ipsorum
699 3120 741 3187 ad
766 3122 920 3210 expositae
946 3124 1134 3211 quadratum
1160 3129 1298 3196 rationes

137 3226 367 3296 exhibentibus
380 3224 626 3313 perfectissime,
648 3222 729 3289 alias
748 3232 855 3291 autem
874 3227 1051 3315 complures
1069 3251 1135 3295 nou
1155 3229 1298 3318 longitu-

138 3332 216 3399 dine
228 3338 356 3397 tantum
375 3328 439 3418 ipsi
456 3326 622 3415 expositae,
637 3325 694 3393 scd
711 3327 855 3415 potentie
875 3350 1001 3416 quoque
1020 3330 1093 3416 (hoc
1107 3340 1165 3413 est,
1185 3352 1297 3399 secun·

136 3436 218 3503 dum
242 3433 383 3522 ipsorum
411 3431 567 3519 quadrata
591 3430 745 3518 exposita
770 3430 938 3519 quadrato)
967 3432 1299 3501 incommensurabilis

137 3561 228 3621 ease3
258 3536 330 3617 boc,
355 3535 497 3623 inquam
524 3556 598 3601 cum
622 3534 809 3615 adverteret,
831 3534 972 3622 priorum
990 3534 1125 3601 duorum
1146 3556 1298 3622 genemm

136 3644 242 3710 linem
256 3640 417 3730 appellare
429 3638 532 3705 voluit
552 3637 665 3726 ῥητός·
687 3638 750 3705 hoc
771 3647 831 3721 est,
852 3638 1073 3727 quadantenus
1094 3649 1127 3707 et
1146 3639 1299 3729 qualiter·

136 3768 266 3835 cunque
278 3742 516 3834 exprimibiles3
537 3750 573 3809 at
584 3740 736 3830 postremi
754 3743 881 3830 generis
900 3742 1002 3811 lineas
1018 3744 1147 3811 vocavit
1161 3742 1299 3828 αἺώγους

138 3850 193 3919 rel
221 3848 388 3937 ἇῤῥήτους,
413 3846 475 3913 hoc
500 3854 559 3929 est,
586 3844 768 3913 nullatcnus
792 3844 1010 3935 explicabiles,
1041 3854 1097 3915 aut
1121 3845 1298 3915 ineffabiles

139 3974 291 4022 numeras.

206 4055 323 4143 Itaque
356 4051 530 4121 secundum
565 4049 734 4118 Euclidem
763 4058 956 4140 asymmetra
990 4050 1145 4121 nonnulla
1179 4062 1299 4142 quanta

140 4156 292 4226 ridentur
300 4155 417 4224 babere
430 4152 531 4251 abana
544 4151 642 4240 ῥητὸν
655 4152 739 4219 inter
752 4175 803 4234 se;
822 4154 863 4241 (si
877 4154 961 4221 enim
972 4164 1092 4243 quauta
1104 4156 1176 4246 ipsa
1190 4155 1298 4224 dican·

141 4272 194 4329 tur
207 4258 357 4339 effabilia,
373 4265 598 4343 consequenter
612 4254 752 4342 ipsorum
769 4255 850 4321 ratio
870 4254 964 4323 fuerit
981 4258 1117 4327 effabilis
1126 4257 1148 4345 3)
1167 4256 1296 4341 hebent,

195 4494 293 4552 Moe
320 4496 556 4555 commensumble
585 4497 641 4553 aud
669 4498 938 4557 incommensurablo.
