3167 5192
106 368 196 415 nair.
211 351 319 435 xxia]
440 369 627 419 caenosas
649 368 923 421 nnrnnnnrrcm
1193 360 1261 427 1355

103 564 147 607 eo.
192 542 275 622 Quae
289 542 433 610 definitio
447 567 510 610 non
525 544 588 610 nisi
605 566 741 611 crassam
764 554 796 611 et
817 544 980 612 confusam
1002 540 1166 634 ingenerat
1187 572 1261 636 pro·

102 645 348 730 portionalitatis
372 645 496 728 idaeam,
523 648 603 714 nulli
629 648 830 736 procreandae
852 648 1048 715 conclusioni
1073 672 1181 737 parem
1204 664 1260 720 ant

102 747 258 815 idoneam.
303 750 433 835 Anceps
447 750 534 816 enim
548 760 581 817 et
595 752 727 817 obscura
740 751 866 838 phrasis
881 762 938 832 est,
959 753 1060 818 eodem
1079 755 1168 820 modo
1187 778 1259 821 ooa-

101 852 201 927 tiaere,
217 875 323 940 neque
336 858 454 933 rerem,
469 854 532 920 nisi
546 877 603 943 per
616 854 712 920 aliam
727 854 943 921 definitionem
957 855 1121 937 limitetis,
1137 857 1259 945 aliquid

100 953 248 1020 distincte
274 956 468 1041 significans.
513 956 611 1021 Multi
636 957 722 1021 modi
748 965 822 1022 sunt
847 956 1046 1044 aliquatenus
1074 958 1172 1025 iidem
1200 964 1258 1027 τοῦ

100 1058 278 1138 continere3
308 1060 429 1145 majora
454 1058 604 1146 quaelibet
629 1059 793 1125 continent
818 1059 941 1125 minora
969 1061 1080 1129 eodem
1109 1068 1257 1129 excesstis

99 1159 208 1239 modo;
232 1160 407 1248 inaequalia
428 1162 490 1228 duo
513 1161 635 1248 quaeris
656 1161 767 1228 eodem
790 1162 1015 1249 inequalitatis
1036 1164 1131 1231 modo
1153 1188 1187 1231 se
1208 1190 1257 1233 re·

99 1262 235 1347 spiciunt
250 1286 314 1351 qno
329 1264 393 1328 alia
404 1264 483 1331 bina
496 1263 676 1351 inequalia.
702 1263 791 1351 Ergo
802 1264 865 1329 nisi
875 1288 931 1351 per
942 1265 1070 1352 aliquod
1081 1268 1256 1335 restrictius

99 1372 129 1427 et
148 1365 267 1430 certius
290 1366 442 1431 indicium
465 1365 649 1446 declaretur,
671 1365 798 1451 quid'
773 1376 814 1431 sit
801 1366 946 1433 teodem
968 1369 1061 1433 modo
1084 1369 1254 1453 continere,

99 1491 245 1553 quanam
260 1468 348 1534 modi
362 1468 544 1555 designetur
557 1468 612 1533 hic
626 1466 785 1550 identitas,
801 1478 834 1535 et
849 1469 980 1557 proinde
995 1471 1073 1557 qnid
1088 1472 1130 1538 sit
1149 1494 1255 1559 aequa·

100 1570 168 1635 litas
182 1570 345 1635 rationum
360 1570 576 1657 ignorabimus
592 1580 648 1635 ant
661 1570 870 1657 ambigemus.

158 1672 208 1739 Ut
235 1672 331 1737 alia'
316 1696 386 1759 Jam
410 1676 593 1760 praeteream
616 1673 825 1753 incommoda,
861 1673 978 1760 quibus
1005 1674 1066 1741 ista
1088 1672 1255 1764 subjicimr

99 1775 257 1843 definitio:
288 1777 383 1842 unica
408 1787 550 1863 superest
572 1777 726 1864 exceptio,
751 1799 816 1864 prae
842 1776 972 1863 reliquis
998 1778 1138 1845 maxime
1162 1779 1254 1867 plan-

100 1879 206 1961 sibilis,
225 1890 258 1945 et
272 1880 324 1944 cni
341 1902 451 1945 vereor
467 1901 508 1943 ne
527 1879 654 1967 penitus
676 1878 883 1965 expedienda
905 1902 969 1945 non
991 1880 1070 1962 sim;
1093 1904 1157 1947 non
1179 1881 1256 1969 quia

99 2003 248 2068 magnam
273 1982 341 2047 vim
368 1982 466 2047 habet
493 1982 528 2046 in
558 2004 600 2061 se,
627 2003 738 2047 verum
764 1982 840 2067 qnia
864 1982 1035 2049 multorum
1061 1982 1254 2073 prejudiciis

100 2081 187 2163 iavet,
219 2092 252 2149 et
277 2083 491 2171 patrocinatur
519 2081 675 2170 ignaviae:
705 2082 757 2148 his
782 2083 824 2148 ab
849 2105 887 2149 eo
912 2085 1018 2151 verbis
1047 2086 1252 2174 proponitur;

102 2186 248 2273 Decipe,
263 2199 299 2250 at
311 2185 376 2250 arbi
394 2198 567 2250 constarent
587 2187 703 2264 amaia,
720 2198 822 2251 tanton
843 2184 899 2251 itte
919 2186 1144 2276 multiplicitate
1167 2188 1254 2275 totp-

102 2291 220 2355 rintiraa
237 2289 326 2368 mebi,
342 2289 474 2375 aditique
491 2311 611 2376 semper
628 2286 800 2375 displicuit,
817 2301 845 2354 et
865 2292 1026 2376 tyronibus
1043 2314 1162 2379 semper
1176 2291 1255 2378 pla-

101 2394 210 2459 rimam
216 2393 380 2478 facessivit
392 2392 517 2478 aepotii,
532 2416 662 2479 qaorum
675 2392 723 2457 ita
736 2391 920 2479 pleramque
936 2406 1047 2459 mester
1062 2395 1201 2473 intricat,
1217 2406 1252 2459 at

99 2496 214 2561 raitam
227 2497 284 2562 aaa
297 2496 463 2583 reperiant.

160 2596 257 2678 Quod
270 2597 405 2685 capitale
419 2598 537 2663 crimen
551 2606 589 2664 nt
606 2597 806 2685 aliquatenus
826 2597 958 2663 amoliar
976 2608 1070 2685 atque
1085 2597 1252 2685 depellam,

101 2703 268 2790 respondeo
281 2702 394 2790 primo,
409 2702 639 2790 dispiciendum
654 2724 724 2767 esse
741 2701 858 2787 quibus
878 2722 919 2766 ex
939 2702 1043 2768 causis
1062 2702 1125 2768 ista
1144 2702 1254 2769 multis

103 2803 174 2870 adeo
198 2802 364 2869 fastidiosa
389 2826 485 2890 quam
511 2804 688 2870 obtendunt
716 2803 910 2892 perplexitas
938 2804 1074 2886 oriatur;
1105 2828 1182 2870 num
1211 2828 1254 2872 ex

103 2907 207 2995 reipsa,
234 2930 306 2993 qnae
331 2906 574 2972 commodiorem
600 2906 723 2971 nnllam
753 2917 809 2971 aut
834 2906 997 2973 clariorem
1023 2908 1252 2997 expositionem

104 3014 261 3096 admittat3
284 3014 397 3081 velex
416 3014 622 3101 interpretum
640 3014 770 3093 incurii,
787 3014 842 3102 qui
862 3016 1023 3082 nonsatis
1042 3017 1125 3083 hanc
1144 3015 1257 3081 defini·

103 3116 210 3184 tionem
228 3116 404 3206 perspicuis
423 3116 580 3204 exemplis
599 3116 807 3196 elucidarium
830 3140 872 3181 an
887 3140 928 3183 err
944 3117 1132 3184 discentium
1148 3118 1251 3206 culpa,

104 3220 152 3305 qni
164 3222 346 3309 prinsquam
361 3219 502 3284 animum
517 3217 710 3285 adverterint
725 3218 845 3300 sedulo,
862 3220 1004 3307 serioque
1018 3221 1251 3309 perpenderint,

105 3322 221 3389 fastidio
236 3322 369 3410 correpti
384 3322 600 3388 difficultatem
616 3323 678 3388 sibi
692 3322 852 3410 quandam
870 3323 1117 3410 insuperabilem
1136 3323 1253 3409 imagi-

105 3440 209 3493 nantur
222 3438 255 3493 et
268 3425 468 3515 persuadent.
514 3424 552 3493 si
567 3424 645 3512 quid
660 3425 772 3491 horum
788 3426 822 3489 in
838 3432 934 3492 causa
948 3425 999 3505 sit,
1016 3436 1052 3491 ut
1070 3433 1153 3490 certe
1170 3423 1251 3489 mihi

105 3542 287 3617 compertum
316 3539 365 3595 est
391 3528 461 3593 haec
489 3528 596 3593 omnia
624 3527 771 3593 nonnihil
800 3528 947 3608 conferre,
979 3549 1041 3615 quo
1070 3525 1252 3614 perplexior

104 3633 238 3700 rideatur
260 3634 331 3699 haec
354 3632 507 3712 definitio,
532 3631 745 3697 absolvendus
770 3641 819 3697 est
844 3640 961 3711 auctor,
985 3630 1120 3718 aliisque
1146 3630 1249 3697 causis

105 3730 155 3802 hoc
166 3736 320 3825 quicquid
333 3746 382 3802 est
396 3734 497 3823 cnlpae
511 3733 743 3823 imputandum.
788 3733 855 3800 Res
871 3734 942 3821 ipsa
960 3734 1087 3822 penitus
1105 3735 1248 3800 excusari

102 3840 210 3925 nequit,
237 3862 310 3925 quae
334 3846 462 3925 propter
487 3836 724 3923 asymmetriam
748 3846 939 3923 quantorum
964 3836 1071 3923 aliqut
1096 3836 1248 3923 peculiari

105 3937 275 4008 difficultate
290 3942 432 4021 laborat;
455 3940 501 4005 sic
515 3950 551 4006 ut
565 3963 658 4007 nemo
672 3963 736 4006 non
754 3939 888 4006 arduum
908 3962 978 4006 esse
996 3940 1139 4022 fateatur,
1155 3942 1249 4008 affec·

146 4213 267 4269 Which
258 4232 283 4269 rs
297 4214 372 4269 looee
386 4213 441 4269 a'nd
457 4214 578 4269 obscure.

146 4299 205 4371 Obj.
229 4300 303 4357 litat
314 4300 364 4355 the
376 4300 456 4355 Dei.
448 4318 472 4354 rs
483 4318 500 4355 a
511 4300 651 4371 labyrinth
662 4300 751 4356 which
762 4300 914 4371 diaplesaes
925 4301 1047 4357 lcarners
1058 4298 1113 4356 and
1124 4299 1226 4355 others.

147 4389 212 4442 Ana
247 4386 300 4442 We
316 4390 391 4441 must
408 4386 534 4442 consider
545 4387 607 4457 why
620 4386 644 4441 it
660 4386 819 4456 displeaaes.

147 4472 202 4529 l'he
213 4491 275 4529 case
286 4474 318 4529 of
326 4472 604 4529 incommensurables
615 4475 715 4528 cannot
726 4472 762 4529 be
774 4472 856 4528 made
869 4490 933 4544 vary
946 4472 1052 4544 simple.
