3167 5192
105 387 190 438 nect.
204 370 329 458 mm]
432 387 619 440 nncrroura
640 386 915 438 nnrnnnnrrcra
1188 365 1255 434 375

163 556 320 637 Breviter,
349 579 422 645 quaa
451 566 562 624 contra
586 557 742 646 Tacqueti
766 558 953 626 methodum
978 557 1143 644 dinpntah
1170 565 1255 638 aunt,

105 659 247 726 adversm
260 659 350 726 hanc
362 681 452 747 reque
465 659 617 740 militant,
634 661 676 727 ab
690 665 730 726 ea
742 661 802 727 rix
816 671 872 728 aut
885 682 927 727 nc
940 659 999 729 rix
1014 659 1122 748 reipsa
1138 659 1257 727 ducre-

106 771 236 848 panum.

163 861 228 930 Sed
244 863 334 930 onim
348 863 446 930 aliam
464 863 634 952 praelarus
654 865 740 934 idern
760 865 812 932 vir
832 865 1050 933 definitionem
1068 864 1192 945 innuit3
1218 864 1260 932 St

105 967 169 1053 quia
189 966 322 1053 (inquit)
345 979 447 1034 nmen
466 967 576 1034 muer
593 966 765 1052 affectabam
783 967 920 1056 dacique
938 993 1024 1056 opiam
1042 969 1080 1034 ia
1098 967 1258 1034 armiliam

106 1070 258 1150 odouacro,
278 1095 341 1157 quo
362 1071 637 1138 demomtrotaimaa
658 1071 845 1138 commodior
858 1072 1041 1160 procedunt,
1064 1095 1117 1159 eqo
1138 1070 1258 1138 nullom

99 1174 434 1262 potrorarrnooihuo;
455 1174 1256 1266 aiquotuorquontitoteaflrarintpropombnolea,

98 1275 1084 1365 Jhdmnudamm'aoeqauturfoatoamedirir,etcontro.
1129 1279 1258 1366 Dequo

106 1379 181 1444 nihil
207 1381 351 1469 amplius
376 1381 490 1461 dicam,
516 1404 615 1469 qnam
639 1382 835 1470 propositam
857 1384 952 1450 istam
974 1384 1173 1451 affectionem
1193 1405 1259 1450 non

106 1505 168 1550 eane
179 1483 375 1570 generalem,
389 1493 423 1551 et
436 1484 725 1572 proportionalibus
738 1485 848 1572 (juxta
861 1509 977 1554 nomen
991 1487 1164 1576 receptum)
1178 1486 1260 1552 adae-

107 1595 240 1672 quatum.
287 1586 414 1652 Ductus
428 1586 516 1667 enim
530 1595 564 1652 et
576 1585 802 1673 multiplicatio
816 1588 956 1654 numeria
970 1588 1006 1654 in
1020 1611 1065 1668 ae,
1079 1588 1133 1654 vel
1148 1588 1183 1653 in
1196 1587 1261 1654 alia

110 1700 221 1774 quanta
233 1689 365 1778 proprie
379 1689 458 1756 solia
469 1690 636 1771 convenit3
658 1690 804 1778 proxime
823 1713 880 1779 per
898 1690 1141 1757 similitudinem
1160 1713 1261 1778 quan·

110 1790 176 1858 dnm
189 1792 284 1860 lineis
299 1793 337 1858 in
350 1815 394 1874 ae,
415 1793 471 1860 val
483 1793 519 1859 in
537 1792 719 1881 superficies
737 1816 793 1881 per
812 1803 935 1860 motum
954 1793 1150 1881 parallelum.
1196 1791 1262 1862 Sed

114 1891 207 1960 lineae
226 1895 262 1960 in
279 1915 421 1980 corpora,
444 1892 584 1981 pondera
596 1894 633 1958 in
642 1903 785 1982 tempora
799 1893 873 1960 duci
887 1917 943 1961 eeu
957 1893 1174 1981 multiplicari,
1188 1895 1262 1983 quia

113 1996 309 2084 conceperit?
352 1996 427 2065 Sint
448 1997 511 2064 duo
531 1997 671 2085 pondera
693 1998 737 2079 A,
756 1999 790 2063 B
810 1996 933 2065 duobus
954 1998 1151 2086 temporibus
1179 1999 1217 2079 Y,
1235 1999 1269 2065 Z

112 2101 362 2189 proportionalia,
381 2102 435 2168 dic
453 2103 535 2168 mihi
552 2103 633 2191 quid
652 2103 819 2191 proveniat
839 2126 881 2169 ex
899 2103 1039 2192 pondere
1058 2104 1092 2169 A
1113 2103 1209 2170 ducto
1227 2102 1263 2167 in

115 2212 229 2292 tempua
243 2207 278 2271 Z
283 2205 302 2272 ἳ
322 2205 371 2270 nil
390 2228 520 2294 proram
539 2206 758 2293 imaginabile.
802 2205 878 2272 Non
902 2228 979 2293 ergo
1000 2207 1108 2273 stricta
1129 2205 1264 2294 quadrat

114 2303 175 2372 hnc
191 2307 320 2374 affectio
339 2308 626 2396 proportionalitati
643 2308 817 2396 generatim
833 2307 1040 2388 definiendae3
1062 2330 1263 2375 numerorum

116 2407 219 2477 aaltem
232 2419 268 2476 et
283 2410 440 2477 linearum
453 2410 740 2499 proportionalitati
748 2409 1008 2496 qualitercunque
1019 2408 1265 2476 determinandae

116 2512 208 2597 pontit
220 2513 387 2580 inservire.
1240 2529 1252 2546 “

174 2614 238 2683 Sed
246 2618 320 2704 jam
333 2615 447 2682 ultimo
461 2625 568 2697 restat,
582 2627 621 2683 ut
634 2617 675 2684 de
685 2615 808 2682 Borelli
821 2614 972 2682 methodo
986 2615 1125 2683 feramur
1139 2623 1267 2682 senten·

117 2716 202 2800 tiam3
222 2731 259 2788 et
279 2741 322 2785 ne
342 2719 426 2786 tanti
446 2719 653 2790 riri.meritia
674 2717 839 2786 detrahere
860 2718 1037 2799 videamur,
1059 2719 1264 2807 agnoscimur

119 2820 193 2888 ultro
212 2824 354 2912 primum
377 2823 555 2889 doctrinam
579 2823 659 2911 ejus,
685 2834 841 2910 quantum
867 2823 1068 2912 percipimur,
1095 2823 1267 2890 admodum

119 2945 181 2990 eane
192 2927 328 3008 firmam,
343 2937 377 2993 et
389 2927 472 2993 hene
486 2925 662 2994 fundatam.
707 2925 861 2993 Fatamur
874 2928 916 2992 ab
930 2949 968 2992 ao
982 2925 1264 3014 proportionalium
1326 2973 1329 2980 ι

121 3027 295 3096 affectiones
307 3029 484 3116 praecipuae
498 3051 516 3094 e
531 3028 598 3095 auia
611 3028 713 3116 ipniue
727 3027 966 3094 definitionibus
980 3051 1018 3094 ac
1030 3028 1196 3117 principiis
1209 3029 1269 3096 rite

122 3125 265 3197 dcdmtaa
279 3153 358 3212 ecoe,
378 3131 539 3219 probeque
553 3130 794 3198 demonstratae.
838 3129 914 3198 Non
929 3131 1099 3198 abnuimus
1114 3131 1184 3219 ejus
1203 3153 1271 3198 mo-

123 3230 247 3300 thodnm
267 3233 303 3299 in
322 3256 357 3300 ae
375 3245 549 3321 spectatam
569 3233 647 3300 sada
666 3256 737 3300 eaae
754 3233 922 3322 pulchram
943 3245 974 3300 et
995 3234 1184 3320 elegantem,
1210 3255 1271 3302 nec

124 3353 215 3403 nona
232 3336 379 3404 candidio
397 3335 547 3424 ingeniis,
568 3336 598 3402 ei
617 3335 709 3402 nulla
729 3336 856 3403 daretur
877 3336 950 3418 alia,
973 3335 1083 3403 haberi
1102 3357 1195 3424 pocae
1213 3359 1270 3423 pro

125 3438 296 3520 aufficienta
323 3448 356 3506 et
381 3438 459 3504 catio
484 3438 640 3506 absoluta.
685 3438 901 3506 Veruntamen
927 3461 997 3504 eam
1019 3461 1093 3506 cnm
1114 3437 1273 3508 Euolideh

126 3541 326 3630 comparando
339 3542 495 3629 qnondam
509 3542 544 3607 in
558 3541 616 3609 illo
630 3543 679 3608 fae
698 3543 742 3609 ait

333 3663 454 3734 Egregia
469 3665 608 3742 mucor
623 3662 797 3734 deprendere
814 3677 929 3734 corpore
945 3679 1053 3731 nervom

130 3783 253 3854 tumque
265 3767 420 3854 pleraque
436 3790 501 3832 non
521 3765 721 3853 displiceant,
740 3767 811 3832 haec
824 3737 986 3856 utcunque
1002 3767 1109 3836 minua
1123 3768 1273 3837 arrident.

185 3867 303 3949 Primo,
324 3869 410 3956 qnod
425 3891 498 3934 cnm
513 3868 679 3955 equalitas
693 3869 874 3956 omnigenis
888 3879 1078 3958 quantorum
1098 3871 1274 3939 rationibus

133 3967 241 4051 (ῥήτοις
255 3969 311 4037 καὶ
324 3968 485 4058 ἅῤῥήνοις)
497 3991 588 4058 aeque
597 3971 775 4051 conveniat,
791 3971 883 4059 eique
894 3983 1070 4060 congruant
1081 3973 1275 4044 universalia

176 4243 231 4301 The
249 4245 352 4302 former
369 4247 522 4317 objectione
539 4251 621 4324 apply
639 4256 670 4308 to
688 4252 751 4308 thia

176 4329 299 4386 Borelli’a
316 4333 432 4388 mothod
449 4335 473 4389 ie
491 4336 705 4392 commendable

178 4412 235 4471 But
252 4420 302 4472 not
320 4435 352 4473 ro
368 4419 442 4489 good
459 4437 491 4476 aa
509 4421 636 4478 llnclid'a

181 4500 225 4557 He
235 4501 334 4572 begine
344 4505 412 4560 with
423 4507 672 4564 commenmrahloo
683 4508 740 4564 and
750 4525 817 4578 goea
827 4525 862 4568 on
874 4512 905 4564 to
915 4507 1210 4574 incommenaumblost
