3167 5192
445 327 510 396 leo
747 344 936 396 moriones
957 343 1206 398 onounrnrcm.
1347 327 1502 414 [ruenni.

443 511 550 580 minus
564 511 797 600 expectandum
810 511 862 592 sit,
878 533 943 599 quo
957 510 1086 598 segnior
1102 519 1163 578 ant
1178 509 1318 578 citatior
1333 508 1504 600 supponitur

445 638 485 682 ca
497 635 709 702 progenerans
731 624 848 682 motus.
893 611 1014 678 Verum
1037 613 1072 678 in
1097 612 1318 699 generatione
1341 634 1397 698 per
1417 621 1506 678 notu

444 718 646 805 compositos,
662 716 777 784 iisdem
800 715 1004 783 manentibus
1018 715 1150 784 lationis
1165 715 1292 796 modis,
1312 723 1409 802 prout
1426 713 1507 780 unius

444 831 501 891 aut
526 822 666 910 plurium
690 822 832 889 variatur
853 821 1016 903 velocitas,
1044 819 1166 888 nedum
1191 821 1317 910 specie,
1341 819 1398 888 sed
1425 819 1508 884 ctiam
1572 907 1573 914 ἵ

444 927 622 1015 quantitate
636 926 771 993 diversae
785 925 1023 1011 magnitudines
1042 947 1210 1011 emergere
1229 923 1351 1004 solent,
1367 920 1509 1012 positione

444 1029 557 1096 saltem
582 1038 734 1117 perpetuo
760 1028 951 1096 differentes.
997 1027 1046 1095 Ut
1067 1028 1096 1094 si
1113 1038 1207 1096 recta
1231 1028 1306 1094 AB
1326 1032 1509 1116 porrectam

443 1131 514 1198 Ao
523 1130 675 1218 parallelo
696 1131 854 1200 desertum
873 1130 1023 1218 aequabili
1044 1140 1134 1198 motu
1144 1157 1153 1212 ;
1178 1141 1217 1198 et
1239 1131 1345 1198 simul
1368 1137 1509 1216 punctum

443 1235 488 1300 M
495 1233 530 1302 in
544 1235 613 1300 AB
623 1234 794 1302 descendat
807 1234 1023 1316 uniformite13
1040 1233 1092 1300 vel
1106 1233 1208 1300 simul
1224 1243 1321 1302 recta
1334 1232 1406 1301 Ao
1415 1227 1510 1318 petel·

443 1335 506 1404 lelo
520 1357 647 1423 quoque
667 1334 818 1402 uniformi
838 1343 927 1402 motu
950 1333 1144 1402 descendens
1167 1334 1284 1423 ipsam
1307 1334 1378 1400 AB
1394 1352 1511 1420 promo·

442 1445 510 1506 tam
529 1436 699 1504 intersecet
723 1436 759 1502 in
782 1437 827 1502 M
831 1461 839 1516 ;
863 1458 905 1502 ex
920 1423 1084 1522 ¹ejusmodi
1109 1446 1264 1502 motuum
1288 1431 1511 1522 compositione

293 1597 298 1605 .
442 1539 497 1608 uel
510 1561 665 1608 concursu
677 1539 870 1628 producetur
891 1549 977 1604 recta
990 1538 1076 1606 linea
1089 1539 1173 1606 AM.
1222 1537 1326 1619 Quod
1346 1537 1376 1604 si
1397 1534 1509 1612 eodem,

442 1644 539 1714 etiam
561 1641 667 1732 quoad
686 1642 896 1722 velocitatem,
914 1651 1062 1708 manente
1083 1650 1173 1708 motu
1191 1651 1295 1709 rectae
1309 1641 1388 1720 AB,
1404 1639 1511 1704 immn-

442 1753 528 1816 tetur
555 1745 591 1810 in
615 1743 784 1811 velocitate
807 1751 912 1810 motus
934 1742 1102 1810 uniformis
1122 1744 1240 1831 puncti
1266 1744 1317 1826 M,
1346 1741 1400 1810 vel
1424 1747 1509 1806 recta

442 1847 519 1926 Ao,
534 1846 581 1912 ita
593 1845 723 1933 quidem
743 1855 897 1934 puuctum
911 1846 1028 1933 Mjam
1042 1846 1154 1914 eodem
1168 1857 1324 1936 tempore
1337 1841 1509 1935 pervenerit

441 1946 484 2016 ed
497 1972 533 2029 μ,
548 1945 601 2013 vel
615 1946 685 2014 ΑΟ
699 1958 784 2014 secet
798 1948 902 2036 ipsam
924 1947 992 2014 AB
1012 1947 1046 2016 in
1067 1975 1102 2032 μ,
1118 1949 1326 2018 describetur
1343 1948 1407 2014 hoc
1427 1953 1510 2012 motu

442 2048 508 2116 elia
526 2057 612 2118 recta
633 2050 693 2133 Αμ
716 2071 737 2116 a
759 2049 863 2138 priore
880 2051 958 2118 AM
972 2051 1130 2140 positione
1151 2052 1296 2120 diversa.
1346 2049 1408 2120 Sin
1429 2067 1508 2124 vcro,

441 2161 591 2220 manente
611 2175 719 2220 rursus
741 2151 853 2221 codem
874 2164 964 2222 motu
986 2166 1079 2224 recta
1100 2157 1175 2238 AB,
1200 2179 1262 2246 pro
1286 2163 1382 2224 motu
1403 2147 1509 2241 puncti

441 2256 489 2338 M,
507 2255 561 2322 vcl
578 2265 672 2324 recte
689 2255 766 2338 Ao,
780 2256 931 2324 uniformi
953 2257 1167 2326 substituatur
1187 2270 1313 2341 motus,
1337 2278 1434 2345 quem
1455 2274 1508 2317 vo·

441 2371 524 2441 cant,
539 2360 703 2448 equaliter
721 2360 921 2441 acceleratim,
944 2384 986 2428 ex
1008 2361 1165 2447 ejusmodi
1186 2362 1436 2452 compositione,
1458 2349 1507 2421 vel

439 2485 595 2529 concursu
607 2463 663 2530 fiet
677 2462 763 2529 linea
782 2463 964 2552 parabolica
978 2464 1089 2528 AMX
1104 2464 1272 2532 ueletiam
1289 2464 1388 2530 aliter
1407 2457 1506 2548 posita
1572 2475 1573 2478 ¹

438 2565 656 2653 Aleprout
673 2565 727 2632 hic
747 2577 854 2633 motus
877 2565 1066 2632 acceleratus
1084 2566 1186 2653 gradu
1207 2568 1345 2655 ponitur
1369 2563 1453 2631 alius
1471 2579 1505 2624 ac

439 2667 547 2751 alius).
584 2667 678 2747 Quod
693 2669 721 2733 si
735 2667 885 2756 qutpiam
908 2666 973 2732 alit
993 2667 1114 2734 ratione
1131 2691 1273 2736 crescere
1296 2666 1501 2756 concipiatur,

437 2779 494 2834 aut
507 2770 610 2834 minui
631 2770 709 2835 dicti
725 2771 836 2858 puncti
850 2770 903 2836 vel
926 2771 1017 2838 lineae
1039 2771 1191 2838 velocitas
1208 2773 1275 2840 alia
1294 2771 1504 2862 progignetur

284 2866 298 2894 ⁸
437 2868 523 2949 inde,
539 2893 597 2958 pro
610 2872 731 2938 rationo
754 2874 940 2960 lypotdcsrb,
964 2872 1090 2940 diversa
1111 2875 1232 2962 species
1252 2867 1500 2964 magnitudinis

505 2971 545 3037 In
554 2973 606 3038 his
617 2973 810 3059 conspicitur
820 2975 977 3061 exemplis
985 2977 1073 3062 quod
1082 2977 1192 3043 codem
1206 2979 1350 3046 subinde
1361 2973 1502 3042 recidant

436 3077 614 3163 compositio
626 3088 764 3142 motuum
778 3086 811 3142 et
824 3101 1012 3158 emturum
1034 3081 1121 3169 quod
1139 3082 1256 3149 exinde
1272 3083 1408 3174 quidem
1429 3096 1501 3144 con·

435 3178 544 3264 tingit,
560 3178 635 3265 quia
658 3188 750 3246 roetn
775 3179 953 3270 cujuspiam
978 3183 1130 3270 parallelo
1153 3193 1244 3251 motu
1269 3186 1347 3252 latae
1369 3175 1499 3264 singula

434 3291 553 3370 puncta
566 3291 668 3348 rectas
678 3281 862 3350 describunt
876 3283 938 3350 sibi
953 3285 1139 3372 parallelum
1159 3287 1245 3354 unde
1260 3289 1301 3356 fit
1314 3299 1353 3354 ut
1367 3278 1499 3374 perinde

435 3385 478 3450 sit
491 3408 534 3450 an
556 3395 710 3474 punctum
733 3386 803 3473 ejus
823 3385 954 3474 aliquod
976 3387 1010 3452 in
1029 3389 1098 3476 ipat
1118 3389 1220 3458 fixum
1240 3390 1404 3458 deferatur
1426 3403 1498 3450 cum

434 3494 481 3570 ct,
497 3488 550 3558 vel
571 3489 711 3556 solutum
733 3512 789 3578 per
811 3489 927 3556 lineam
953 3490 1021 3578 ejus
1044 3491 1208 3560 directioni
1227 3485 1437 3582 parellelam3
1461 3493 1497 3550 ut

433 3615 548 3681 nempe
561 3603 670 3660 utrum
688 3603 842 3681 punctum
858 3594 900 3660 M
917 3592 952 3658 in
970 3594 1039 3660 Ao
1057 3593 1160 3662 fixum
1181 3619 1254 3662 curn
1271 3602 1310 3664 ct
1324 3593 1494 3664 deleratur,

433 3719 476 3768 an
489 3696 589 3764 libere
611 3696 756 3764 decurrat
780 3719 837 3784 per
859 3705 976 3762 rectam
1002 3697 1069 3764 AB
1088 3697 1199 3766 cedem
1220 3699 1401 3768 velocitate.
1446 3689 1493 3756 At

432 3821 518 3888 saepe
537 3799 663 3868 nonita
685 3799 778 3866 facilc
796 3822 852 3886 per
875 3799 987 3866 horum
1010 3801 1198 3870 utrumlibet
1220 3803 1351 3871 modurn
1369 3793 1492 3884 mcqm'·

320 3957 326 3971 .
433 3903 577 3970 tudinum
587 3903 746 3992 pencrotrb
761 3900 946 3981 declaretur,
962 3902 1004 3968 sit
1018 3903 1104 3970 enim
1121 3906 1281 3972 rectaAB
1293 3896 1489 3996 aquebiliter

432 4015 536 4072 rotata
551 4004 625 4092 (hoo
643 4013 703 4086 est,
718 4003 765 4072 ita
786 4012 824 4071 ut
847 4005 1043 4092 temporibus
1063 4007 1240 4095 equalibus
1265 4006 1403 4098 aequales
1422 3997 1487 4066 effi·

432 4107 497 4174 ciat
510 4107 658 4194 angulos)
675 4115 708 4172 ct
721 4104 909 4174 simultanee
924 4118 1077 4196 punctum
1097 4111 1141 4176 M
1154 4111 1195 4178 ab
1209 4111 1242 4177 A
1259 4111 1293 4180 in
1313 4111 1384 4202 ipat
1402 4101 1485 4170 recta

430 4209 498 4276 AB
509 4210 659 4278 contiuuo
672 4220 763 4278 motu
777 4209 904 4294 feretur,
920 4211 1016 4278 etiam
1032 4214 1200 4296 uniformi3
1217 4239 1259 4284 ex
1274 4217 1337 4284 isto
1349 4222 1482 4282 motuum

430 4312 657 4398 compositione
671 4313 756 4379 linea
777 4313 924 4402 quaedam
943 4314 1142 4402 producetur,
1166 4317 1265 4388 Helia
1286 4319 1405 4388 scilicet
1417 4307 1481 4376 Ar·

430 4413 606 4498 utimum
624 4417 711 4502 (nam
722 4416 801 4484 talia
812 4418 955 4486 consulto
971 4418 1175 4508 proponimus
1184 4409 1479 4512 emptaque&
