3167 5192
140 394 235 446 saer.
248 375 303 463 11.]
410 453 415 462 ι
452 389 640 444 nscrrorus
660 389 902 444 onouarmon.
1136 380 1199 448 1⁷3

141 555 328 625 differentiae
347 554 534 637 scaturiunt,
555 555 687 622 modum
703 556 833 624 lationis
853 556 971 646 ipsum,
993 567 1026 626 et
1044 561 1207 648 quantita·

141 672 207 728 tem
226 660 278 727 ris
296 660 445 740 motivae3
468 681 604 746 quorum
625 660 831 749 posteriorem
853 661 941 728 haud
962 663 1008 728 ita
1030 663 1150 732 clarum
1173 676 1207 734 et

141 773 287 853 apertum
310 763 491 850 nuperrime
517 763 622 828 conati
647 786 757 830 sumus
781 764 951 847 recludere,
974 766 1205 856 limpidumque

141 867 281 934 reddere.
323 865 402 933 Jam
424 866 619 934 differentias
641 889 721 954 quae
743 879 911 934 assumunt
930 869 1017 956 ipsas
1036 891 1205 958 proseque-

140 995 223 1053 mur,
245 981 278 1038 et
295 993 359 1058 qno
377 981 469 1058 pacto
484 969 680 1056 generationi
693 971 951 1057 magnitudinum
966 972 1118 1041 inservire
1132 997 1206 1062 pos·

142 1085 218 1141 sunt
242 1073 456 1141 ostendemus.

207 1177 354 1244 Lationis
383 1176 513 1242 modum
547 1177 718 1264 spectando
747 1188 940 1265 generantur
967 1180 1205 1267 magnitudines

141 1282 196 1350 rel
222 1305 280 1370 per
309 1289 414 1348 motus
439 1280 609 1368 simplides,
633 1281 687 1347 vel
714 1305 771 1370 per
799 1293 904 1349 motus
929 1283 1128 1372 compositos,
1151 1286 1205 1353 vel

143 1409 186 1451 ex
220 1407 375 1451 concursu
410 1393 555 1450 motuum
591 1385 678 1469 (nam
709 1386 972 1473 compositionem
1003 1411 1023 1452 a
1051 1409 1205 1455 concursu

143 1488 317 1574 distinguo,
333 1510 405 1576 quas
418 1497 526 1552 tamen
541 1508 562 1551 a
577 1487 742 1552 nonnullis
762 1487 1024 1574 confunduntur).
1062 1491 1112 1557 De
1126 1491 1204 1557 sim-

143 1588 277 1677 plicium
306 1600 450 1656 motuum
479 1587 724 1675 hypothesibus,
754 1611 792 1654 ac
817 1591 936 1656 effectis
965 1591 1068 1678 primo
1094 1593 1203 1660 videa-

143 1713 226 1757 mus.
283 1689 485 1778 Simplicium
513 1701 658 1757 motuum
686 1691 751 1758 duo
783 1715 901 1778 genera
928 1705 1012 1774 sunt,
1042 1695 1137 1783 φορὰ,
1170 1706 1204 1764 et

144 1791 315 1881 περιφορὰ,
326 1792 513 1879 progressio,
528 1802 561 1859 et
575 1793 782 1860 circumlatio.
817 1793 885 1860 Sub
899 1796 1099 1882 progressiva
1113 1807 1203 1864 motu

144 1895 418 1984 comprehenditur
431 1906 536 1963 motus
551 1896 666 1977 omnis,
677 1896 734 1984 qui
748 1896 875 1964 nullum
888 1897 992 1963 fixum
1006 1898 1111 1966 locum
1130 1901 1203 1987 (loci

143 1999 272 2067 nomine
297 1999 445 2086 quamvis
467 1998 732 2085 magnitudinem,
756 1998 852 2066 etism
874 2011 1028 2088 punctum
1051 2001 1203 2070 amrme-

143 2126 227 2185 rans,
249 2103 418 2190 intellige)
438 2103 577 2191 respicit,
598 2103 650 2169 cui
670 2102 759 2169 velut
781 2103 961 2184 innectitur,
985 2126 1022 2170 ac
1043 2106 1201 2193 affigitur3

143 2230 201 2275 seu
215 2208 352 2274 directum
365 2207 426 2274 iste
440 2216 546 2274 motus
560 2208 611 2284 sit,
627 2229 684 2274 sen
702 2207 849 2287 reflexus,
871 2230 928 2274 seu
941 2209 1110 2292 refractus3
1134 2213 1203 2279 sive

143 2311 256 2377 callem
271 2322 391 2378 certum
404 2321 619 2399 persequatur,
639 2311 707 2376 sive
721 2309 936 2378 inconstanter
950 2311 1096 2394 desultet,
1113 2315 1203 2382 diva·

143 2426 244 2502 geter,
271 2414 437 2481 exorbitet.
482 2412 567 2491 Quia
587 2434 662 2478 vero
684 2413 812 2499 penitus
833 2413 1053 2499 irregularium
1078 2417 1113 2482 in
1136 2427 1203 2486 arte

143 2517 234 2582 nulla
258 2518 339 2583 ratio
361 2524 467 2604 potest
491 2515 613 2595 haberi,
637 2514 753 2581 sufficit
774 2515 1005 2583 Mathematicus
1027 2540 1203 2606 supponere

143 2619 397 2706 magnitudinem
420 2639 641 2704 quamcunque
662 2616 810 2704 progredi
829 2640 922 2705 posse
939 2619 1037 2704 juxta
1055 2621 1203 2708 designa·

144 2729 211 2786 tam
232 2719 408 2807 quamlibet
429 2719 583 2800 orbitam3
606 2730 644 2785 ut
657 2743 687 2787 o.
699 2743 734 2807 9.
771 2719 867 2801 Quod
887 2732 1040 2808 punctum
1063 2726 1098 2790 a'a
1120 2725 1203 2792 linea

143 2828 237 2904 rectd,
256 2821 416 2903 circulari,
431 2822 579 2910 ella’ptr'cd,
597 2823 724 2912 mirati,
745 2823 795 2891 cel
812 2825 881 2893 atio
900 2827 1009 2912 quava
1020 2828 1203 2914 parmata

143 2939 235 3013 queat
262 2926 409 2992 incedere.
453 2924 573 2992 Verum
600 2926 779 3014 praeeipnoe,
806 2926 867 2994 hoc
892 2937 941 2994 est
966 2930 1110 3012 maximi,
1140 2931 1203 2998 fre·

144 3028 408 3118 quentissimique
421 3051 479 3116 pro
497 3028 771 3115 magnitudinibus
791 3031 995 3098 efformandis
1014 3056 1100 3115 usus,
1122 3034 1205 3102 circa

144 3133 328 3221 hujusmodi
341 3141 448 3198 motus
463 3154 543 3220 quas
556 3133 775 3201 Mathematici
788 3145 981 3222 proestmunt
999 3137 1203 3226 hypotheses,

144 3248 221 3305 sunt
243 3238 312 3304 hae:
336 3235 431 3316 Quod
449 3247 604 3324 punctum
622 3260 643 3302 a
658 3237 791 3324 praefixo
809 3240 943 3307 termino
963 3241 998 3306 in
1016 3241 1101 3310 linea
1119 3251 1205 3311 recta

144 3362 309 3429 quousque
330 3339 461 3406 libuerit
486 3338 654 3425 adsignare
679 3340 797 3408 directe
818 3343 966 3430 progredi
988 3357 1093 3433 queat,
1116 3348 1205 3435 quali

144 3453 235 3510 motu
255 3441 456 3530 perspicuum
478 3448 528 3508 est
546 3441 663 3507 lineam
686 3453 804 3508 rectam
826 3442 980 3512 describi:
1005 3446 1098 3528 Quod
1119 3449 1206 3517 linea

144 3557 231 3614 recta
244 3568 301 3634 per
314 3545 446 3611 alterius
460 3542 602 3630 cujusvis
616 3542 710 3611 lineae
725 3545 958 3633 longitudinem
973 3548 1020 3615 ita
1038 3551 1205 3638 procedere

145 3649 256 3738 possit,
271 3648 422 3739 utnsitum
436 3647 558 3712 interea
571 3645 759 3734 parallelum
773 3658 926 3736 perpetuo
944 3661 1048 3718 servet
1066 3652 1138 3737 (hoc
1157 3665 1206 3722 est

145 3763 182 3820 ut
214 3753 286 3841 ipsa
314 3752 411 3839 juxta
439 3750 640 3839 positionem,
675 3772 772 3837 quam
806 3751 841 3816 in
875 3752 1019 3839 quolibet
1056 3757 1206 3845 temporis

146 3863 306 3922 momento
328 3852 467 3933 sortitur,
489 3850 643 3939 parallela
663 3851 706 3916 sit
729 3851 792 3918 sibi
819 3853 991 3921 secundnm
1016 3856 1205 3944 positionem

146 3981 238 4024 suam
253 3957 288 4023 in
302 3957 365 4022 alio
383 3955 498 4043 quovis
517 3954 669 4042 temporis
687 3958 883 4042 momentu:
903 3956 996 4041 Item,
1016 3959 1101 4047 quod
1121 3961 1207 4030 linea

146 4061 269 4149 quavis
292 4059 435 4148 (definite
454 4057 508 4125 vel
529 4057 694 4125 indefinite
713 4067 873 4145 protensa,
896 4060 981 4148 quod
1003 4062 1037 4130 in
1059 4065 1206 4137 omnibus

146 4162 404 4250 intelligendum)
421 4170 511 4226 motu
526 4159 655 4241 directo,
671 4159 783 4226 itidem
798 4160 861 4226 sibi
876 4162 1039 4249 parallelo,
1059 4166 1207 4252 progredi

145 4268 248 4356 possit
261 4266 392 4351 (directo
406 4264 547 4352 inquam,
560 4262 622 4328 hoc
634 4271 683 4330 est
697 4272 734 4329 ut
747 4262 818 4350 ejus
833 4265 961 4350 singule
974 4277 1092 4354 puncta
1105 4269 1207 4340 lineas

146 4381 247 4437 rectas
262 4368 454 4453 describant)
473 4368 529 4456 qui
549 4389 627 4434 sane
646 4366 709 4432 duo
728 4367 835 4432 motus
855 4366 985 4436 sibimet
1005 4372 1207 4460 equivalent,

145 4471 344 4560 eundemque
357 4478 522 4558 procreant
535 4469 682 4536 effectum
696 4489 867 4558 eorumque
881 4470 1029 4540 alterutro
1044 4475 1204 4562 productae
