3167 5192
121 391 223 443 incr.
240 374 344 461 xvir]
477 392 665 445 arenosus
688 392 962 449 remansuros.
1225 378 1288 447 2⁷3

119 558 213 647 quod
226 558 328 644 λόγον
339 568 373 628 et
386 558 573 644 ἀναλογίαν,
588 560 701 629 obvias
716 560 884 629 Platonem
904 570 938 630 et
956 562 1038 631 alios
1055 563 1187 633 Grecos
1206 562 1286 631 Phi-

116 662 276 751 losophus
289 663 481 752 inspectanti
494 686 599 745 voces,
613 663 742 732 referret
756 676 789 733 et
803 666 1004 755 exprimeret.

190 766 258 835 Sed
276 790 409 835 manum
428 766 537 833 fmnloe
556 767 780 851 subducamus,
800 780 833 837 et
856 768 1144 838 Grammaticorum
1164 769 1283 857 egressi

118 869 243 937 scholis
263 870 429 937 videamus
450 870 530 959 quid
547 893 605 959 per
623 870 724 955 λόγον
744 872 836 961 eique
857 874 1099 963 respondentem
1119 876 1281 955 ratcbnem,

117 985 154 1041 st
167 974 400 1063 properabam
421 974 528 1061 (juxta
545 973 789 1062 frequentiorem
810 985 843 1041 et
860 976 1072 1063 probatiorem
1092 998 1187 1043 usum
1203 1002 1280 1065 pro-

107 1076 284 1166 per-timis,
299 1096 528 1166 nonnunquam
549 1077 635 1144 enim
654 1078 836 1165 analogiam
858 1080 1028 1166 significat,
1045 1080 1107 1146 hoc
1128 1090 1187 1162 est,
1206 1102 1281 1169 pro·

116 1178 402 1268 portionalitatem)
433 1179 618 1268 intelligant
646 1182 709 1270 ipsi
733 1181 923 1264 Geometras,
950 1206 1084 1272 quaeque
1113 1182 1156 1249 sit
1182 1182 1279 1271 hujus

116 1281 201 1349 adeo
213 1282 283 1348 triti
296 1281 446 1350 vocabuli
459 1284 600 1369 genuina
613 1286 703 1353 notio
716 1284 940 1373 disquiramus.
985 1285 1162 1353 Permirum
1177 1284 1279 1373 siqui·

115 1385 196 1453 dem
213 1385 361 1452 rideatur
374 1386 480 1475 ejusce
498 1386 539 1453 de
558 1388 615 1470 rei,
635 1410 707 1475 quae
726 1389 879 1477 paginam
898 1389 963 1457 fere
981 1388 1082 1478 replet
1100 1399 1276 1475 utramque,

114 1510 341 1578 nusquamque
354 1511 419 1556 non
436 1490 572 1557 occmrit
591 1492 627 1556 in
646 1490 796 1575 Mathesi,
816 1497 931 1559 natura
950 1492 1035 1559 viros
1054 1491 1136 1558 inter
1150 1490 1277 1559 Mathe-

113 1614 190 1659 seos
203 1591 293 1659 haud
305 1592 341 1657 in
356 1592 525 1679 postremis
543 1594 662 1681 peritos
684 1593 797 1661 aeritm
816 1594 996 1683 disceptari.
1041 1593 1141 1674 Quasi
1159 1590 1274 1663 nesciri

112 1694 221 1786 possit
234 1718 286 1763 res
298 1704 367 1763 tam
381 1694 486 1778 obvia,
500 1697 595 1765 toties
605 1697 735 1786 jactata,
751 1698 831 1765 adeo
845 1698 1015 1785 diligenter
1028 1720 1172 1765 excussa.

182 1798 283 1867 Unde
301 1798 467 1889 proveniat
486 1800 572 1868 hoc?
614 1801 697 1869 Inde
715 1803 838 1890 opinor,
858 1800 945 1890 quod
963 1800 1148 1890 perdifficile
1166 1800 1210 1867 sit
1223 1822 1274 1867 res

110 1902 291 1971 admodum
306 1904 480 1970 abstractas
493 1913 526 1971 et
539 1904 743 1986 universales,
763 1905 1001 1993 praesertimque
1019 1904 1131 1973 modos
1145 1913 1178 1973 st
1191 1902 1273 1972 rela-

110 2007 221 2075 tiones
233 2029 351 2089 rerum,
370 2007 424 2075 vel
437 2007 607 2095 imaginari
620 2007 768 2076 distincte
781 2008 836 2075 vel
850 2019 993 2076 accumte
1007 2008 1147 2077 definire.
1190 2006 1273 2077 Fere

109 2110 278 2179 neminem
298 2109 434 2178 arbitror
454 2111 530 2194 fore,
552 2112 665 2180 saltem
686 2135 705 2179 e
725 2111 834 2200 gomis
855 2110 1098 2194 Mathematum,
1125 2110 1181 2200 qui
1205 2129 1271 2177 non

109 2226 278 2303 utcunque
299 2224 516 2304 quantumque
536 2216 615 2283 satis
636 2226 685 2283 est
704 2215 875 2303 intelligat,
900 2216 979 2303 quid
1000 2216 1080 2283 velit
1100 2214 1170 2303 ipse
1192 2214 1270 2283 dum

109 2320 233 2409 profert
241 2319 305 2386 hoc
314 2319 514 2400 vocabulum,
526 2319 666 2408 quidque
680 2320 861 2407 concipiant
871 2318 927 2385 alii
941 2318 1134 2407 proferentes
1147 2318 1269 2406 ipsum3

108 2421 169 2490 sed
188 2444 258 2489 nou
277 2421 326 2488 ita
345 2420 452 2488 forsan
471 2422 507 2487 in
527 2430 677 2510 promptu
697 2431 747 2488 est
767 2421 797 2487 ei
809 2420 1061 2507 ‚respondentem
1082 2428 1269 2507 conceptum

109 2526 242 2609 mentis,
267 2524 430 2613 proprium
452 2525 506 2591 vel
528 2524 677 2606 alienum,
702 2523 775 2590 aliis
800 2523 907 2591 verbis
932 2522 1101 2611 explicare,
1127 2521 1189 2588 hoc
1209 2528 1268 2601 est,

109 2630 220 2719 ipsum
235 2628 376 2695 definire.

176 2732 269 2799 Hinc
286 2731 435 2819 litigandi
455 2736 550 2799 const
567 2754 633 2799 non
653 2752 744 2799 secus
763 2729 798 2797 in
819 2731 990 2819 hecquem
1009 2728 1045 2794 in
1064 2726 1136 2793 aliis
1154 2724 1268 2815 pleris-

108 2860 175 2927 que
200 2834 421 2904 consimilibus
443 2834 593 2917 mcteriis,
624 2857 645 2900 s
668 2856 763 2902 sensu
787 2832 965 2923 disjunctis,
994 2831 1179 2901 subnotavit
1207 2830 1268 2897 hoo

109 2940 287 3020 Gartesins,
307 2948 341 3005 et
359 2937 435 3005 inde
448 2938 529 3006 vitio
545 2938 642 3005 vertit
660 2936 866 3027 Philosophia
885 2958 1041 3005 morosam
1060 2934 1149 3001 illam
1169 2934 1267 3001 verba

107 3041 287 3111 definiendi
313 3041 537 3123 curiositatem,
570 3040 642 3107 istis
670 3040 797 3121 verbis3
834 3040 908 3107 Non
936 3040 989 3107 lcs’c
1016 3038 1137 3128 applico
1165 3037 1265 3106 molto

107 3146 252 3228 semeias,
266 3144 459 3234 qasbusjom
472 3168 548 3211 asos
561 3168 632 3211 sam
645 3142 695 3212 cel
705 3156 780 3211 ator
792 3144 829 3210 δη
842 3143 1046 3231 emunctam,
1067 3142 1144 3229 qaia
1154 3164 1216 3230 per
1234 3164 1266 3207 se

108 3252 191 3319 aab
206 3264 280 3317 noto
293 3248 449 3316 mittatur.
492 3248 538 3314 Et
554 3272 635 3337 supe
652 3248 777 3315 odooetc‘
794 3247 998 3335 Philosophus
1016 3247 1052 3314 a'n
1073 3247 1128 3313 loce
1148 3266 1264 3325 errore,

110 3354 198 3443 quod
207 3378 246 3421 ea
265 3378 336 3442 pau
354 3350 590 3441 sainplt’cs'sstsmu
609 3361 699 3417 eram
716 3374 754 3417 ue
765 3373 827 3439 per
840 3372 872 3417 se
885 3364 959 3416 noto
971 3349 1100 3435 Lopfcs's
1113 3348 1266 3434 definitio-

109 3459 204 3525 arbas
216 3458 375 3546 sorplcborc
387 3466 574 3522 conmeatus
581 3477 598 3535 ,⁰
610 3454 668 3520 s‘to
681 3454 764 3519 euim
782 3454 855 3542 tirso
874 3453 1052 3519 morosiore
1070 3449 1263 3517 reddam.

111 3562 192 3642 Qus
205 3559 408 3628 subtilissimi
419 3557 481 3623 viri
495 3556 674 3623 observatio
688 3555 741 3623 vel
754 3555 830 3623 inde
843 3554 1039 3623 validissime
1053 3553 1265 3632 confirmatum,

110 3662 197 3752 quod
210 3663 294 3730 circa
308 3660 507 3729 definitiones
525 3658 604 3724 istas
621 3678 693 3724 raro
711 3654 862 3724 convenit
881 3655 1061 3736 interillos,
1077 3654 1133 3743 qui
1152 3653 1265 3720 saltem

110 3766 192 3835 nulli
206 3776 301 3835 seotae
314 3786 431 3833 nomen
444 3784 538 3830 suum
552 3761 763 3843 addixerunt3
785 3770 820 3826 at
834 3780 930 3849 quam
944 3780 1028 3827 unns
1042 3758 1165 3847 probat,
1185 3757 1265 3825 alter

110 3873 239 3962 respuit,
254 3880 288 3940 et
300 3870 355 3939 uel
368 3868 476 3936 minus
489 3877 607 3957 aptam,
622 3874 757 3933 autnon
771 3866 849 3933 satis
864 3874 1041 3937 accuratam
1052 3862 1177 3952 judicat
1187 3862 1265 3932 defi·

109 3975 272 4043 uitionem.

581 4052 592 4087 ¹
610 4053 697 4105 Prisc.
709 4066 728 4105 1.
744 4068 782 4105 ro.

160 4392 326 4448 nemeen
343 4388 381 4445 do
397 4390 447 4445 not
464 4389 557 4447 dodae
572 4390 742 4462 proportior.

158 4476 264 4546 Sirnpte
279 4477 391 4533 nodone
407 4490 456 4532 are
472 4476 566 4535 better
582 4478 632 4532 not
648 4474 769 4531 defined.
