3167 5192
301 362 344 432 18
687 382 813 434 enarro
836 381 1072 432 raararoam.

300 549 411 637 utique
426 553 540 618 vestris
562 575 626 619 non
648 575 795 620 aversum
816 577 869 622 me
889 554 943 620 vel
962 553 1187 634 refractarium,
1203 553 1259 620 sed
1272 555 1466 632 officiosum,

301 661 397 739 atque
422 655 615 741 morigerum
630 657 833 745 percepturi.
879 656 916 724 si
941 679 1005 744 qua
1028 679 1087 723 vos
1111 656 1210 722 studii
1235 656 1467 723 Mathematici

301 754 496 822 salebrosum
521 757 580 823 iter
604 758 819 845 ingredientes
844 758 1008 825 obstacula
1028 759 1233 847 praepediant,
1256 758 1466 824 difficultates

301 865 455 939 avertant,
472 859 570 925 dubia
585 871 787 942 remorentur,
809 862 903 927 facite
919 883 981 941 me,
997 861 1146 942 obtestor,
1162 862 1358 949 participem,
1374 861 1465 927 illud
1573 931 1574 934 ,

303 982 404 1041 omne,
424 964 599 1050 (quousque
617 965 670 1030 vel
689 987 750 1031 usu
769 966 871 1047 valeo,
892 965 945 1031 vel
964 964 1122 1030 industria
1143 964 1292 1052 consequi
1312 966 1461 1051 possum)

301 1062 454 1150 quioquid
469 1075 517 1131 est
532 1067 714 1134 offensionis
730 1069 962 1135 submotumm.
1152 1055 1160 1079 ³

368 1160 468 1234 Hisce
494 1193 568 1237 vero
594 1171 772 1260 disciplinis
800 1182 837 1237 ut
862 1182 1022 1238 strenuam
1047 1172 1172 1237 navetis
1197 1192 1334 1259 operam,
1360 1171 1464 1258 inque

299 1268 432 1354 pulvere
454 1271 682 1340 Mathematieo
704 1274 791 1340 haud
813 1275 951 1360 segniter
973 1274 1144 1354 desudetis,
1168 1274 1196 1339 si
1217 1274 1264 1338 nil
1286 1273 1376 1338 aliud
1396 1273 1464 1338 im-

300 1371 409 1458 pellat,
432 1374 514 1442 illud
537 1376 650 1443 saltem
671 1378 874 1446 honestarum
893 1377 1049 1443 mentium
1066 1399 1124 1442 vos
1147 1376 1249 1442 calcar
1271 1376 1465 1443 exstimulat

301 1473 540 1566 inflammetque
557 1481 785 1561 vehementius,
807 1480 863 1566 qui
883 1479 1027 1566 generosi
1047 1502 1170 1568 semper
1189 1479 1304 1545 animis
1324 1479 1389 1544 alte
1407 1479 1463 1545 in·

302 1577 394 1660 sidet,
410 1581 503 1647 ardor
516 1583 654 1649 illustria
668 1606 802 1671 quaeque
816 1583 964 1669 exempla
977 1583 1195 1670 persequendi.

367 1681 516 1770 Namque
536 1695 572 1751 ut
589 1695 711 1753 veteres
733 1687 806 1753 illos
828 1696 1021 1774 praeteream,
1037 1685 1206 1750 mirificum
1228 1684 1461 1771 Pythagoram,

303 1805 449 1870 sagacem
465 1788 692 1870 Democritum,
708 1790 854 1856 divinum
869 1789 1046 1868 Platonem,
1063 1789 1305 1879 subtilissimum
1320 1789 1463 1875 pruden-

301 1887 485 1977 tissimeque
507 1893 635 1958 doctum
657 1893 864 1958 Aristotelem
890 1895 980 1979 (quos
1003 1892 1106 1957 omnis
1127 1892 1279 1957 hactenus
1301 1904 1378 1958 aetas
1399 1917 1463 1979 ag·

301 1991 393 2056 novit
407 2003 439 2058 et
453 1996 599 2082 suspexit
612 1997 734 2076 merito,
751 1995 915 2084 sapientia
932 1995 1099 2074 antistites,
1117 1996 1232 2061 artium
1246 1995 1460 2082 coryphaeos),
1573 2064 1574 2071 χ

301 2117 435 2182 quorum
450 2109 642 2186 quantopere
653 2099 785 2184 judiciis
805 2097 967 2162 arriserint
985 2097 1054 2162 hoec
1067 2096 1183 2176 studia,
1199 2120 1271 2163 cnm
1285 2097 1461 2166 luculentae
1573 2094 1574 2117 ¹

300 2199 496 2284 proclament
510 2201 660 2282 historiae,
677 2211 745 2266 tum
765 2201 906 2288 ipsorum
927 2209 1065 2285 arguunt
1083 2199 1235 2286 praeclara
1251 2211 1461 2266 monumenta
1573 2248 1574 2285 3

303 2297 540 2369 Mathematicis
566 2303 686 2391 passim
710 2303 901 2390 interspersa
926 2301 1109 2381 ratiociniis,
1136 2300 1373 2368 Mathematicis
1399 2327 1461 2369 ex·
1573 2320 1574 2327 ’

301 2403 426 2490 emplis,
448 2427 506 2471 ceu
527 2407 637 2488 stellis,
658 2406 834 2472 illustrata:
858 2428 930 2492 quae
952 2404 1084 2492 proinde
1106 2404 1222 2470 frustra
1243 2415 1346 2492 speret
1367 2407 1459 2494 quis·

301 2505 397 2593 piam,
414 2532 478 2575 non
493 2509 527 2575 in
542 2510 592 2576 his
606 2511 707 2577 literis
729 2509 928 2576 mediocriter
949 2517 1101 2586 versatus,
1117 2507 1244 2594 penitus
1266 2507 1456 2594 intelligere,

299 2611 353 2677 vel
372 2611 500 2678 illorum
518 2612 644 2680 abditos
667 2619 787 2692 sensus,
806 2634 871 2677 non
886 2609 1031 2676 adhibita
1045 2609 1135 2674 clave
1155 2609 1391 2691 mathematica,
1405 2634 1458 2677 re-

300 2735 413 2780 serare.
458 2715 579 2802 Ecquis
604 2717 689 2781 enim
718 2713 959 2780 Aristotelicum
987 2711 1052 2777 nisi
1079 2711 1199 2798 plectro
1228 2711 1456 2779 Mathematieo

301 2815 436 2881 feliciter
465 2818 613 2904 Orpaooa
638 2816 760 2902 pulset;
788 2813 908 2880 autad
933 2813 1122 2900 Philosophi
1145 2814 1297 2902 Physrhae
1318 2815 1456 2881 Amat
1573 2864 1574 2869 η

303 2919 441 2996 rariores,
468 2917 659 2984 Geometriae
685 2917 827 3002 ignarus,
853 2939 918 2982 non
946 2939 1075 3004 prorsus
1103 2914 1332 2984 obsurdescat?
1374 2916 1456 2996 Quis

301 3019 504 3087 Platonicum
532 3019 693 3088 Socratem
722 3019 829 3108 capiat
856 3041 970 3107 expers
1003 3018 1215 3103 (Geometriae,
1241 3018 1370 3085 dicam?
1398 3022 1453 3104 au)

299 3123 530 3205 Arithmeticae,
546 3124 587 3190 de
602 3123 763 3210 quadratis
784 3122 926 3189 numeris
943 3123 997 3188 vel
1015 3145 1090 3188 cum
1112 3123 1253 3210 puerulis
1273 3123 1457 3191 balbutien-

300 3227 390 3294 tem?
424 3237 479 3294 aut
507 3229 613 3317 ipsum
642 3229 810 3295 Platonem
835 3237 1020 3314 assequatur
1048 3225 1168 3292 nedum
1195 3226 1235 3292 de
1264 3225 1388 3293 Mundo
1413 3227 1456 3294 ad

301 3331 518 3399 Geometricas
532 3333 669 3398 rationes
684 3331 888 3412 conformato,
904 3330 961 3398 sed
975 3331 1015 3395 de
1029 3329 1208 3417 Republica
1220 3329 1453 3414 dissertantem,

301 3444 334 3502 et
347 3435 493 3524 politicas
507 3436 604 3502 etiam
619 3435 705 3523 leges
725 3435 766 3502 ad
787 3434 1049 3501 Mathematieam
1071 3434 1225 3499 amussim
1246 3433 1455 3520 exigentem?

300 3535 369 3604 Nec
383 3548 419 3603 ut
433 3539 620 3604 recentiores
637 3537 710 3603 illos
731 3559 982 3616 commemorem,
998 3535 1143 3601 acumine
1162 3536 1283 3602 similes
1302 3536 1452 3624 antiquis,

300 3651 332 3708 et
353 3665 450 3730 prope
472 3663 573 3730 pares,
592 3640 774 3720 Galilaeum,
794 3636 1006 3719 Gassendum,
1025 3637 1218 3718 Gilbertum,
1237 3637 1452 3720 Mersennum,

300 3745 488 3826 Oartminm,
515 3765 657 3832 quosque
682 3742 761 3808 alios
786 3742 950 3829 praesentis
975 3741 1037 3808 aeri
1065 3740 1127 3806 fert
1151 3741 1246 3821 fama,
1272 3740 1455 3809 Matheseos

298 3852 392 3917 unico
414 3851 510 3918 fretos
532 3845 684 3928 subsidio,
708 3845 872 3912 Naturalis
896 3845 1045 3912 Scientiae
1066 3847 1208 3933 pomeria
1228 3847 1347 3934 priseos
1368 3848 1455 3914 ultra

299 3955 450 4020 terminos
480 3951 678 4029 extendisse3
709 3948 750 4013 ad
776 3963 909 4035 quorum
935 3949 1061 4036 scripta,
1087 3947 1359 4015 Geometricorum
1385 3951 1454 4016 dia-

299 4065 511 4144 grammatum
539 4053 637 4120 radiis
666 4052 784 4139 ubique
811 4051 1008 4131 collucentia,
1035 4052 1148 4117 harum
1171 4076 1276 4119 rerum
1299 4053 1451 4141 imperiti,

299 4183 358 4226 ceu
379 4158 420 4224 ad
442 4157 518 4224 solis
539 4155 647 4222 lumen
670 4154 862 4222 coruscantis
883 4164 1015 4236 noctuae,
1031 4156 1266 4223 exhorrescunt.
1310 4157 1365 4222 Ad
1379 4157 1453 4224 illas

298 4264 404 4354 potius
419 4261 575 4339 scientias,
588 4261 696 4347 quales
711 4259 806 4326 hodie
821 4282 854 4326 se
869 4268 1029 4326 ostentant
1043 4259 1292 4347 conspiciendas,
1304 4260 1452 4326 obtutum

300 4367 438 4454 dirigite,
454 4372 641 4450 magnatum
655 4368 795 4451 purpura
808 4361 981 4441 redimitas,
997 4361 1176 4449 principum
1196 4384 1230 4429 se
1251 4363 1356 4429 titulis
1373 4385 1453 4429 ven-

297 4471 444 4550 ditantes,
461 4469 601 4556 ipsorum
615 4487 725 4554 regum
741 4464 829 4532 soliis
844 4464 1036 4544 insidentes;
1058 4464 1196 4530 neminis
1213 4464 1280 4531 fere
1298 4472 1452 4551 generosa
