3167 5192
316 360 358 425 90
652 369 838 421 nscrrouns
862 369 1136 418 unrunurrrrcs.
1303 352 1411 437 [incr.
1426 366 1468 413 vv.

315 552 429 610 vestrae
450 538 622 629 patientioe,
648 536 677 602 si
698 532 858 623 quomodo
880 533 1023 600 causales
1044 543 1120 599 sunt
1145 557 1188 599 ex
1213 534 1381 622 principiis
1407 534 1469 599 istis
1560 524 1561 529 ¹

315 641 554 711 Mathematicis
572 648 649 705 ortas
670 635 966 716 demonstrationes,
985 658 1072 701 nunc
1087 636 1277 723 aggrederer
1293 636 1470 703 distinctius

316 747 492 836 explicare3
514 766 574 811 nec
587 764 653 809 non
667 740 752 829 quod
766 740 901 827 hujusce
916 739 1140 827 disputationis
1154 740 1313 828 reliquum
1328 749 1380 807 est
1393 762 1471 805 nunc

318 849 524 917 absolverem.
570 846 684 933 Itaque
697 865 834 910 reservo.

688 1090 1103 1101 ffl—

775 1274 906 1342 LECT.
931 1274 1014 1340 VI!

400 1462 728 1531 ATHEMATIOAE
753 1461 921 1529 evidentiae
950 1484 987 1526 ac
1012 1460 1192 1527 certitudini
1222 1460 1405 1527 consultum
1431 1472 1475 1527 est

420 1568 617 1657 aliquatenus
638 1566 772 1631 lectione
792 1565 938 1654 proxime
960 1564 1131 1652 superiori3
1161 1574 1259 1630 restat
1279 1576 1317 1631 ut
1337 1566 1474 1653 ipsarum

319 1671 468 1759 dignitati
483 1691 710 1749 succurramus,
723 1668 871 1756 quodque
885 1674 994 1734 revers
1009 1667 1189 1735 scientificae
1204 1669 1277 1749 sint,
1293 1670 1474 1756 potissimas,

321 1774 473 1854 causales,
499 1784 532 1839 et
557 1771 716 1859 quomodo
741 1771 922 1837 distinctius
946 1792 1162 1858 exponamus3
1192 1794 1313 1839 necnon
1338 1785 1377 1839 ut
1401 1796 1475 1861 prse-
1560 1850 1561 1857 g

320 1876 432 1966 cipuis‚
451 1898 531 1964 quas
553 1873 725 1940 adversarii
747 1873 946 1960 pertendunt,
970 1872 1131 1939 instantiis
1152 1896 1362 1941 occurramus.

386 1976 481 2059 Quod
510 1977 639 2043 modum
668 1976 783 2043 attinet
811 1976 1015 2057 causalitatis‚
1046 1986 1191 2043 notemus
1220 1978 1378 2066 imprimis
1408 2000 1473 2044 oum

320 2078 502 2159 Aristotele,
517 2078 602 2166 quod
615 2078 650 2143 in
669 2078 756 2143 omni
775 2078 1025 2145 demonstrativa
1044 2079 1177 2145 scientis
1196 2080 1258 2145 tris
1278 2082 1474 2168 potissimum

321 2181 573 2261 considerentur3
603 2180 792 2267 subjectum,
815 2180 906 2266 cnjus
928 2180 984 2246 illa
1006 2182 1197 2247 necessarias
1218 2184 1384 2271 passiones
1405 2204 1474 2249 con-

320 2285 500 2373 templatur,
522 2282 705 2369 investigat,
727 2282 940 2364 demonstran
963 2284 1144 2349 communia
1164 2285 1382 2373 pronunciata,
1402 2306 1475 2373 quo-

320 2410 392 2454 rum
417 2385 559 2454 subsidio
580 2385 703 2473 quaerit,
731 2395 764 2450 et
785 2385 980 2451 demonstrat
1001 2386 1165 2473 passiones
1190 2386 1230 2452 de
1253 2388 1417 2474 subject03
1447 2394 1475 2451 et

321 2492 484 2581 passiones
505 2491 594 2578 ipsae,
610 2490 649 2555 de
671 2488 813 2576 subjecto
833 2488 1095 2555 demonstrandae.
1141 2492 1245 2556 Πᾶσα
1265 2490 1329 2579 γὰρ
1351 2489 1475 2559 ἀποδει-

322 2595 416 2679 κτικὴ
437 2592 600 2678 ἐπιστήμη
620 2591 696 2680 περὶ
717 2593 793 2679 τρία
813 2589 913 2666 ἐστὶν,
936 2589 1001 2657 ὅσα
1027 2617 1063 2657 τε
1085 2589 1166 2657 εἶναι
1187 2592 1323 2658 τίθεται·
1368 2595 1475 2659 Ταῦτα

323 2697 351 2764 δ’
366 2698 448 2779 ἐστὶ,
464 2697 502 2763 τὸ
522 2696 621 2779 γένος,
642 2692 679 2760 οὕ
700 2697 765 2760 τῶν
778 2692 850 2759 καθ’
866 2690 949 2759 αὐτὰ
969 2691 1173 2775 παθημάτων
1193 2692 1266 2759 ἐστὶ
1289 2694 1475 2782 θεωρητική·
1559 2724 1560 2749 ÷

325 2800 393 2865 Kal
417 2797 460 2864 τὰ
484 2797 575 2863 κοινὰ
599 2797 758 2881 λεγόμενα
780 2796 957 2880 ἀξιώματα,
980 2794 1017 2879 ἐξ
1038 2794 1082 2862 ὧν
1102 2798 1239 2884 πρώτων
1260 2796 1475 2865 ἀποδείκνυσι·

325 2899 394 2965 Kal
407 2900 524 2986 τρίτον,
540 2897 697 2980 τὰπάθη,
714 2896 758 2965 ὦν
771 2926 805 2965 τι
820 2896 969 2982 σημαίνει
983 2898 1121 2965 ἕκαστον
1134 2900 1321 2983 λαμβάνειι.

391 3001 443 3067 De
455 3002 597 3088 subjecto
616 3000 914 3069 Mathematicarum
930 3002 1231 3068 demonstrationum
1247 3003 1330 3069 nihil
1345 3002 1477 3071 occurrit

322 3102 494 3170 admodum
520 3101 724 3184 observabile,
748 3104 812 3168 nisi
837 3101 984 3191 quodid
1013 3124 1137 3192 semper
1161 3104 1268 3191 aliqua
1293 3106 1335 3171 sit
1360 3107 1477 3193 species

323 3208 564 3295 magnitudinis,
584 3207 772 3295 specificata,
793 3206 1011 3287 determinata,
1030 3207 1166 3273 discreta
1187 3208 1228 3274 ab
1250 3208 1322 3274 aliis
1343 3232 1401 3298 per
1423 3209 1476 3276 sli-

322 3334 420 3402 quam
447 3312 637 3399 reciprocam
662 3311 896 3398 proprietatem,
922 3318 960 3377 ut
985 3332 1062 3375 mox
1087 3312 1339 3399 explicabimus3
1369 3335 1423 3380 ex.
1446 3336 1475 3401 g.
1558 3322 1559 3325 ’

320 3416 423 3483 Linea
440 3425 535 3495 recta,
558 3414 706 3501 angrrlus,
726 3413 935 3501 triangulum,
957 3412 1103 3494 cherilus,
1127 3416 1238 3496 cubus,
1261 3416 1395 3503 sphaera,
1420 3428 1477 3483 stc.

321 3529 397 3587 sunt
421 3517 566 3606 subjecta
590 3515 896 3584 demonstrationum
922 3514 1234 3584 Mathematicarum.
1279 3518 1329 3584 De
1354 3520 1478 3606 passio·

322 3625 419 3690 uibus
441 3646 517 3689 vero
540 3618 795 3688 demonstrandis
820 3617 963 3698 observo,
986 3619 1073 3706 qnod
1098 3620 1164 3687 illae
1187 3619 1326 3709 duplicis
1353 3622 1477 3709 generis

322 3729 406 3808 sint3
436 3746 619 3793 communes
647 3734 680 3791 et
708 3722 853 3811 propriae.
899 3719 1094 3789 Communes
1122 3734 1208 3806 sunt,
1234 3746 1306 3811 quae
1336 3726 1477 3813 subjecto

324 3830 528 3910 conveniunt,
553 3827 730 3895 necessario
755 3824 896 3912 quidem,
922 3834 957 3890 at
981 3847 1046 3891 non
1070 3825 1140 3907 soli,
1164 3838 1259 3915 atque
1281 3829 1327 3895 ita
1347 3838 1384 3895 ut
1406 3830 1477 3895 aliis

775 3952 822 4001 ¹1.
837 3954 902 4002 Post.
915 3968 969 4017 asp.
980 3968 1019 4003 10.

376 4195 394 4226 ⁴*
412 4194 452 4251 Ol
459 4196 508 4251 the
520 4196 626 4268 dignity
638 4198 670 4254 ol
678 4198 879 4255 Mathematies.

375 4280 511 4338 Aristotle
529 4298 590 4352 says
606 4282 668 4339 that
684 4286 713 4339 in
730 4301 812 4356 every
830 4286 941 4341 Scianee
954 4286 1034 4341 thera
1051 4302 1100 4341 are
1118 4286 1199 4341 three
1218 4288 1291 4343 main
1308 4287 1412 4358 points:
1429 4285 1476 4341 tlre

323 4366 439 4437 subject,
450 4366 500 4423 the
511 4367 574 4422 urst
583 4368 739 4440 principles,
750 4372 807 4426 aud
818 4371 867 4426 the
878 4372 1032 4441 properties
1044 4372 1155 4442 proved

374 4452 433 4508 ’l’lre
443 4452 597 4522 properties
607 4468 656 4509 are
666 4454 757 4511 either
765 4472 901 4525 wmmoa,
913 4472 946 4511 cr
956 4473 1064 4528 proper.
