3167 5192
233 551 290 618 mg.
306 565 345 618 19.

235 677 261 724 A
293 674 321 724 ll.
333 685 353 726 1.

236 691 315 854 rt.
328 803 359 854 ι

397 373 463 442 194
613 427 616 432 .
699 389 888 442 nncrrosns
910 389 1149 442 onounrarcn.
1279 373 1387 462 [nucu
1406 391 1455 442 rr.

397 570 552 651 punctum
577 583 677 628 unum
702 560 747 626 M
764 559 800 625 in
826 559 927 625 BMZ
944 557 1067 647 reliqua
1092 567 1206 626 cuncta
1230 558 1324 628 lineae
1350 583 1456 629 curvae

397 676 516 754 puncta
530 665 653 731 suntin
668 663 828 751 parallelis
843 662 884 728 ad
898 663 966 728 ΒΖ.
1010 661 1099 749 Ergo
1113 662 1271 752 liquidum
1286 674 1335 730 est
1351 664 1456 754 ipsam

398 771 463 838 ΒΖ
478 770 514 836 in
535 792 599 835 uno
621 779 745 834 tantum
759 776 878 856 puncto
898 789 1027 833 curvam
1047 788 1161 832 secare.
1206 765 1280 834 Hoc
1294 768 1401 856 ipsum
1415 769 1457 836 de

236 870 381 1000 ggflfflffid
399 871 551 961 parabola
574 879 606 938 et
630 869 808 958 hyperbole
831 869 994 958 speciatim
1020 869 1159 936 ostendit
1182 869 1391 959 Apollonius,-
1416 872 1457 940 de

292 971 299 985 '
345 970 351 985 '
400 974 594 1042 sectionibus
609 970 793 1040 conoideon
808 969 1021 1038 Archimedes.

466 1150 527 1217 VI.
575 1147 651 1216 Non
680 1145 829 1215 dissimili
857 1146 952 1214 modo
983 1156 1071 1235 patet
1104 1148 1146 1216 ad
1174 1149 1250 1216 AY
1272 1151 1456 1240 parallelum

401 1253 559 1344 quamvis,
588 1251 704 1341 (qualis
728 1251 806 1337 PG)
834 1251 929 1318 unico
959 1263 1075 1340 puncto
1104 1255 1298 1344 propositam
1326 1282 1457 1328 curvam

401 1357 567 1443 attingere.
612 1352 706 1434 Quod
735 1352 834 1419 semel
859 1362 999 1421 occurret
1026 1354 1131 1440 (modo
1156 1357 1353 1426 contineatur
1373 1361 1458 1428 intra

401 1460 521 1526 limites
551 1455 719 1526 descensus
744 1480 801 1546 per
823 1455 902 1541 ΑΖ)
931 1466 1029 1545 patet,
1056 1458 1132 1545 quia
1160 1471 1313 1550 punctum
1340 1465 1459 1533 mobile

401 1562 551 1631 continuo
578 1560 781 1642 descendens,
806 1559 972 1626 indefinito
995 1583 1173 1649 progressu,
1197 1587 1268 1630 eam
1294 1565 1459 1636 indefinite

401 1675 581 1754 protensam
596 1663 767 1752 aliquando
781 1663 934 1750 trajiciet3
953 1686 1011 1729 nec
1026 1663 1060 1728 in
1075 1687 1111 1730 eo
1126 1674 1233 1733 tamen
1248 1681 1457 1760 praeterquam

250 1804 257 1820 ·
305 1804 311 1819 ·
401 1768 444 1836 ad
464 1789 565 1834 unum
587 1765 738 1854 temporis
757 1773 951 1830 momentum
970 1763 1128 1852 perdurat.
1173 1765 1329 1838 Videatur
1343 1771 1404 1842 boc
1418 1772 1458 1841 de

401 1869 594 1938 sectionibus
609 1866 726 1935 oonicis
741 1864 909 1932 ostendens
923 1864 1120 1954 Apollonius.

465 2044 546 2113 VH.
590 2043 685 2112 Patet
706 2065 816 2110 omnes
838 2066 943 2110 curvae
962 2044 1128 2113 subtensas
1147 2057 1248 2114 rectas
1263 2070 1336 2116 cum
1350 2051 1417 2118 ΑΖ
1425 2063 1458 2120 et

401 2150 431 2218 ei
445 2149 616 2240 parallelis,
632 2149 660 2215 si
673 2147 896 2237 producantur,
913 2170 1105 2217 concurrere.

468 2252 562 2334 Quod
583 2253 669 2320 enim
685 2253 835 2318 subtensa
853 2252 985 2341 quisvis,
1005 2263 1043 2319 ut
1059 2253 1139 2335 MN,
1158 2255 1215 2320 uni
1234 2257 1456 2343 parallelorum

403 2355 509 2438 alicui,
525 2364 562 2421 ut
576 2355 643 2436 BZ,
659 2354 804 2429 occurrit,
822 2354 868 2419 ibi
892 2354 1013 2420 scilicet
1034 2355 1091 2421 ubi
1113 2355 1184 2445 ipsa
1206 2380 1336 2426 curvam
1361 2375 1456 2448 secat,

402 2459 519 2527 exinde
533 2457 826 2525 manifestissimum
838 2467 895 2538 est,
907 2457 994 2546 quod
1007 2465 1074 2524 tota
1088 2482 1185 2527 curva
1198 2485 1254 2548 per
1270 2465 1456 2552 parallelum

402 2563 495 2630 dictae
517 2573 610 2630 rectos
632 2567 762 2629 motum'
778 2561 976 2628 describitur.
1021 2560 1120 2650 Erg0,
1136 2586 1209 2630 cum
1228 2567 1285 2631 uni
1305 2580 1455 2651 occurrat,

402 2666 551 2734 omnibus
572 2673 731 2745 occurrct3
753 2686 826 2751 quoe
847 2663 932 2729 enim
954 2663 1011 2728 uni
1032 2664 1254 2752 parallelorum
1276 2670 1456 2758 aequidistat

367 2760 370 2766 ⁴
401 2780 495 2852 reeta,
511 2767 628 2858 pariter
648 2768 798 2836 omnibus
820 2765 999 2856 equidistat,
1015 2767 1099 2834 utin
1114 2768 1268 2838 elemento
1287 2774 1389 2861 primo
1404 2775 1457 2842 de·

402 2882 603 2939 monstratur.

467 2973 581 3062 Operae
597 2973 736 3062 pretinm
755 2972 952 3039 existimavit
964 2973 1153 3062 Apollonius
1166 2976 1227 3045 hoo
1242 2977 1282 3046 de
1292 2981 1456 3069 parabole,

402 3085 436 3142 ct
449 3075 625 3165 hyperbole,
641 3074 807 3163 speciatim
822 3074 1044 3144 demonstrare.

467 3249 566 3319 VIII.
613 3249 722 3320 Simili
751 3251 847 3319 modo
875 3259 962 3341 patet
986 3263 1087 3324 rectas
1112 3281 1317 3348 quascunque
1346 3285 1459 3332 curvas

401 3363 569 3443 tangentes
585 3355 662 3441 (una
676 3363 801 3422 tantum
817 3356 984 3445 excipitur,
1000 3359 1042 3425 ad
1056 3370 1232 3430 extremum
1247 3364 1341 3434 lineae
1355 3389 1460 3436 recur-

251 3497 257 3510 ·
302 3473 365 3520 st·
401 3460 519 3527 tentis:
542 3457 609 3526 vid.
626 3466 663 3526 18
679 3457 804 3560 hujus3)
825 3459 939 3527 iisdem
958 3463 1120 3550 parallelis
1134 3487 1302 3536 occurrere.
1349 3470 1460 3539 Etiam

401 3564 472 3645 hoc,
499 3561 605 3650 quoad
632 3564 778 3630 aectrbaar
805 3565 936 3648 eunicae,
962 3587 1028 3633 uno
1053 3567 1107 3634 vel
1135 3568 1233 3638 altero
1262 3573 1460 3643 Ibecremate

401 3665 631 3734 demonstravit
644 3665 842 3754 Apollonius.

465 3853 529 3920 IX.
573 3853 725 3935 Quinimo
745 3863 839 3922 rectae
861 3857 983 3945 quaevis
1002 3859 1105 3950 ipsam
1124 3863 1192 3931 ΑΖ
1205 3875 1347 3936 secantes
1366 3867 1460 3955 (infra

399 3968 554 4046 punctum
569 3957 613 4039 A,
624 3979 781 4046 supraque
796 3957 941 4043 limitem,
954 3961 1055 4050 siquis
1069 3965 1139 4049 erit,
1150 3979 1256 4036 motus
1267 3969 1456 4060 descensivi)

400 4083 531 4129 curvam
545 4061 707 4127 secabunt.

467 4163 551 4230 Cum
565 4162 651 4229 enim
666 4183 777 4228 omnes
798 4161 861 4251 ipsi
880 4165 948 4230 ΑΖ
961 4168 1129 4256 parallelus
1149 4184 1265 4256 secent,
1290 4175 1387 4244 etiam
1408 4179 1459 4246 in-

237 4299 256 4338 r.
270 4298 310 4351 ιγ,
327 4289 365 4338 ιι.
401 4265 492 4333 finite
505 4263 667 4353 productas
681 4287 813 4331 curvam
832 4278 939 4334 secent
961 4281 1093 4358 oportet.
1137 4275 1332 4364 Hrp‘mmodi
1346 4281 1460 4372 ΒΜ).

401 4369 527 4435 tcmats's
555 4367 814 4435 demontrarent·
839 4368 875 4436 t’u
905 4373 1088 4446 sectionibus
1119 4381 1234 4450 wut'ot'e
1268 4381 1459 4454 laboriosam

402 4492 529 4559 operam
551 4468 708 4558 impendit
729 4469 928 4560 Apollonius.
