3167 5192
335 376 401 443 sle
671 391 864 443 nacuours
887 392 1158 444 urruuuumcs.
1304 377 1409 463 [unci.
1423 394 1480 441 xx.

401 562 597 632 Bullialdus¹
612 564 701 632 aliud
715 564 899 653 exemplum
914 565 1044 653 subjicit
1059 565 1182 633 numeri
1194 573 1233 632 29
1245 564 1287 631 sd
1297 573 1348 647 23,
1359 564 1482 631 difficul-

335 678 435 735 tatem
448 668 532 755 hanc
545 677 602 734 aut
615 690 680 734 non
695 668 863 734 advertens
883 668 1021 750 omnino,
1043 668 1096 735 vel
1115 668 1259 735 consulto
1278 667 1481 747 dissimulans,

336 784 368 840 et
383 772 525 839 Theonis
540 773 644 854 errori,
661 771 818 859 siquidem
833 795 917 837 error
930 770 1000 846 fuit,
1016 771 1226 838 subscribens.
1270 770 1358 837 Nam
1371 770 1482 835 numeri

337 884 377 943 29
402 876 443 941 ad
466 884 517 956 23,
541 875 624 941 ratio
646 883 695 940 est
717 874 813 962 plane
839 874 1157 962 supersextipartiens
1179 874 1353 961 vigesimus
1376 872 1482 951 tertius

336 979 519 1065 accipiendo
532 978 687 1045 rationem
702 978 982 1065 superpartientem
998 977 1092 1043 modo
1106 978 1277 1043 communi.

404 1081 469 1151 Sed
484 1080 524 1147 dc
539 1082 599 1147 hac
611 1104 646 1147 rc
660 1081 747 1146 satis.
778 1079 958 1145 Potuissem
973 1079 1126 1167 adjecisse
1139 1077 1266 1166 regulas
1280 1076 1483 1163 investigandi

336 1186 488 1252 terminos
502 1184 659 1271 quotlibet
673 1183 785 1248 harum
801 1182 942 1249 omnium
953 1182 1023 1271 jam
1037 1182 1253 1271 expositarum
1267 1182 1441 1263 rationum3
1457 1190 1485 1247 ut

337 1298 546 1376 preterquam
560 1285 646 1374 quod
660 1285 855 1351 audientium
869 1284 1090 1372 intelligentiae
1104 1286 1163 1351 vix
1177 1286 1408 1352 accommodari
1423 1308 1485 1373 pos·

338 1402 386 1459 set
403 1390 472 1471 hoc,
488 1398 522 1456 et
542 1410 607 1455 non
629 1387 801 1454 admodum
822 1387 902 1453 utile
923 1388 1013 1469 foret,
1029 1398 1061 1454 et
1082 1387 1184 1453 multa
1205 1389 1303 1455 verba
1324 1388 1485 1476 deposcens

338 1494 517 1561 charissimi
535 1492 687 1580 temporis
706 1491 843 1557 nimium
865 1491 1045 1573 devorarct;
1068 1492 1170 1572 adeat,
1186 1492 1213 1557 si
1235 1492 1288 1558 cui
1308 1491 1426 1581 volupe
1444 1500 1486 1557 est

337 1597 407 1665 haec
426 1598 511 1663 ultra
531 1596 688 1685 prosequi,
704 1593 855 1661 Cluvium
877 1594 912 1659 in
933 1594 1145 1683 praeccdaueis
1167 1594 1208 1661 sd
1222 1594 1265 1661 V.
1280 1594 1484 1674 Elementrm,

337 1702 389 1768 vel
404 1725 422 1768 e
436 1701 662 1769 vetustioribus
675 1698 909 1765 Nicomachum
923 1699 958 1764 in
972 1698 1205 1767 Arithmeticis.
1247 1697 1322 1786 Ego
1337 1700 1409 1787 jam
1422 1720 1487 1763 cuu-

339 1825 476 1890 qmesco.

713 1980 1124 1991 ——.———--—

793 2173 930 2241 nucu..
948 2172 1052 2241 xrs
1096 2144 1104 2159 '

403 2358 595 2431 ATIONIS
615 2362 649 2427 in
668 2362 919 2450 praecedentibus
933 2374 1078 2430 nstrram
1092 2364 1309 2452 exposuimus,
1323 2378 1353 2433 et
1364 2388 1484 2455 percen-

418 2465 540 2530 suimus
559 2465 697 2553 species:
721 2466 762 2531 ad
781 2464 850 2553 ejus
868 2464 1012 2553 proxime
1027 2464 1201 2533 accidentia
1214 2468 1357 2555 quaedam
1369 2467 1482 2535 excuti·

338 2568 421 2635 enda
435 2569 578 2635 devenio.
609 2568 738 2634 Accidit
752 2576 859 2634 eutem
873 2566 1047 2634 rationibus
1057 2568 1155 2657 juxta
1168 2569 1332 2657 vulgarem
1345 2569 1481 2659 loquendi

339 2670 479 2752 modum,
491 2679 682 2758 quantorum
696 2670 738 2736 ad
751 2669 861 2751 instar,
873 2669 949 2736 addi
964 2679 996 2736 et
1010 2670 1164 2752 subtrahi,
1177 2673 1286 2759 augeri
1297 2685 1328 2739 et
1338 2672 1479 2751 imminui,

338 2774 480 2861 protrahi
503 2785 536 2840 et
558 2774 712 2856 contrahi,
735 2771 943 2863 multiphcari
965 2797 1002 2840 ac
1025 2774 1137 2862 dividi,
1162 2775 1244 2841 inter
1267 2799 1301 2843 se
1324 2776 1478 2844 secundum

340 2876 551 2963 aequalitatem
570 2888 603 2943 et
621 2877 869 2965 inaequalitatem
889 2878 1081 2967 comparari3
1104 2901 1238 2967 quorum
1256 2880 1401 2948 ultimum
1420 2903 1481 2946 cum

339 2978 536 3066 praecipuum
561 2980 604 3045 sit
628 2981 662 3045 in
687 3004 732 3061 sc,
754 2979 947 3068 reliquisque
968 2982 1095 3069 penitus
1117 2982 1335 3072 intelligendis
1356 3006 1480 3052 necessa·

340 3079 433 3161 rium,
454 3089 542 3146 utet
563 3081 624 3148 toti
646 3081 980 3149 rationum'doctrinae
1005 3083 1212 3171 illustrandae,
1234 3087 1273 3154 de
1299 3112 1337 3156 eo
1360 3090 1480 3179 primum

340 3182 563 3271 disquiremus.

406 3286 459 3355 Itu
476 3299 583 3355 tamen
600 3302 637 3356 ut
657 3295 728 3360 mes
746 3290 860 3359 referat
876 3290 1011 3381 praefari,
1029 3316 1095 3360 rem
1110 3294 1242 3383 aggredi
1260 3320 1313 3364 me
1327 3294 1481 3367 subtilissi-

340 3416 427 3459 mam
448 3405 481 3459 et
501 3392 782 3470 intricatissimam,
802 3416 860 3460 seu
879 3394 926 3461 rei
947 3400 1070 3476 natira,
1091 3397 1159 3464 sivo
1180 3402 1381 3469 tractantium
1399 3398 1481 3487 culpi

341 3496 539 3565 densissimis
557 3497 684 3564 nebulis
704 3498 899 3580 involutam,
914 3498 1032 3587 quibus
1048 3508 1086 3566 ut
1105 3502 1233 3569 omnino
1252 3502 1407 3586 liberetur,
1426 3524 1480 3567 nou

341 3602 497 3691 estquod
518 3624 589 3667 mea
607 3596 745 3668 tenuitas
766 3610 823 3667 aut
843 3613 947 3690 speret
969 3613 1024 3668 aut
1045 3605 1206 3692 spondeat,
1229 3610 1399 3695 praesertim
1419 3629 1480 3672 cum

343 3704 565 3773 difficillimum
589 3704 734 3793 experiar
758 3707 971 3789 obversantes,
999 3704 1068 3774 haec
1092 3708 1174 3775 serit
1196 3710 1395 3777 meditatione
1421 3731 1481 3797 per·

342 3808 502 3896 pendenti,
518 3808 725 3896 cogitationes
739 3808 822 3897 aptis
837 3808 943 3876 verbis
957 3810 1134 3895 enunciare,
1149 3813 1234 3879 claud
1246 3814 1391 3881 methodo
1404 3812 1481 3897 dige-

342 3938 418 3982 rere.
464 3914 630 4003 Integrum
644 3912 897 4002 quinquennium
911 3914 1105 4003 impendisse
1120 3939 1153 3984 se
1167 3917 1332 4005 profitetur
1351 3918 1393 3984 hl.
1408 3914 1480 3981 hiei-

342 4016 469 4083 bomius
483 4017 558 4084 huic
572 4015 789 4106 speculationi,
804 4039 908 4104 neque
929 4008 1042 4106 praeter
1062 4018 1214 4087 leviculos
1236 4022 1385 4110 quosdam
1404 4016 1479 4085 criti·

650 4154 661 4187 1
678 4155 721 4204 aa
732 4153 793 4219 cap.
808 4168 848 4207 aa.
883 4152 1009 4219 mssa]
1020 4155 1173 4223 masma.

395 4380 550 4437 Bulliuldus
563 4384 658 4441 makes
670 4404 689 4442 s
701 4389 757 4445 lilre
771 4392 896 4449 mistake

397 4476 410 4503 ⁸
424 4466 567 4537 Additiou
580 4470 758 4544 subtraction,
770 4475 817 4531 &a
833 4478 863 4533 of
876 4479 969 4535 ratius.
