3167 5192
101 406 313 497 aucr.x111.]
443 426 631 477 uacrrouaa
653 426 931 479 uarasuarrca.
1204 406 1269 479 209

99 598 241 687 angulos
255 598 392 665 minores
408 598 532 665 duobus
552 599 656 680 rectis,
677 600 718 665 ab
736 600 799 665 ista
817 610 907 686 parte
927 599 1055 665 sibimet
1075 618 1267 680 occursuras,

98 704 149 769 ita
162 712 300 790 negetur
317 725 337 767 a
351 702 553 789 quibusdam,
569 713 606 767 ut
626 714 733 768 tamen
749 703 851 790 ipsius
871 702 1095 791 propositionis
1113 703 1231 768 veritas
1247 726 1269 769 a

99 806 233 872 nemine
247 812 378 871 vocetur
391 805 425 871 in
442 804 586 873 dubium.
633 806 679 872 Et
700 830 778 872 num
801 806 953 874 Euclides
974 808 1070 872 istam
1091 806 1270 895 proportio·

98 909 226 975 nalium
243 910 439 976 affectionem
454 910 535 987 bene
550 910 706 997 selegerit,
719 934 738 975 a
752 916 817 997 qut
832 910 978 977 definivit
992 911 1063 999 ipsa
1081 914 1166 997 (cum
1180 912 1267 978 bont

99 1012 267 1079 Prosodiae
282 1014 376 1080 venit
393 1014 487 1081 liceat
505 1013 677 1104 παρωδεῖν)
697 1012 876 1081 Geometras
895 1028 1022 1095 certant,
1038 1028 1066 1080 et
1086 1016 1191 1082 addae
1209 1016 1266 1081 aad

90 1116 208 1203 judica
239 1116 279 1181 Zaa
308 1129 361 1197 cat,
389 1116 480 1182 salvd
504 1126 612 1183 tamen
639 1117 691 1184 cui
715 1139 810 1183 nemo
836 1118 962 1205 sapiens
987 1140 1053 1183 non
1078 1118 1267 1206 astipulatur

100 1218 197 1285 istius
207 1218 442 1305 propositionis,
456 1218 517 1287 suh
528 1219 730 1287 theorematis
742 1218 989 1299 formatraditae,
1001 1218 1143 1285 veritate.
1170 1218 1267 1285 Ooru·

99 1323 196 1411 plura
208 1322 349 1409 proferre
363 1345 488 1411 possem
503 1324 660 1411 exempla,
677 1324 796 1409 quibus
810 1333 933 1389 constet
947 1346 1026 1410 quas
1044 1323 1266 1390 Mathematici

100 1436 236 1493 versant
250 1426 322 1493 lites
338 1426 571 1493 Mathematum
587 1426 768 1494 certitudini
782 1426 836 1492 vel
850 1426 1016 1493 evidentiae
1034 1426 1117 1492 nihil
1133 1426 1264 1508 officere,

102 1529 160 1597 sed
174 1530 279 1619 ipsam
293 1528 399 1617 potius
418 1528 639 1595 inconcussam
659 1527 834 1608 veritatem,
850 1528 1070 1595 intemeratam
1090 1529 1264 1595 claritatem

103 1654 246 1718 arguere,
274 1654 353 1718 quas
376 1632 459 1697 nulli
484 1626 735 1718 disputationum
762 1630 920 1697 tumultus
947 1629 1139 1711 dimoveant,
1166 1630 1264 1696 nullae
1371 1628 1378 1639 '

102 1733 332 1800 discordiarum
346 1734 448 1799 nubes
464 1733 683 1800 obtenebrant.

166 1835 283 1923 Neque
297 1836 476 1901 mirandum
491 1836 562 1917 hoc,
579 1858 677 1922 quum
692 1858 758 1901 nou
777 1836 818 1902 de
836 1834 1066 1924 praecipuarum
1085 1859 1190 1903 rerum
1209 1860 1267 1903 ve·

102 1941 205 2021 ritate,
223 1938 280 2007 sed
294 1940 334 2006 de
347 1938 544 2026 quarundam
559 1939 810 2027 propositionum
830 1939 957 2019 ordine3
981 1962 1045 2005 non
1065 1940 1104 2007 de
1123 1941 1265 2008 scientias

103 2042 302 2122 certitudine,
318 2042 375 2109 sed
390 2041 430 2108 de
445 2042 564 2108 sciendi
579 2040 729 2107 methodo
745 2040 911 2130 modoque,
928 2043 968 2109 de
982 2042 1172 2131 quibusdam
1192 2055 1266 2111 tan-

102 2158 171 2212 tum
188 2146 401 2212 exterioribus
417 2144 569 2231 litigetur,
588 2136 824 2233 Philosophicis
841 2146 947 2233 potius
964 2169 1061 2233 quam
1083 2145 1265 2213 Mathema-

100 2250 193 2317 ticis:
217 2272 289 2337 quae
304 2249 433 2336 quidem
450 2270 515 2314 uon
535 2271 647 2336 parum
667 2247 792 2314 intersit
811 2248 900 2330 scire,
917 2271 1050 2336 quaeque
1071 2248 1261 2332 distinctam,

100 2352 242 2440 plenam,
255 2362 288 2417 et
299 2362 476 2421 accuratam
488 2352 529 2417 ad
540 2349 851 2439 comprehensionem
861 2375 966 2418 rerum
977 2352 1012 2417 in
1026 2352 1265 2419 Mathematicis

100 2465 364 2545 pertractatamm
378 2454 527 2521 nonnihil
541 2456 736 2536 conducaut;
756 2464 789 2520 at
804 2479 876 2520 cum
892 2454 1084 2521 Geometriac
1099 2456 1264 2545 principiis

103 2568 297 2645 comparata,
316 2556 491 2645 (principiis
510 2556 591 2637 istis,
607 2580 741 2644 quorum
762 2556 840 2623 dum
858 2557 1026 2622 incolumis
1048 2558 1190 2645 persistit
1208 2580 1265 2624 ve·

100 2662 189 2737 ritas,
215 2660 343 2726 nullum
368 2657 509 2725 Mathesi
537 2659 667 2747 graviam
696 2658 932 2725 incommodum
961 2658 1108 2725 accedere
1137 2658 1263 2748 poterit,

100 2768 191 2835 nulla
207 2766 410 2835 Geometrica
423 2766 582 2834 conclusio
597 2768 688 2851 ruet)
706 2788 779 2833 cum
795 2766 854 2847 his,
867 2764 1009 2853 inquam,
1026 2766 1151 2845 collata,
1166 2789 1264 2854 parva

100 2872 153 2936 vel
166 2869 259 2937 nulla
273 2869 411 2957 reputari
425 2870 548 2958 possint
566 2868 638 2951 ista,
655 2869 694 2936 de
716 2869 833 2958 quibus
852 2868 1083 2956 digladiamur:
1107 2868 1186 2936 adeo
1206 2890 1264 2935 ve-

102 2996 171 3041 rum
186 2982 237 3040 est
252 2982 285 3038 et
299 2971 361 3054 hic,

480 3076 631 3135 'Minimas
651 3094 752 3136 rerum
772 3074 920 3137 discordia
938 3083 1037 3149 vexat,

348 3172 456 3233 Pacem
475 3190 593 3231 summa
611 3178 723 3233 tenent

101 3304 169 3372 Nec
190 3302 296 3391 igitur
316 3300 397 3368 mihi
418 3324 610 3389 magnopere
632 3301 713 3368 vitio
735 3303 887 3369 vertenda
908 3314 957 3370 cst
977 3303 1165 3391 pugnacitas
1188 3302 1259 3385 ista,

100 3432 153 3475 seu
168 3405 356 3497 proclivitas
371 3404 412 3470 ad
426 3404 654 3493 disputandum
669 3404 819 3472 derebus
834 3406 876 3471 ad
890 3407 985 3472 hasce
1004 3406 1153 3471 scientias
1173 3428 1263 3493 spec-

98 3512 255 3591 tantibus,
272 3532 345 3575 cum
360 3507 443 3574 nihil
457 3508 491 3574 id
506 3520 617 3574 noceat
632 3508 772 3597 ipsarum
788 3508 941 3588 firmitati,
958 3507 1014 3574 sed
1032 3507 1074 3572 ad
1093 3506 1263 3596 ἀκρίβειαν

98 3612 223 3701 aliquid
237 3610 388 3678 conferat.
434 3608 614 3677 Praesertim
630 3634 702 3677 curn
722 3610 790 3699 ipse
809 3610 856 3675 nil
876 3633 970 3697 agam
993 3608 1090 3690 aliud,
1111 3631 1149 3675 eo
1169 3633 1263 3675 cona·

99 3729 166 3783 tum
181 3738 312 3783 omnem
328 3713 473 3801 dirigam,
488 3724 525 3779 ut
540 3714 730 3802 disputando
744 3715 866 3780 radices
881 3713 1025 3794 evellam,
1044 3736 1155 3779 causas
1175 3736 1262 3779 amo·

101 3844 191 3886 veam
207 3817 403 3908 disputandi,
419 3840 523 3884 rerum
536 3817 641 3905 quoad
661 3829 768 3906 potero
788 3818 926 3884 rationes
946 3816 1150 3906 experientiae
1171 3816 1263 3883 truti-

104 3947 174 3989 nam
193 3922 395 4011 exponendo,
411 3944 430 3986 a
448 3920 682 4009 Metaphysicis
701 3922 836 4007 argutiis
856 3922 898 3987 ad
917 3944 1115 3987 communem
1133 3943 1261 3987 sensum

106 4026 207 4091 omnia
220 4024 393 4111 redigendo
405 4049 413 4106 3
436 4047 495 4091 nec
508 4024 675 4112 plerasque
688 4024 878 4112 quaestiones
892 4026 960 4113 ipse
976 4024 1065 4105 cudo,
1078 4024 1132 4090 sed
1143 4024 1261 4090 alicubi

109 4133 300 4217 (quanquam
325 4140 361 4195 ut
386 4128 559 4217 plurimum
585 4126 687 4194 levius
714 4127 885 4211 discussas)
914 4130 1045 4215 reperio,
1072 4129 1261 4197 senteutiam

543 4276 844 4289 ,.....---—-----

157 4369 225 4439 Only
245 4370 295 4427 the
315 4370 399 4427 order
417 4370 473 4427 and
491 4388 605 4427 manner
623 4372 654 4427 cf
667 4371 796 4441 kuovring
810 4388 858 4426 are
876 4367 1027 4424 discnssed.

160 4460 266 4529 Among
283 4459 475 4530 philosopham
491 4458 588 4515 rather
606 4459 673 4516 than
690 4457 929 4515 mathematiciaus
947 4456 963 4513 1
980 4454 1040 4516 find
1056 4453 1135 4511 these
1153 4456 1261 4511 contro·

110 4542 206 4599 versiae
217 4546 344 4615 eristing.

192 4632 221 4680 a.
234 4633 271 4685 n.
1133 4612 1175 4673 27
