3167 5192
274 353 338 419 168
608 372 794 423 nncrrours
817 373 1090 423 usrnuuarrcrn.
1256 356 1365 441 [mer.
1381 372 1432 420 xr.
1543 383 1544 388 ,

271 542 367 610 modo
380 544 520 611 materia
534 545 688 626 involuta,
703 546 849 613 sensibus
865 545 1020 633 exposita,
1036 545 1175 611 visibilis
1195 554 1228 611 et
1247 545 1432 633 palpabilis,

271 647 318 712 sic
334 656 372 713 ut
388 646 475 735 quod
493 670 583 712 mens
605 647 744 735 intelligi
759 649 863 736 jubet,
885 648 921 713 id
940 670 1054 713 manus
1076 646 1299 733 quadantenus
1317 650 1434 737 exequi

271 749 382 836 possit,
408 760 442 816 et
466 751 764 839 contemplationem
789 751 900 840 praxis
929 762 1090 839 utcunque
1120 760 1251 817 conetur
1277 752 1432 818 aemulari

273 851 354 933 Qua
367 864 475 920 tamm
488 854 622 920 imitatio
637 854 846 921 Geometricae
860 855 1136 922 demonstrationis
1150 856 1247 922 robur
1266 878 1306 921 ac
1327 856 1432 943 digni·

272 966 371 1025 tatem
389 959 509 1024 nedum
527 981 592 1025 non
611 959 751 1025 infirmat
770 969 826 1025 aut
844 959 1002 1047 deprimit,
1024 968 1058 1023 at
1078 958 1217 1025 validius
1237 960 1431 1041 constabilit,

272 1070 304 1125 et
324 1061 440 1127 attollit
459 1062 564 1142 altius,
582 1062 624 1127 ad
645 1072 781 1151 sumpta
804 1063 1030 1151 suppositionis
1051 1061 1227 1128 realitatem
1242 1086 1281 1128 ac
1294 1063 1433 1151 possibi-
1543 1093 1544 1098 ¹

271 1164 405 1245 litatem,
420 1166 504 1251 (qua
518 1188 594 1230 sane
609 1166 784 1251 genuinum
799 1178 856 1247 est,
872 1176 909 1232 ut
926 1166 1044 1253 saepius
1058 1166 1231 1247 innuimus,
1248 1166 1433 1233 omniscun-

271 1288 333 1354 que
347 1267 487 1334 scientia
499 1267 685 1353 fundamen)
702 1270 780 1357 ipsis
795 1279 958 1335 ostentans
978 1270 1135 1351 sensibus,
1155 1278 1188 1336 et
1204 1270 1339 1336 rationis
1359 1293 1433 1337 auc·

271 1374 430 1439 toritatem
444 1372 580 1439 fulciens
594 1374 746 1461 suffragio
760 1375 974 1462 experientia.

338 1476 475 1543 Virtutis
497 1475 576 1543 adeo
597 1477 758 1557 maximae,
776 1500 842 1544 non
863 1478 946 1543 labis
968 1477 1104 1568 alicujus
1126 1488 1183 1544 aut
1203 1478 1277 1543 vitii
1299 1477 1433 1545 demon·

271 1581 439 1647 strutiones
467 1590 617 1647 accusant
644 1581 884 1668 congruentiam
915 1582 1112 1661 adhibentes,
1144 1580 1201 1669 qui
1232 1579 1432 1648 Machaniear

270 1685 492 1772 cognationem
512 1684 581 1750 illis
602 1683 815 1771 adspergunt3
838 1685 887 1751 nil
908 1685 955 1752 eis
977 1690 1087 1752 revers
1108 1685 1196 1751 aliud
1217 1707 1315 1773 quam
1337 1686 1432 1771 {ami-

270 1788 439 1855 liaritatem
461 1798 494 1855 et
514 1788 700 1853 facilitatem
721 1788 884 1868 eximiam,
904 1788 1037 1852 nimiam
1059 1788 1263 1868 evidentiam,
1283 1800 1317 1855 et
1337 1790 1432 1875 quasi

270 1892 470 1958 nobilitatem
484 1893 723 1978 exprobrantes.
767 1890 854 1960 Sane
872 1915 931 1958 nec
948 1891 1017 1978 ipse
1036 1891 1170 1972 Remus,
1191 1916 1377 1981 quanquam
1397 1894 1431 1959 in

270 2004 392 2061 veteres
415 1993 502 2060 haud
523 2016 634 2082 aequus
660 1994 738 2060 adeo
763 1994 818 2059 vel
843 1994 1014 2081 benignus,
1037 1993 1115 2082 quid
1140 1994 1194 2060 hic
1219 1994 1317 2061 habet
1341 1994 1431 2083 qnod
1540 1989 1541 1992 ¹

270 2099 388 2185 culpet,
408 2106 442 2163 at
461 2096 619 2163 calculum
641 2120 736 2163 suum
757 2097 891 2183 adponit
911 2097 1112 2185 perlibenter,
1133 2107 1166 2164 et
1185 2121 1205 2163 a
1221 2098 1431 2184 congruentia

270 2201 399 2268 ductam
418 2200 725 2287 argumentationem
745 2200 950 2267 vehementer
968 2200 1132 2287 adprobat,
1150 2200 1320 2281 collaudat,
1334 2224 1430 2268 usur-

270 2314 345 2395 pat:
371 2305 448 2385 Hoc,
464 2304 578 2393 inquit,
593 2304 863 2371 dammnaticmir
876 2302 1035 2389 Euclides
1050 2326 1149 2391 pertus
1164 2318 1229 2371 tom
1241 2306 1428 2393 sepedictam,

270 2406 508 2497 amqaefaeia
524 2408 711 2474 summanr
725 2406 920 2494 amplectorl.

336 2512 401 2581 Sed
415 2511 495 2600 quid
507 2522 669 2598 receptum
686 2510 895 2577 communiter
914 2531 952 2575 ac
971 2509 1013 2575 ab
1032 2509 1112 2597 ipsis
1129 2507 1321 2576 Geomchise
1338 2512 1429 2599 prin·

269 2618 393 2705 cipibus
418 2626 451 2683 et
477 2614 655 2705 coryphaeis
682 2612 840 2701 (Euclide,
865 2612 1067 2694 Archimede,
1094 2612 1277 2701 Apollonio,
1302 2614 1426 2704 Pappo,

270 2720 416 2807 aliisque)
436 2730 624 2807 usurpatum
646 2715 885 2783 demonstrandi
907 2715 1037 2781 modum
1058 2725 1167 2781 contra
1186 2716 1300 2783 sciolos
1321 2720 1427 2785 nescio

268 2844 349 2910 quos
362 2830 598 2908 propugnatum
613 2817 674 2885 eo?
718 2817 805 2897 Quin
823 2818 893 2905 ejus
911 2816 1017 2905 potius
1036 2827 1193 2899 naturam,
1209 2828 1241 2885 et
1259 2820 1366 2907 qualis
1385 2822 1427 2887 sit

268 2924 339 2989 haec
352 2921 558 3007 congruentia
570 2920 799 2986 Mathematica
813 2919 943 3008 propius
957 2920 1146 2986 intueamur.
1176 2920 1425 3009 Congruentiam

269 3047 326 3113 per
339 3024 481 3111 ejusdem
495 3022 558 3088 loci
572 3021 625 3087 vol
643 3022 739 3109 spatii
758 3022 1006 3109 occupationem,
1022 3024 1265 3110 possessionem,
1279 3026 1426 3115 repletio-

268 3150 342 3193 nem
366 3126 502 3196 describi
526 3126 616 3192 solet.
662 3125 746 3191 Eam
766 3148 842 3192 vero
864 3125 983 3214 triplici
1005 3125 1100 3193 modo
1123 3126 1238 3193 factam
1261 3131 1423 3219 concipere

269 3231 362 3311 licet3
385 3252 441 3317 por
455 3228 723 3321 Applicationem,
744 3251 800 3317 por
823 3229 1069 3311 successionem,
1093 3253 1149 3318 per
1168 3231 1344 3299 Mentalem
1366 3234 1424 3302 Pe-

269 3332 494 3400 netrationem.
1157 3412 1164 3426 .

334 3439 396 3505 Per
406 3438 674 3527 Applicationem,
686 3461 759 3505 cum
769 3461 834 3504 una
845 3439 1032 3526 magnitudo
1045 3441 1288 3530 superimposita
1302 3442 1356 3509 vel
1371 3468 1422 3532 ap-

268 3543 373 3633 posita
386 3542 562 3631 concipitur
576 3542 676 3623 alteri,
693 3543 739 3608 sic
753 3552 790 3607 ut
805 3542 896 3607 illam
911 3544 1059 3611 omnibus
1079 3544 1129 3611 sui
1148 3546 1292 3633 partibus
1312 3546 1422 3613 imme-

269 3647 354 3715 diate
375 3648 550 3734 contingat,
573 3656 605 3713 et
626 3669 784 3734 nusquam
808 3648 849 3712 ab
871 3652 909 3711 ea
930 3646 1055 3714 recedat
1081 3657 1137 3714 aut
1160 3658 1330 3735 separetur.
1377 3648 1422 3716 Ut

268 3778 340 3820 cum
359 3776 508 3819 mensura
525 3750 571 3818 rei
591 3760 779 3817 mensuratas
804 3749 907 3836 (virga
928 3760 1020 3837 putes
1042 3751 1199 3817 mensoria
1220 3750 1292 3817 telae
1315 3752 1419 3831 limbo,

268 3855 321 3923 vel
340 3866 431 3922 rectus
450 3855 544 3921 lineae
566 3876 660 3941 super
681 3862 772 3920 terrae
791 3853 964 3941 planiciem
985 3854 1171 3940 designatae)
1196 3854 1375 3943 applicatur
1391 3866 1421 3921 et

268 3959 504 4040 coextenditur3
526 3960 561 4024 in
577 3964 642 4046 qut
655 3957 866 4046 applicatione
885 3968 990 4046 partes
1011 3960 1104 4025 unius
1125 3959 1335 4045 longitudinis
1357 3982 1419 4025 om·

637 4094 647 4127 ¹
663 4094 742 4145 Sobel.
755 4094 833 4145 Malla
847 4094 904 4145 Lib.
917 4106 978 4145 vm.
994 4108 1047 4159 170.

320 4308 396 4363 llven
409 4307 513 4363 Remus
525 4310 684 4365 commanda
695 4310 926 4367 demonstrations
938 4312 1032 4367 drawn
1044 4310 1114 4366 from
1127 4309 1308 4366 coincidence.

319 4395 409 4451 'l'hrcc
427 4410 500 4464 ways
519 4393 550 4448 of
566 4394 739 4453 coincidence
749 4418 757 4467 ;
779 4398 944 4469 application
953 4419 962 4466 ;
985 4397 1137 4453 succession
1147 4415 1155 4464 ;
1175 4395 1278 4453 mental
1297 4396 1418 4466 penctra-

265 4483 332 4540 tion.
