3167 5192
377 365 441 436 172
669 380 856 432 anemonas
876 381 1116 433 ououuuarcm.
1273 363 1379 450 [nucu.
1395 381 1434 430 11.

377 555 462 616 suas,
476 544 510 600 et
523 533 628 622 quoad
642 532 777 599 laterum
790 531 928 598 rationes
943 531 1150 620 comparatis;
1174 553 1246 619 qua
1260 553 1302 598 ex
1321 529 1435 620 positis

377 637 464 704 haud
484 637 611 708 difficile
629 636 868 725 perspiciantur,
888 658 926 701 ac
940 636 1202 702 demonstrentur.

442 739 552 821 Porro,
574 762 641 805 non
663 738 851 805 absimiliter
877 738 905 804 si
930 737 1109 806 velocitatis
1137 737 1256 824 gradus
1286 737 1436 806 continud

377 865 434 930 per
461 843 590 930 singula
615 843 766 930 temporis
795 842 947 908 instantia
976 843 1182 922 successione,
1213 841 1364 928 aquiete
1393 840 1436 908 ad

378 945 545 1012 definitum
574 946 718 1031 gradum,
744 944 798 1012 vel
826 944 1015 1031 retrograde,
1042 965 1178 1010 cresccre
1207 943 1434 1031 concipiantur,

378 1060 435 1116 aut
454 1052 631 1117 decrescere
648 1051 746 1137 juxta
769 1049 1019 1137 progressionem
1045 1071 1248 1115 numerorum
1274 1047 1436 1136 quadrati·

237 1187 246 1218 ι
265 1183 309 1222 ,a
379 1175 486 1220 corum
501 1163 742 1241 repraesentatur
755 1162 825 1218 tum
840 1152 959 1240 optime
978 1153 1129 1219 velocitas
1150 1163 1332 1240 aggregata,
1353 1151 1436 1218 sicut

378 1265 411 1322 et
440 1257 578 1344 spatium
611 1257 795 1344 hujusmodi
820 1266 909 1322 motu
938 1255 1125 1336 confectum,
1156 1278 1176 1320 a
1204 1254 1435 1342 complemento

379 1357 635 1447 Semiparabolae,
658 1359 762 1445 qualis
787 1369 836 1424 est
858 1359 967 1439 AEX,
994 1359 1083 1446 cujus
1106 1369 1218 1424 vertex
1242 1359 1276 1424 A
1295 1359 1435 1446 quietem

381 1464 450 1547 (seu
468 1471 574 1529 motus
591 1485 629 1528 ac
649 1462 800 1551 temporis
820 1462 973 1545 initium),
996 1472 1130 1548 tangens
1144 1463 1215 1528 ΑΕ
1231 1471 1357 1550 tempus
1380 1463 1436 1529 de·

377 1566 515 1647 finitum,
530 1565 616 1632 linea
629 1568 698 1633 ΒΧ
714 1566 853 1654 primum
872 1564 1050 1632 velocitatis
1072 1565 1275 1632 accrescentis
1290 1564 1434 1651 gradum,

380 1669 449 1756 (qui
463 1691 497 1734 se
511 1669 608 1736 habet
621 1679 659 1735 ut
673 1669 717 1753 1),
728 1669 875 1757 proxima
891 1669 955 1736 CX
964 1669 1137 1735 secundum
1153 1669 1287 1755 gradum
1305 1668 1436 1754 (habeu-

377 1782 443 1836 tem
465 1795 499 1838 sc
520 1781 557 1838 ut
577 1774 623 1857 4),
646 1773 842 1858 subsequens
857 1773 929 1837 DX
950 1771 1017 1858 (qui
1039 1794 1073 1838 se
1095 1771 1193 1838 habet
1212 1781 1250 1838 ut
1265 1772 1308 1855 9),
1330 1781 1364 1838 et
1389 1771 1435 1838 ita

377 1897 470 1961 porro
489 1897 590 1962 usqua
609 1876 651 1941 ad
669 1875 818 1942 ultimum
833 1876 915 1942 EX:
939 1874 981 1941 Id
996 1874 1080 1963 quod
1099 1899 1141 1941 ax
1160 1875 1327 1942 notissima
1343 1899 1435 1964 para-

377 1978 461 2046 bolas
470 1979 662 2067 proprietate
675 1979 878 2044 manifestum
893 1989 951 2046 cst.
982 1977 1105 2047 Eodem
1119 1979 1214 2067 plane
1224 1979 1318 2046 modo
1328 1979 1435 2068 quivis

377 2082 536 2168 suppositi
559 2081 737 2148 velocitatis
765 2081 895 2168 gradus,
921 2093 1081 2171 utcunque
1105 2082 1273 2150 crescentis
1300 2093 1356 2149 aut
1381 2082 1436 2150 de-

377 2185 556 2266 crescentis,
574 2185 724 2252 continuo
741 2185 795 2252 vel
812 2186 994 2274 interrupte,
1017 2185 1140 2273 quovis,
1160 2186 1301 2274 inquam,
1320 2187 1435 2275 imagi·

376 2287 480 2352 rabili
494 2287 588 2353 modo
602 2311 659 2375 per
676 2287 779 2354 lineas
792 2298 893 2355 rcctas
911 2288 953 2355 ad
967 2289 1117 2381 temporis
1135 2291 1434 2376 repraesentatrioem

377 2401 495 2458 rectam
509 2391 683 2479 applicatas
697 2393 883 2473 certissimo,
895 2392 1210 2478 commodissimoqne
1221 2393 1316 2460 modo
1330 2395 1435 2482 desig-

377 2495 447 2560 nari
466 2504 610 2584 possunt,
631 2501 792 2562 aasewata
812 2518 908 2582 quam
928 2495 1000 2582 quis
1021 2495 1188 2582 adsignare
1207 2497 1343 2563 voluerit
1362 2520 1435 2586 pro·

377 2598 538 2685 portione;
563 2598 666 2664 sicut
685 2598 761 2664 inde
778 2599 907 2684 cognita
923 2598 1018 2686 spatii
1037 2599 1291 2686 reproeseutantis
1311 2599 1434 2666 dimen-

377 2701 474 2782 sione,
484 2701 580 2788 spatii
590 2723 647 2789 per
657 2711 778 2767 motum
789 2700 924 2767 confecti
935 2701 1095 2788 quantitas
1106 2700 1231 2768 facilius
1243 2702 1432 2785 innotescat;

376 2813 409 2870 et
421 2803 587 2891 reciproca,
607 2805 738 2890 cognita
755 2805 852 2892 spatii
872 2805 951 2872 dicti
974 2812 1089 2872 natura
1102 2805 1280 2872 velocitatis
1299 2829 1336 2872 ac
1354 2817 1435 2872 tem·

375 2905 462 2994 poris
477 2905 709 2992 quantitatibus
725 2907 947 2992 dignoscendis
962 2907 1070 2996 aliqua
1088 2908 1147 2973 lux
1161 2909 1330 2996 affulgeat:
1354 2909 1434 2990 Quas

376 3008 506 3094 quidem
529 3009 662 3096 posthac
682 3009 886 3076 dicendorum
908 3010 1083 3077 intellectui
1104 3013 1289 3092 necessaria,
1312 3013 1434 3101 totique

375 3118 521 3175 motuum
544 3110 675 3177 theorias
696 3134 762 3177 uon
785 3134 898 3200 pamm
921 3124 957 3179 ut
983 3113 1110 3180 videtur
1135 3115 1229 3181 utilia
1253 3113 1360 3182 ristun
1386 3123 1434 3182 est

375 3213 485 3301 paullo
506 3213 608 3280 fusius
630 3214 777 3304 exposita
798 3215 997 3304 praemittere.
1042 3215 1114 3297 Qua
1135 3217 1318 3306 perfunctus
1340 3223 1435 3307 opert

375 3315 489 3404 pedem
504 3316 579 3404 figo.

799 3724 930 3796 LEOT.
964 3727 1013 3795 ΙΙ.

441 3923 594 4007 ARIOS,
619 3923 737 4012 quibus
757 3922 920 4012 producta
949 3923 1167 4012 concipiantur
1195 3925 1433 4012 magnitudines

455 4029 598 4117 aggressi
611 4028 722 4096 modos
743 4027 951 4108 considerare,
972 4027 1110 4116 primum
1129 4038 1161 4094 ct
1175 4029 1369 4116 praecipuum
1383 4040 1433 4096 at-

373 4133 497 4219 tingere
521 4131 673 4220 capimus
698 4131 801 4212 illum,
824 4131 881 4219 qui
902 4139 992 4197 motu
1017 4131 1179 4218 peragitur
1200 4129 1303 4198 locali.
1349 4130 1433 4200 Cum

373 4257 448 4302 ,vero
474 4235 597 4302 soleant
617 4234 836 4302 Mathematici
861 4233 1100 4316 diversimodos,
1123 4257 1141 4301 a
1163 4235 1281 4322 quibus
1302 4235 1373 4302 aliae
1395 4259 1434 4304 ac

373 4337 446 4402 aliae
459 4337 696 4424 magnitudines
709 4337 874 4418 resultant,
886 4345 991 4402 motus
1002 4336 1167 4404 adsumere
1181 4360 1240 4405 ceu
1253 4338 1431 4426 possibiles,

372 4441 453 4529 duos
467 4439 510 4508 ad
522 4440 627 4508 fontes
640 4440 781 4528 digitum
797 4439 1001 4526 intendimus,
1024 4463 1043 4508 e
1062 4440 1180 4530 quibus
1199 4441 1270 4510 istae
1287 4431 1431 4511 motuum
