3167 5192
116 398 213 449 nucu.
230 382 354 469 xviia]
463 398 650 449 tumueras
671 397 946 447 narnnuarron.
1219 379 1284 447 295

115 568 151 632 in
177 576 373 655 quantorum
399 565 577 633 differentia
602 572 783 655 comparata
806 589 878 633 eum
908 566 1030 633 utrovis
1059 574 1198 654 quant03
1228 564 1285 652 qui

116 681 229 737 tamen
243 670 396 758 loquendi
414 668 529 736 modus
549 669 721 735 admodum
740 670 776 735 in
797 693 830 737 se
850 670 986 735 difficilis
1006 681 1055 737 est
1074 680 1106 737 et
1123 670 1285 749 obscurus,

117 797 327 861 errorumque
341 774 431 840 ferax
445 774 717 860 gravissimorum,
732 785 770 839 ut
783 774 893 841 videre
907 785 955 841 est
970 796 1012 838 ex
1027 774 1067 839 iis
1085 796 1157 860 quse
1176 782 1285 838 contra

118 875 312 943 Hobbium¹
329 885 362 942 et
383 875 593 942 Meibomium
615 875 757 963 disputat
778 874 916 942 eximius
938 876 1006 955 vir;
1030 898 1165 963 quorum
1186 875 1287 961 igitur

117 978 261 1044 rationes
283 977 466 1066 explicandi
486 978 618 1044 modum
639 1002 699 1044 nec
716 979 815 1067 probo
837 1001 895 1044 nec
916 977 1061 1045 defendo,
1105 976 1153 1043 At
1172 978 1286 1043 saltem

120 1079 194 1145 diuo
208 1079 396 1145 relationem
411 1090 603 1165 quantorum
618 1078 723 1167 quoad
743 1079 964 1161 differentiam,
980 1078 1136 1167 siquando
1155 1102 1212 1168 pro
1232 1080 1287 1145 de·

120 1180 335 1246 terminandis
348 1189 539 1268 quantorum
553 1181 710 1248 mensuris
725 1181 962 1247 considerantur
976 1206 996 1247 a
1010 1181 1199 1262 Geometris,
1216 1205 1286 1248 eam

120 1293 158 1348 ut
168 1284 213 1349 ab
224 1283 291 1348 illis
302 1283 471 1350 adhibetur
479 1283 665 1372 plerumque
674 1307 746 1350 cum
758 1284 959 1352 Geometricd
969 1286 1090 1351 ratione
1099 1286 1286 1352 tantundem

120 1388 269 1453 innuere.
310 1386 508 1477 Quapropter
529 1411 599 1454 eam
621 1388 799 1475 neglexerit
813 1388 966 1455 Euclides
980 1400 1017 1454 ut
1031 1390 1084 1456 vel
1098 1414 1209 1478 parum
1224 1391 1289 1457 uti·

121 1490 198 1571 lem,
216 1489 272 1555 vel
285 1499 322 1555 ut
336 1490 468 1557 minime
482 1489 640 1556 diversam
655 1515 675 1555 a
688 1492 810 1557 ratione
825 1489 1034 1557 Geometriea

190 1602 223 1659 5.
269 1591 335 1660 Sed
359 1594 543 1681 progredior
564 1593 759 1661 advertendo
780 1594 902 1681 quinto,
925 1616 1019 1660 voces
1042 1594 1077 1658 in
1102 1593 1287 1663 definitione

120 1698 246 1785 positas
260 1696 342 1784 πρὸς
355 1696 490 1777 ἄλληλα
504 1698 712 1763 communiter
725 1698 843 1786 exponi
857 1711 963 1763 mutuo
977 1697 1029 1763 vel
1044 1698 1089 1763 ad
1101 1722 1133 1763 ee
1147 1700 1288 1780 invicem,

120 1823 189 1887 quo
204 1800 379 1887 significari
394 1801 519 1867 videtur
536 1801 739 1889 reciprocatio
754 1801 910 1889 quaedam,
931 1811 963 1868 et
983 1801 1105 1868 alterna
1123 1801 1288 1868 relationis

119 1903 261 1991 hujusce
282 1902 484 1990 permutatio,
506 1903 651 1969 terminis
672 1904 719 1969 ita
739 1904 948 1992 transpositis,
972 1914 1009 1969 ut
1030 1928 1115 1971 nuno
1137 1906 1180 1971 sit
1201 1915 1289 1972 ante·

121 2006 254 2086 cedens,
273 2006 330 2094 qui
351 2005 445 2071 modo
467 2028 663 2093 consequens
684 2005 804 2087 fuerat3
827 2030 898 2093 quae
920 2006 1050 2094 quidem
1071 2008 1288 2095 interpretatio

120 2107 211 2173 mihi
231 2131 297 2173 non
319 2107 444 2188 arridet,
463 2117 573 2196 utpote
595 2108 755 2195 quandam
777 2108 839 2197 ipsi
860 2108 1039 2175 definitioni
1061 2110 1289 2177 absurditatem

122 2212 322 2299 impingens.
367 2210 541 2277 Enimvero
556 2210 585 2276 si
599 2211 743 2277 terminis
758 2212 957 2299 transpositis
971 2212 1144 2278 alternetur
1163 2224 1218 2279 aut
1240 2213 1290 2279 in·

124 2323 272 2380 vertatur
285 2314 487 2401 comparatio,
503 2322 681 2399 exsurgrmt
694 2312 766 2378 duae
780 2314 948 2380 relationes
963 2313 1135 2381 admodum
1153 2314 1236 2381 inter
1256 2338 1290 2381 se

126 2417 274 2483 diversa.
319 2414 370 2483 Ut
387 2438 420 2481 v.
430 2439 462 2502 g.
482 2416 576 2482 lineae
594 2414 759 2503 tripedalis
774 2416 816 2481 ad
830 2415 976 2503 pedalem
989 2415 1101 2483 relatio
1116 2426 1164 2483 est
1178 2417 1290 2483 relatio

125 2519 223 2606 tripli
237 2518 278 2585 ad
289 2542 401 2599 unum,
417 2518 470 2584 vel
484 2519 566 2585 ratio
579 2517 694 2606 tripla3
717 2516 774 2583 sed
787 2517 914 2583 inverse
928 2517 1039 2583 relatio
1058 2517 1151 2584 lineae
1169 2518 1291 2606 pedalis

126 2620 172 2687 ad
192 2620 379 2709 tripedalem
400 2629 450 2686 est
470 2620 582 2686 relatio
604 2620 700 2686 unius
721 2618 763 2683 ad
784 2618 926 2706 triplum,
948 2618 1000 2684 vel
1022 2618 1179 2707 subtripla
1200 2620 1290 2702 ratio,

128 2749 212 2816 quas
222 2724 360 2791 rationes
374 2717 647 2791 denominantium
663 2744 867 2788 numerorum
882 2744 966 2787 unus
982 2722 1112 2789 alterius
1131 2724 1291 2812 nonuplus

128 2847 190 2903 est
222 2830 338 2930 (Η
354 2856 375 2900 ><
390 2836 434 2919 3).
478 2834 584 2921 Igitur
604 2831 687 2923 πρὸς
708 2832 843 2915 ἄλληλα
863 2832 970 2922 potius
991 2834 1177 2923 interpretor
1197 2838 1292 2904 unius

130 2944 174 3011 ad
189 2944 297 3023 aliam,
312 2944 365 3010 vel
379 2942 561 3009 alterutrius
575 2942 617 3008 ad
631 2942 736 3008 aliam.

196 3045 311 3113 Voluit
330 3044 415 3112 enim
432 3043 648 3133 proculdubio,
669 3044 842 3111 certissime
862 3045 981 3127 debuit,
997 3071 1094 3114 unam
1114 3049 1291 3137 simplicem

129 3149 229 3215 unius
249 3147 481 3235 magnitudinis
504 3147 545 3213 ad
567 3146 673 3228 aliam,
695 3170 760 3213 non
782 3148 862 3213 duas
884 3148 980 3215 simul
1005 3152 1142 3219 rationes
1164 3154 1293 3220 sibimet

130 3254 275 3319 inversas
290 3250 430 3318 definire.
476 3248 561 3329 Quia
574 3272 650 3315 vero
664 3249 748 3315 nihil
761 3250 911 3317 intererat
925 3263 997 3318 utra
1010 3255 1197 3341 magnitudo
1212 3280 1293 3344 prae·

131 3354 283 3435 oedentis,
298 3353 334 3418 iu
350 3353 411 3419 hac
430 3352 672 3442 comparatione,
688 3351 741 3417 vel
760 3354 980 3441 consequentis
1001 3355 1106 3422 locum
1127 3368 1294 3445 occuparet

133 3457 408 3547 (quandoquidem
422 3457 591 3523 indiscrete
605 3456 727 3543 quaevis
741 3455 929 3543 magnitudo
944 3458 985 3522 ad
1001 3460 1147 3545 quamvis
1163 3460 1293 3525 alteram

130 3562 364 3648 homogeneam
374 3561 529 3627 rationem
541 3558 664 3626 obtinet
674 3558 840 3646 aliquam),
852 3558 924 3625 ideo
934 3560 1041 3647 posuit
1054 3559 1135 3649 πρὸς
1150 3559 1294 3642 ἄλληλα,

127 3690 195 3755 quo
210 3664 410 3752 significatur
425 3663 599 3753 ἀδιαφορία
613 3662 770 3751 quaedam,
786 3662 892 3750 quoad
907 3663 1004 3728 situm
1020 3674 1052 3729 et
1066 3664 1208 3729 ordinem
1230 3674 1294 3730 ter·

128 3770 304 3835 minorum.
351 3767 522 3854 siremps
543 3775 765 3853 comparentur
785 3763 870 3831 inter
891 3788 925 3831 se
947 3765 1019 3831 dua
1036 3766 1185 3854 qualibet
1205 3791 1295 3855 mag·

125 3870 299 3939 nitudines
323 3870 528 3958 homogeneae
554 3867 659 3956 quoad
688 3868 907 3956 quantitatem,
935 3890 1130 3958 quaecunque
1159 3881 1296 3959 ponatur

127 3972 336 4056 antecedens,
352 3974 422 4062 ejus
436 3972 478 4040 ad
492 3971 623 4039 alteram
637 3970 748 4039 relatio
763 3970 880 4039 dicitur
892 3972 983 4038 ratio.

343 4110 1079 4175 ¹Hobb.d000rp.cap.xr.33,5;111.§8;xn1.§r.

187 4340 237 4412 (5)
263 4338 393 4395 Relatiou
406 4339 439 4395 of
449 4339 626 4409 magnitudas
642 4341 767 4394 towards
781 4340 848 4395 euch
864 4340 948 4393 otdar.

184 4427 256 4482 nnis
272 4426 341 4481 does
357 4428 408 4482 not
424 4441 505 4481 mean
522 4426 641 4482 mutual
657 4425 782 4493 relation,

188 4512 250 4568 But
266 4511 386 4567 relation
403 4510 435 4564 ol
448 4526 501 4566 one
517 4514 548 4567 to
565 4510 615 4566 the
632 4510 719 4565 other.
