3167 5192
122 410 214 461 nscr.
231 398 332 483 x111.]
463 412 648 465 uscnonss
671 414 944 464 usrnnnmmn.
1215 396 1279 463 199

120 580 323 648 verissimum
337 592 393 663 est,
405 582 512 649 omnia
525 606 642 669 magns
653 582 798 670 aqualia,
810 581 1016 670 quantumvis
1027 580 1131 670 specie
1142 580 1276 661 diversa,

121 684 171 751 vel
186 684 360 752 dissimilia
374 686 436 752 sibi
450 707 542 773 posse
556 709 736 772 congruere.
782 684 903 751 Verum
920 684 1049 772 quidem
1069 694 1119 750 est
1137 684 1278 771 ejusdem

120 788 233 874 speciei
263 790 512 876 magnitudines,
540 802 571 855 et
600 789 662 855 sibi
687 788 915 876 perfectissime
939 788 1060 853 similes
1086 789 1135 872 (ut
1162 810 1277 875 nempe

119 904 216 958 rectas
238 892 353 973 lineas,
376 894 491 980 equali
512 894 600 959 radio
623 893 797 980 descriptos
819 892 961 972 circulos,
984 891 1121 979 equales
1142 892 1278 978 angulos

118 995 310 1082 rectilineos)
322 997 473 1084 peculiari
483 996 621 1084 quodam
632 996 736 1077 mode,
746 1006 867 1062 retento
881 1020 995 1084 nempe
1005 995 1143 1083 partium
1156 996 1276 1076 ordine,

119 1100 241 1187 situque
272 1102 460 1187 neutiquam
486 1100 607 1166 variato
639 1100 878 1187 congruentiam
908 1099 1062 1165 actualem
1092 1099 1276 1179 admittere3

119 1201 239 1268 facilius
254 1204 356 1269 etiam
371 1204 510 1291 ipsarum
524 1203 687 1291 possibilis
701 1203 908 1289 congruentia
921 1202 1177 1292 deprehenditur,
1188 1212 1221 1269 et
1235 1226 1278 1267 ex

120 1304 255 1393 ipsarum
270 1306 381 1373 forsan
394 1307 576 1373 definitione
590 1308 697 1372 statim
713 1306 863 1387 infertur3
883 1318 917 1372 at
929 1330 996 1372 non
1009 1307 1116 1372 minus
1130 1307 1191 1373 hoc
1206 1330 1278 1373 vere

119 1411 263 1476 convenit
291 1410 443 1477 omnibns
472 1410 545 1476 aliis
571 1411 746 1497 equalibus
774 1412 911 1497 magnis,
938 1434 1011 1497 qnae
1038 1411 1181 1499 partibus
1210 1411 1277 1476 suis

120 1514 308 1600 quibusdam
324 1514 534 1595 translocatis,
550 1524 582 1581 et
596 1515 701 1601 figure
715 1522 773 1580 sut
791 1515 940 1580 nonnihil
957 1516 1126 1579 immutate
1144 1527 1278 1603 possunt

120 1638 208 1703 quam
219 1618 458 1685 accuratissime
469 1616 537 1684 fieri
548 1628 772 1705 congruentes3
788 1618 851 1684 hoc
860 1628 917 1693 cst,
929 1618 1024 1684 unius
1038 1628 1144 1706 partes
1159 1620 1243 1705 (quae
1258 1642 1279 1683 a

120 1730 180 1786 toto
193 1744 258 1788 non
275 1721 441 1807 differunt)
458 1721 587 1787 alterius
602 1720 740 1809 spatium
758 1730 870 1787 exacte
886 1720 1103 1809 possidebunt
1148 1719 1277 1807 Figura

120 1844 189 1889 vcro
209 1823 349 1889 retentio
370 1823 453 1889 nihil
477 1823 596 1911 adjicit,
620 1834 656 1889 ut
678 1847 737 1889 nec
761 1824 830 1911 ejus
854 1824 996 1891 alteratio
1019 1823 1149 1911 derogat
1171 1846 1278 1911 tequa-

122 1923 196 1991 litati
211 1927 264 1992 vel
284 1927 503 2013 congruentiae
519 1926 798 2014 magnitudinum
821 1950 879 1993 nec
896 1927 1026 1993 omnino
1043 1927 1120 1993 facit
1135 1926 1218 2013 πρὸς
1235 1926 1279 1993 τὰ

123 2026 239 2117 ἄλφιτα
262 2032 338 2119 ejus
361 2031 414 2097 hic
437 2030 662 2111 consideratio;
692 2041 729 2097 nt
752 2053 856 2118 neque
877 2031 1039 2119 possibihs
1062 2032 1277 2120 congruentia

123 2130 216 2197 facilis
236 2133 290 2199 vel
317 2132 456 2198 difficilis
480 2131 737 2220 comprehensio:
767 2156 843 2198 nam
867 2156 956 2220 aeque
979 2157 1090 2200 verum
1113 2144 1172 2214 est,
1191 2134 1277 2221 quod

123 2256 172 2320 per
190 2236 279 2303 mille
301 2236 504 2303 discursuum
528 2238 678 2323 ambages
704 2235 847 2323 legitime
869 2236 1109 2318 demonstratur,
1132 2260 1169 2303 ac
1190 2237 1277 2324 quod

122 2336 231 2405 intuitu
246 2340 355 2427 primo
370 2338 567 2427 perspicitur,
582 2351 639 2404 ant
653 2339 746 2405 unico
761 2340 925 2405 confestim
940 2339 1065 2405 elicitur
1080 2340 1275 2426 syllogismo.

180 2441 334 2509 Euclides
358 2464 433 2507 sane
457 2441 540 2507 dstoe
562 2441 732 2509 rectilineae
758 2443 869 2528 figurae
892 2443 1043 2529 cujusvis,
1070 2466 1143 2507 cum
1169 2442 1276 2529 aliquo

125 2542 325 2612 determinato
341 2544 503 2632 quadrato,
519 2546 660 2632 cujusvis
675 2545 786 2611 solidae
801 2545 912 2631 figura
925 2546 1032 2632 plenis
1051 2545 1276 2633 superficiebus

125 2659 268 2715 contentae
282 2670 362 2714 cum
376 2646 482 2734 aliquo
497 2656 581 2713 certo
596 2649 676 2713 cubo
694 2648 932 2733 congruentiam
949 2647 1179 2714 demonstravit
1198 2651 1275 2734 (eut,

124 2760 268 2835 quatenus
295 2751 361 2816 hoc
385 2760 578 2838 postremum
601 2749 670 2816 fieri
694 2751 808 2838 potuit,
832 2750 1031 2836 attentavit);
1057 2750 1093 2815 id
1113 2761 1170 2825 est,
1189 2752 1276 2839 ipsas

126 2850 305 2921 dimetiendi
326 2853 457 2920 modum
479 2852 604 2919 edocuit
627 2863 683 2919 aut
706 2854 929 2940 investigarit:
960 2854 1170 2921 Archimedes
1190 2856 1276 2922 ultra

126 2976 302 3045 progressus
330 2956 464 3022 circulos
493 2966 525 3022 et
554 2966 688 3023 sectores
715 2956 891 3032 circulares,
917 2982 976 3025 nee
1003 2980 1069 3025 non
1094 2959 1275 3046 superficies

126 3082 236 3143 envas,
244 3061 385 3142 oonicas,
395 3060 585 3149 cylindricas
595 3060 763 3149 sphaericus
774 3062 978 3149 comparavit,
990 3074 1022 3128 et
1032 3062 1111 3129 alias
1121 3087 1193 3130 cum
1202 3064 1275 3131 aliis

127 3184 300 3251 congruere,
315 3163 575 3253 perclarissimos
591 3164 830 3251 consequentias
845 3164 1082 3232 demonstravit
1115 3168 1209 3249 Cum,
1225 3168 1275 3232 in·

127 3290 220 3353 quam,
235 3295 262 3337 e.
275 3294 313 3358 g.
329 3270 555 3336 demonstravit
569 3268 778 3335 Archimedes
793 3268 945 3334 circulum
959 3270 1077 3357 equari
1091 3272 1274 3357 rectangulo

128 3371 281 3459 triangulo,
299 3372 391 3458 cujus
402 3372 489 3440 basis
503 3370 592 3437 radio
602 3370 720 3451 circuli,
733 3370 877 3437 cathetus
886 3371 1071 3460 peripheria
1080 3383 1273 3459 exaequetur,

133 3468 187 3549 (vel
200 3476 284 3560 quod
299 3475 412 3542 eodem
429 3474 556 3555 recidet,
572 3475 726 3561 quadrato
741 3475 832 3561 cujus
851 3474 934 3540 letus
953 3486 1003 3540 est
1021 3475 1128 3540 media
1146 3498 1274 3563 propor-

132 3572 244 3643 tionalis
265 3582 350 3646 inter
370 3578 493 3645 radium
515 3590 547 3645 et
564 3578 855 3665 semiperipheriam
872 3577 993 3662 circuli)
1002 3604 1011 3658 ;
1029 3578 1078 3643 nil
1094 3578 1158 3658 ille,
1174 3579 1274 3665 siquis

133 3681 247 3767 propius
268 3682 422 3763 attendat,
446 3681 534 3747 aliud
551 3681 721 3768 quicquam
738 3704 834 3769 quam
852 3706 958 3749 arcam
976 3681 1086 3747 circuli
1105 3704 1163 3748 oen
1180 3682 1274 3770 poly-

134 3783 198 3863 goni
211 3787 365 3873 rcguleris
379 3786 543 3852 indefinite
557 3785 659 3851 multa
673 3784 771 3850 latera
786 3785 942 3866 habentis,
957 3786 993 3851 in
1006 3795 1055 3851 tot
1068 3785 1170 3850 dividi
1183 3808 1275 3873 posse

133 3884 332 3957 minutissime
359 3889 528 3977 triangula,
555 3912 625 3976 quae
651 3889 782 3955 totidem
807 3888 992 3955 exilissimis
1017 3890 1093 3956 dicti
1122 3891 1273 3977 trianguli

135 3985 251 4073 trigonis
262 4002 427 4080 equentur
437 4017 445 4073 3
461 4014 568 4057 eorum
579 4014 653 4057 vero
664 3990 894 4077 triangulorum
906 3992 1070 4079 aequalitas
1084 4017 1103 4060 e
1117 3993 1185 4059 solt
1198 4016 1273 4060 eon-

136 4097 264 4173 grnentia
278 4098 510 4164 demonstratur
524 4096 559 4160 in
573 4094 762 4161 Elementis.
808 4093 907 4163 Unde
921 4104 1147 4185 consequenter
1156 4098 1273 4166 Archi-

137 4196 230 4265 medes
246 4202 354 4269 cireuli
372 4224 445 4267 cnm
464 4199 624 4286 triangulo
644 4198 718 4277 (sibi
731 4200 941 4285 'quantumvis
960 4201 1120 4290 dissimili)
1139 4228 1272 4292 congru-

181 4432 233 4490 Bnt
242 4438 305 4509 they
316 4456 372 4496 err.
407 4440 454 4495 All
465 4443 546 4512 eqnal
558 4444 732 4513 magnitudes
743 4443 865 4499 coincidc
871 4442 1047 4513 potentiana.

181 4517 233 4575 'llic
242 4526 434 4597 transposition
446 4528 477 4581 ot
485 4532 562 4597 parts
574 4528 641 4584 does
651 4532 700 4584 not
711 4529 792 4583 melre
803 4528 859 4583 this
869 4529 924 4584 less
934 4531 1006 4583 tme.
