3167 5192
111 396 286 483 nne-r.v1.]
463 414 649 464 rumonus
671 413 944 462 uarnnuamcm.
1231 396 1273 461 95

111 581 320 662 declinantes,
345 582 488 668 adeoque
512 591 604 647 terrae
628 604 693 647 non
722 590 932 659 occursantes,
962 579 1071 645 lanam
1101 580 1271 667 attingent,

110 684 164 750 vel
179 684 311 750 aliunde
326 683 405 748 luna
418 684 489 750 luce
507 683 723 771 perfundetur.
769 682 841 748 Imo
859 682 963 768 posito
981 682 1048 747 sole
1062 704 1126 747 non
1143 684 1273 769 ponitur

110 787 242 867 lumen3
273 810 350 852 nam
373 809 448 853 sane
474 810 546 852 cum
572 785 730 851 Dominus
754 795 861 850 noster
887 795 1049 871 oppeteret
1071 796 1216 867 mortem,
1241 796 1274 853 et

110 889 226 955 mundi
247 889 307 954 lux
328 888 442 954 melior
462 887 626 967 occideret,
645 887 715 975 ipse
737 887 785 952 sol
808 886 933 952 horrore
955 886 1030 951 lacti
1053 888 1225 975 perculsus,
1241 898 1274 955 et

111 993 235 1079 pudore
257 990 350 1078 quasi
373 990 521 1069 suffinm,
547 1010 622 1055 suos
644 988 729 1054 intra
754 1010 788 1053 se
812 988 917 1053 radios
942 988 1069 1076 recepit,
1099 998 1132 1055 et
1160 989 1273 1056 faciem

112 1118 205 1160 suam
228 1093 419 1173 occultavit3
446 1092 504 1171 sol,
526 1092 668 1181 inquam,
692 1090 886 1157 meridianus
909 1090 1085 1179 deliquium
1108 1114 1291 1180 perpessus,

111 1210 169 1271 est,
184 1196 281 1261 nulla
294 1196 373 1260 lunt
387 1193 604 1281 intercipiente
618 1193 724 1259 lucem
739 1194 817 1281 ejus,
834 1192 926 1259 nullt
939 1195 1025 1261 nube
1047 1196 1148 1283 ipsius
1169 1195 1274 1281 fulgo-

111 1322 178 1367 rem
193 1302 382 1367 offrrscante.
426 1297 515 1384 Ergo
530 1320 594 1364 non
614 1320 657 1364 ex
674 1297 846 1364 intersectu
864 1299 1001 1385 corporis
1021 1299 1112 1386 opaci
1129 1299 1274 1367 concludi

111 1404 233 1490 poterit
254 1403 393 1490 eclipsis,
415 1424 473 1466 nec
495 1400 636 1466 vicissim
659 1422 701 1465 ex
726 1399 787 1465 hac
812 1400 889 1466 iste:
917 1402 1014 1487 juxta
1034 1410 1155 1467 naturae
1176 1402 1276 1468 fateor

111 1507 221 1594 legem
244 1516 278 1571 et
300 1504 560 1571 consuetudinem
583 1526 747 1591 nunquam
770 1526 835 1569 non
862 1504 1045 1570 extalibus
1069 1504 1172 1571 causis
1195 1506 1275 1572 tales

113 1610 273 1697 prodeunt
285 1609 433 1687 effectum
456 1631 519 1695 quo
534 1608 778 1673 condonandum
792 1606 836 1672 sit
850 1608 1016 1674 Aristoteli
1032 1618 1178 1673 naturam
1193 1610 1276 1674 arbi-

113 1715 215 1780 tranti
238 1714 419 1779 intrinsecae
441 1712 623 1778 necessitati
647 1712 854 1799 suppositam,
881 1734 939 1777 nec
963 1719 1102 1777 externae
1124 1713 1276 1799 superiori

113 1818 266 1905 potestati
289 1817 480 1896 obnoxiam3
511 1816 568 1882 sed
593 1821 703 1882 revere
723 1808 816 1879 ⁴aliud
842 1825 892 1880 est
918 1815 1059 1882 accidere
1081 1807 1276 1893 naturaliter,

114 1921 205 1987 aliud
234 1922 412 1987 necessario
437 1921 584 1987 existere.
630 1918 804 1985 Enimvero
834 1919 1018 1985 necessarias
1047 1920 1277 2008 propositiones

113 2026 284 2091 veritatem
308 2025 430 2091 habent
451 2023 675 2102 universalem,
698 2020 941 2103 immutabilem,
965 2033 1124 2103 semmam,
1148 2024 1277 2089 arbitrio

114 2128 199 2194 nulli
220 2126 392 2207 subditam,
412 2126 504 2192 nulls
521 2125 665 2214 potentia
685 2123 930 2211 impediendam.
975 2126 1174 2191 Aristoteles.
1219 2123 1280 2209 Ἐξ

115 2229 260 2314 ἀνάγκης
281 2230 354 2295 ἐστὶ
375 2228 413 2295 τὸ
434 2228 622 2310 ε’πιπητόν·
648 2225 771 2292 Ἀΐδιον
791 2226 868 2314 ἄρα·
898 2226 948 2293 Τὰ
970 2228 1008 2311 ἐξ
1028 2227 1169 2313 ἅνῶγκης
1190 2228 1276 2310 ὄντα,

116 2331 235 2403 ἅπλῶς
248 2330 337 2397 ἀίδια
351 2330 472 2397 πάντα·
495 2329 545 2396 Tri
558 2329 594 2395 δὲ
608 2328 697 2395 ἀίδια
711 2328 878 2411 ἀγένητα,
895 2330 950 2396 καὶ
965 2330 1141 2418 dedam&
1175 2332 1277 2399 Idem.

115 2434 263 2517 Ἀνάγκη
284 2434 340 2500 καὶ
360 2433 398 2501 τὸ
419 2434 642 2521 συμπέρασμα
663 2432 767 2499 ἀίδιον
780 2433 861 2500 εἶναι
875 2439 932 2515 τῆς
953 2434 1167 2518 ἀποδείξεως’.
1213 2436 1279 2501 lta

116 2561 178 2625 que
205 2538 357 2624 quoniam
383 2538 547 2623 agentium
572 2537 711 2603 efficacia
736 2537 818 2616 sisti,
841 2536 892 2602 vel
922 2537 1083 2603 immutari
1112 2546 1280 2624 potestat

117 2644 251 2708 effectus
270 2641 375 2706 omnis
395 2664 416 2705 a
436 2640 535 2705 variis
554 2640 659 2705 causis
679 2649 784 2733 potest
803 2640 969 2727 proficisci,
986 2662 1050 2705 non
1071 2641 1200 2707 dabitur
1214 2642 1280 2711 ulla

118 2743 347 2811 demonstratio
361 2745 403 2811 ab
416 2743 569 2810 efficiente
583 2749 688 2823 caust,
704 2741 756 2809 vel
771 2744 812 2809 ab
827 2742 949 2809 effectu.

182 2848 231 2915 Et
244 2870 305 2936 par
317 2856 366 2913 est
380 2848 461 2913 ratio
476 2846 516 2911 de
531 2853 629 2912 taust
644 2845 745 2926 finali,
761 2858 794 2912 et
814 2846 927 2913 mediis
947 2849 976 2915 ei
996 2848 1278 2937 respondentibus3

119 2951 223 3039 posito
237 2972 353 3037 nempe
366 2950 440 3029 fine,
456 2949 644 3037 neutiquam
659 2961 894 3037 consequuntur
911 2952 1017 3017 media
1037 2954 1159 3039 quaevis
1178 2954 1280 3025 deter-

120 3054 261 3133 minata3
283 3074 388 3140 neque
401 3051 515 3140 positis
529 3050 644 3116 mediis
658 3051 733 3117 finis
748 3052 916 3118 resultabit
930 3056 1115 3121 necessario.

183 3158 242 3227 Ex
265 3157 385 3243 quibus
407 3164 606 3220 consectatur
628 3153 710 3219 nihil
736 3176 806 3220 esse
830 3156 916 3243 quod
941 3158 1092 3224 miremur
1115 3161 1222 3227 nullas
1246 3163 1280 3226 in

122 3260 307 3329 Geometria
333 3258 402 3325 dari
430 3257 715 3327 demonstrationes
744 3281 763 3322 a
791 3265 888 3325 cansa
916 3262 1080 3342 effectrice,
1107 3263 1161 3329 vel
1190 3264 1279 3333 finali

123 3364 284 3442 deductas,
308 3363 365 3429 sed
387 3383 498 3428 omnes
522 3384 542 3426 a
566 3361 677 3442 forms,
704 3371 736 3427 et
758 3362 886 3429 intemt
906 3364 952 3430 rei
976 3368 1200 3435 constitutione
1225 3390 1281 3455 per

124 3467 338 3535 definitionem
354 3471 506 3553 expresst
524 3463 709 3553 procedere:
733 3488 793 3531 nec
815 3490 879 3532 non
898 3467 1007 3553 inique
1025 3468 1125 3535 faeere
1145 3494 1208 3550 eos,
1225 3472 1280 3557 qui

125 3571 200 3637 tales
226 3594 248 3636 a
272 3568 510 3639 Mathematicis
535 3567 820 3635 demonstrationes
847 3570 992 3655 exigunt,
1020 3571 1131 3656 quales
1154 3572 1217 3659 ipsi
1241 3598 1281 3641 ne

127 3674 251 3757 quidem
267 3674 303 3738 in
320 3672 440 3739 somnis
453 3672 536 3737 ullas
550 3670 698 3751 viderint,
713 3672 919 3758 qualiumque
934 3672 1081 3760 nuspiam
1097 3684 1185 3740 extet
1199 3675 1280 3751 vola,

128 3776 177 3839 rel
190 3775 375 3862 vestigium.
420 3772 485 3840 ssd
500 3771 541 3838 de
554 3772 617 3839 ists
629 3796 664 3839 re
678 3774 766 3839 satis.

189 3879 244 3943 Ex
258 3878 429 3944 antedictis
441 3900 518 3943 vero
532 3876 734 3963 consequitur
747 3874 971 3964 syllogismum
983 3876 1016 3943 in
1027 3899 1090 3964 quo
1101 3900 1166 3945 una
1175 3881 1281 3967 passio

132 3980 303 4048 essentialis
317 4002 391 4045 cum
404 3979 470 4045 alit
482 3977 688 4057 connectitur,
704 3978 757 4042 rel
772 3978 815 4042 ab
828 3976 893 4042 alit
903 3977 1048 4059 infertur,
1064 4000 1133 4046 esse
1151 3981 1282 4049 demon-

257 4134 266 4165 ι
284 4146 323 4183 ῃ,
337 4133 485 4193 mimum,
497 4149 551 4197 φρ,
567 4146 589 4193 3,
830 4128 841 4160 ¹
859 4143 876 4179 r.
891 4130 965 4179 Anat.
980 4131 1045 4183 Post.
1059 4150 1112 4198 cap.
1125 4134 1149 4184 8.

549 4250 859 4261 ......-—--—--—---

184 4336 241 4392 Nor
252 4336 373 4405 dofinal
382 4352 485 4391 caruca

183 4422 211 4477 lt
220 4424 245 4477 is
255 4421 396 4478 therefore
402 4423 601 4479 unressonable
612 4426 643 4479 to
654 4424 706 4478 ask
718 4424 784 4479 such
797 4438 892 4479 causes
903 4422 935 4477 ol
944 4422 1188 4479 Mathematicians.

184 4508 340 4578 Propertics
350 4522 399 4562 arc
409 4508 514 4578 proved
524 4508 561 4579 by
572 4508 731 4581 syllogismis
