3167 5192
329 404 390 472 182
667 419 853 471 tremores
875 416 1147 467 urruuurrrcm.
1309 398 1419 485 [eser.
1435 418 1484 465 τι.

327 592 457 661 sibimet
471 591 619 673 invicem,
638 592 745 679 aliquo
760 590 856 657 modo
870 590 1015 679 superius
1037 590 1203 677 exposito,
1226 588 1329 668 aliter,
1344 587 1483 674 iuquam,
1546 577 1547 584 ἵ

327 695 485 783 quomodo
500 696 623 783 possint
637 695 770 761 dusmm
786 716 893 760 rerum
912 716 932 759 a
951 716 986 760 se
1002 698 1113 762 reuert
1129 692 1354 759 distinctarum
1370 690 1484 757 identi-

327 798 415 865 fieari
433 800 635 887 quantitates,
657 798 715 863 vix
733 797 881 884 equidem
902 796 997 863 rideo
1018 797 1072 862 rel
1093 796 1194 883 eapio.
1240 793 1337 874 Quod
1353 795 1483 861 alteram

327 925 402 969 vero
421 910 543 989 spectat
560 901 788 980 definitionem,
808 900 849 964 Id
868 898 961 965 alteri
980 899 1102 986 equale
1120 907 1178 978 est,
1194 897 1283 985 quod
1296 897 1483 964 tantundem

326 1016 376 1073 est
397 1014 492 1091 etque
514 1004 677 1091 ipsumsi
698 1003 802 1091 primo
825 1002 929 1089 legem
950 1025 1077 1089 oppono
1096 1000 1309 1067 Dialecticam
1329 1002 1374 1067 ab
1395 1001 1484 1065 Aris·
1547 1059 1548 1070 ,

328 1108 424 1175 totels
451 1112 576 1173 summa
604 1128 676 1171 oum
701 1105 823 1173 ratione
848 1104 1096 1193 praesoriptam¹3
1124 1101 1195 1168 ’Aet
1223 1102 1241 1167 ὁ
1270 1101 1344 1191 ὅρος
1372 1101 1484 1169 ἀποδί-

329 1210 419 1277 δοται
437 1213 493 1277 τοῦ
512 1209 672 1298 γνωρίσαι
691 1207 789 1297 χάριν
811 1206 854 1274 τὸ·
866 1207 999 1296 λεχθέν·
1028 1207 1220 1294 ’γνωρίζομεν
1240 1206 1275 1273 δὲ
1289 1204 1350 1273 οὐκ
1369 1207 1408 1272 ἐκ
1422 1210 1485 1272 τῶν
1548 1215 1549 1228 ’

329 1311 502 1402 πιχόντων,
525 1310 602 1377 ἀλλ’
625 1312 661 1378 ἐκ
682 1316 746 1377 τῶν
767 1310 941 1398 προτέρων,
964 1310 1021 1377 καὶ
1040 1309 1292 1398 γνωριμοτέρων.
1340 1310 1486 1400 <Derepit

215 1494 219 1505 ¹
330 1413 409 1500 (οὖν)
434 1413 484 1480 ὅτι
506 1412 523 1479 ὁ
544 1412 589 1497 μὴ
612 1411 666 1479 διὰ
686 1413 840 1479 τοιούτων
860 1411 1047 1500 ὁριζὸμνος,
1070 1411 1134 1501 οὐχ
1154 1411 1304 1500 ὥρισται·
1332 1414 1406 1497 (hoc
1426 1426 1485 1495 est,
1548 1407 1549 1472 l

334 1518 413 1585 Cum
434 1518 573 1604 definitio
595 1516 740 1582 tradatur
761 1518 812 1581 rei
830 1516 1027 1583 declarrandoe
1047 1516 1360 1596 consectatorem
1382 1530 1485 1583 autem
1548 1517 1549 1530 ³

328 1645 390 1686 non
415 1645 454 1687 ιν
482 1621 640 1707 qotbtwvtb
673 1622 791 1705 (temere
815 1620 961 1708 arreptis)
987 1620 1044 1685 aed
1069 1644 1109 1685 ex
1129 1620 1297 1709 pratiatur
1326 1634 1355 1685 et
1383 1624 1488 1687 mi·
1549 1675 1550 1708 ρ

319 1725 524 1813 festioribue,·
548 1724 629 1789 unde
652 1736 769 1789 constat
790 1722 892 1802 illum,
910 1726 971 1810 qui
992 1748 1054 1789 οοο
1078 1748 1094 1789 e
1117 1724 1234 1790 talibus
1256 1724 1375 1810 defim't,
1399 1726 1489 1789 haud
1549 1799 1550 1808 χ

329 1852 487 1915 quoquam
509 1826 663 1912 definire).
708 1825 813 1906 Hane,
837 1827 978 1914 inquam,
998 1827 1211 1914 justissimam
1238 1828 1343 1914 legem
1368 1828 1487 1915 objicio
1549 1859 1550 1914 ς

328 1930 433 1997 eitatae
448 1930 641 2010 defiuitioni3
658 1930 731 2016 quis
745 1930 832 1997 enim
845 1953 911 1995 uon
926 1936 1018 2017 aequt
1032 1930 1147 1997 saltem
1160 1930 1313 1997 facilitate
1326 1931 1488 2021 ooucipiat

330 2035 409 2123 quid
425 2035 468 2099 sit
483 2034 603 2121 aequale
619 2034 720 2117 alteri,
737 2058 774 2101 ao
789 2036 868 2121 quid
883 2036 926 2102 sit
943 2037 1131 2102 tantundem
1151 2047 1247 2123 atque
1266 2035 1397 2123 ipsum?
1440 2038 1488 2103 At

329 2160 405 2205 vero
424 2136 564 2225 penitius
585 2138 761 2205 attendenti
782 2138 973 2204 vocabulum
993 2140 1174 2206 toumndem
1192 2140 1241 2204 uil
1260 2140 1340 2206 forte
1358 2162 1486 2228 sompe-
1550 2133 1551 2142 ¹

330 2245 428 2311 rietur
442 2242 531 2309 aliud
545 2243 712 2329 designare
726 2265 825 2330 quem
839 2258 960 2311 tantum
974 2245 1068 2325 rilem,
1080 2244 1132 2310 vel
1147 2244 1232 2310 idem
1246 2246 1281 2309 iu
1295 2245 1484 2331 quantitate,

329 2347 382 2415 vel
404 2348 495 2435 eujus
517 2346 627 2414 eadem
650 2356 699 2413 est
722 2347 903 2434 quantitas;
934 2348 1075 2435 adeoque
1096 2347 1166 2413 haeo
1188 2348 1359 2435 descriptio
1381 2348 1485 2413 unlla-

329 2462 423 2519 teuus
438 2476 458 2517 s
471 2450 669 2539 praecedente
684 2451 827 2531 distabit,
842 2462 875 2517 et
888 2451 1006 2538 pariter
1020 2450 1179 2517 relabetur
1192 2450 1227 2516 iu
1248 2460 1485 2525 nostrameou·

330 2555 485 2643 gruentiae
511 2553 715 2643 hypothesin,
743 2553 770 2619 si
797 2564 880 2619 reete
904 2554 1096 2642 percipiatur
1121 2563 1153 2619 et
1178 2552 1379 2635 enueleetrn
1408 2554 1483 2621 adeo

330 2669 471 2726 nostram
487 2658 676 2725 sententiam
692 2657 875 2737 adversarii,
890 2680 950 2724 nec
967 2658 1144 2745 opinantes,
1160 2657 1237 2722 dum
1258 2668 1399 2724 evertere
1419 2671 1484 2723 stu·

330 2764 416 2845 dent,
432 2774 590 2851 eoguntur
604 2761 756 2841 stabilire,
772 2783 893 2847 suoque
908 2762 985 2827 satis
1000 2762 1141 2849 ipsorum
1155 2762 1275 2827 iudicio
1294 2762 1436 2850 produnt
1452 2786 1482 2828 se

330 2867 398 2946 uix,
414 2876 451 2931 ut
464 2866 604 2931 maxime
619 2864 729 2945 velint,
746 2886 766 2929 a
779 2874 888 2930 nostro
902 2876 1057 2954 conceptu
1070 2872 1181 2932 revert
1195 2864 1357 2932 dissidere.

395 2968 551 3035 Praetereo
572 2968 706 3056 denique
725 2970 811 3057 quod
830 2968 993 3050 Euclides,
1015 2969 1152 3057 aequsles
1169 2968 1410 3057 magnitudines
1429 2992 1482 3035 ex·

331 3068 442 3160 presse
459 3070 662 3157 perhibeatur
683 3072 876 3152 definivisse,
899 3096 971 3159 quae
992 3072 1116 3160 replent
1136 3072 1273 3139 eundem
1294 3072 1421 3153 loeum3
1449 3072 1480 3137 iu

330 3174 441 3241 libello
459 3174 497 3239 de
522 3175 627 3241 Gravi
645 3189 674 3241 et
695 3176 784 3256 Leoi,
806 3177 886 3241 mihi
903 3198 1066 3263 nunquam
1085 3176 1165 3256 viso,
1187 3176 1244 3242 sed
1263 3198 1360 3263 quem
1380 3186 1482 3243 auctor

282 3352 291 3367 ‚
328 3278 409 3344 mihi
423 3276 547 3343 Remus
562 3288 610 3343 est
631 3279 750 3345 alieubi
768 3280 934 3368 prostare².
980 3277 1139 3345 Caeterum
1162 3279 1264 3365 major
1285 3279 1364 3346 huie
1384 3302 1479 3347 eausa

332 3383 454 3470 (major,
476 3380 616 3469 inquam,
637 3392 757 3448 naturae
777 3404 851 3448 eum
871 3381 1085 3468 congruentiae
1107 3392 1176 3447 tum
1199 3381 1403 3470 sequalitatis)
1426 3381 1479 3447 lux

330 3485 507 3572 effulgebit,
524 3508 565 3551 ex
580 3485 718 3565 illomm,
734 3508 806 3572 quae
828 3495 897 3550 tum
919 3508 939 3549 a
960 3484 1083 3566 Proelo,
1100 3496 1169 3550 tum
1191 3510 1211 3551 a
1232 3486 1318 3553 dioto
1339 3486 1480 3552 eruditis·

330 3593 410 3658 simo
436 3591 506 3657 viro
531 3591 747 3680 producuntur
774 3591 810 3655 in
838 3589 1027 3657 contrariam
1056 3601 1188 3678 partem,
1215 3604 1477 3679 argumentorum,

330 3696 475 3782 equidem
496 3694 584 3759 haud
601 3694 736 3759 diffiteor
755 3694 834 3759 setis
853 3693 888 3757 in
909 3692 1046 3779 speeiem
1065 3691 1256 3773 validorum,
1270 3694 1477 3774 disoussioue;

330 3822 349 3866 a
364 3804 427 3886 qut
441 3808 548 3864 tamen
562 3796 699 3875 omniuo,
716 3818 756 3860 ne
770 3796 925 3883 prolixior
937 3794 1008 3875 sim,
1026 3795 1059 3859 in
1073 3818 1212 3883 praeseus
1227 3798 1402 3865 abstinebo.

460 3986 469 4020 1
489 3987 570 4053 popio,
584 4000 620 4038 w,
634 4004 656 4047 4,
855 3983 866 4017 ²
882 3984 959 4035 δάιοι.
970 3985 1085 4037 Martem
1097 4000 1147 4039 v11.
1160 4005 1186 4055 p.
1203 3988 1253 4052 163.

744 4176 1056 4187 --ω--ή

382 4330 418 4385 So
432 4328 529 4384 lluelid
548 4328 576 4383 in
595 4327 639 4383 his
658 4328 729 4383 book
748 4330 781 4385 do
802 4329 896 4386 Grani
916 4336 940 4385 et
959 4330 1036 4385 Lm'.
