3167 5192
100 378 306 463 arcanus]
448 397 633 448 anemonas
656 396 928 449 nssunnasrca.
1191 382 1257 447 203

160 564 227 632 Sed
242 565 350 631 adhuc
369 564 489 645 Tertio,
506 566 566 633 hoe
583 566 678 632 modo
698 566 820 632 dictum
840 561 950 653 nugari
964 576 997 632 et
1009 562 1103 633 futile
1115 587 1258 656 pronun-

96 669 210 734 ciatum
227 668 492 735 demonstrationi
506 679 622 735 nostrae
637 670 810 757 praesterni,
825 670 878 737 vel
893 672 929 735 in
942 676 981 738 et
995 670 1147 752 adhiberi,
1162 694 1256 759 nego.

96 771 161 836 Nos
176 783 306 837 tantum
324 796 363 839 ex
375 796 412 839 eo
423 772 509 861 qnod
523 772 710 859 magnitudo
725 784 922 860 supponatur
936 796 1088 863 occupare
1103 775 1207 843 locum
1219 778 1256 857 Ζ,

97 874 258 940 inferimus
279 875 312 941 ei
331 898 439 963 parem
466 874 495 942 0
513 898 605 963 posse
627 875 732 940 locum
754 875 853 941 istum
874 876 909 940 Z
923 898 1093 964 occupare:
1115 878 1150 943 id
1169 879 1256 965 quod

96 979 277 1045 immediate
293 990 491 1045 consectatur
506 1003 546 1046 ex
563 980 754 1066 aequalitatis
769 980 934 1068 praemissa
948 980 1141 1048 definitione.
1187 981 1256 1049 Noe

97 1082 178 1148 aliud
193 1085 236 1149 ab
252 1106 292 1148 eo
308 1084 499 1171 principium
515 1082 713 1150 adhibemus.
757 1083 914 1150 Attendat
928 1084 1074 1171 quilibet.
1113 1084 1256 1173 Nequin-

97 1208 187 1273 qnam
213 1188 318 1274 igitur
343 1186 489 1253 ficulneis
512 1188 586 1255 telis
611 1186 743 1253 Procius
767 1187 934 1275 Apollonii
957 1187 1255 1255 demonstrationem

98 1289 272 1377 impugnat.

155 1392 251 1473 Quod
266 1418 345 1460 vero
359 1396 499 1480 graviter
513 1395 682 1475 concludit,
699 1394 817 1461 Πάντα
831 1395 1000 1478 ἀξιώματα
1017 1394 1060 1467 ais
1076 1393 1186 1478 ἅρεσα
1200 1396 1255 1461 καὶ

97 1492 257 1585 amodum?
279 1496 482 1585 παραδοτέον
504 1498 650 1586 «γνώριμα
667 1496 723 1587 ἀφ’
745 1500 866 1565 ἑαυτῶν
883 1499 961 1565 ὄντα
979 1499 1034 1565 καὶ
1053 1499 1168 1565 πιστά.
1212 1498 1255 1564 Ὁ

98 1598 155 1684 γὰρ
169 1605 235 1671 τοῖς
250 1602 492 1689 φανερωτάτοις
511 1601 675 1685 ἀπόδειξιν
691 1602 877 1690 προσάγων,
893 1602 931 1668 οὗ
948 1605 1086 1683 βεβαιοῖ
1103 1602 1163 1686 τὴν
1180 1605 1257 1693 περὶ

99 1700 197 1769 αὐτῶν
224 1704 396 1787 ἀλήθειαν,
427 1704 504 1771 ἀλλ’
535 1706 669 1772 ἐλαττοῖ
695 1706 755 1789 τὴν
784 1708 943 1793 ἐνέργειαν
974 1706 1152 1795 (ἐνάργειαν
1184 1708 1257 1795 lege

100 1806 208 1894 potius)
224 1805 266 1889 ἢν
285 1806 406 1897 ἔχομεν
419 1808 453 1874 ἐν
467 1812 534 1879 τοῖς
549 1808 729 1881 ἀδιδάκτοις
743 1810 953 1897 προλήψεσι·
978 1811 1049 1896 (hoc
1064 1820 1123 1891 est,
1141 1812 1257 1879 Omnia

100 1911 261 1991 abacta
292 1910 380 1977 velut
407 1913 598 1993 immediata,
625 1920 743 1999 sudqsw
770 1916 835 1980 lace
861 1915 950 1980 clara
978 1916 1069 1981 tradi
1094 1917 1207 1997 debent,
1233 1942 1256 1983 α

101 2013 201 2100 seipsis
219 2013 392 2101 manfistc
403 2015 560 2101 fidemque
574 2019 798 2103 promerentis.
843 2018 928 2082 Nam
948 2020 1006 2105 qui
1022 2018 1113 2083 rebus
1132 2019 1254 2085 eviden-

101 2118 221 2184 tbsimsb
242 2120 536 2186 denaonstratsbnem
558 2120 705 2207 applicat,
728 2146 790 2186 τινα
814 2124 957 2209 nasorum
979 2122 1154 2187 constabils't
1173 2125 1256 2191 νοτί-

103 2231 194 2299 wem,
219 2223 276 2289 sed
305 2222 494 2287 evidentiam
522 2223 692 2301 imminuit,
720 2248 814 2309 quom
840 2225 876 2288 ιἰι
895 2226 1119 2312 proeconceptsb
1142 2226 1255 2313 absque

101 2321 233 2389 banno
252 2325 379 2390 notitiab
390 2324 610 2412 possidemus.)
658 2324 720 2391 Oui
739 2327 1015 2413 sententiaque}
1033 2326 1254 2413 advulgarem

102 2426 207 2508 prasin
222 2428 350 2507 attinet,
366 2426 434 2514 ipse
448 2426 561 2491 lubens
577 2427 749 2507 subscribo,
765 2452 824 2494 noc
838 2452 918 2516 opus
933 2452 1001 2494 esse
1014 2429 1122 2509 fateor,
1138 2440 1255 2495 uttam

104 2526 216 2595 facilem
230 2552 399 2598 assensum
419 2531 623 2619 impetrantes
643 2533 766 2597 notitiae
787 2533 1002 2619 scrupulosius
1022 2534 1254 2602 examinentur.

105 2632 145 2695 At
160 2656 219 2721 qno
240 2634 521 2701 demonstrationis
540 2635 715 2721 ingenium,
732 2635 872 2701 scientiae
890 2647 1012 2716 natura,
1028 2636 1255 2725 principiorum

106 2732 278 2817 differentia,
297 2737 402 2823 magis
417 2736 613 2802 declarentur
623 2762 631 2817 ;
655 2737 741 2823 quod
762 2749 923 2803 extremus
942 2738 1029 2823 rigor
1048 2738 1144 2803 etiam
1165 2739 1255 2805 axio·-

106 2848 213 2905 matum
227 2842 343 2927 exigat
356 2840 584 2930 probationem,
601 2839 687 2927 quod
706 2864 743 2906 ea
761 2846 873 2906 revera
892 2842 1014 2928 possint
1034 2841 1252 2925 demonstrari,

107 2942 180 3025 qnod
193 2942 395 3009 definitiones
414 2943 494 3009 bene
515 2943 695 3009 constituta
717 2945 791 3024 sint,
807 2944 911 3031 iisque
931 2943 1184 3010 demonstrandis
1203 2946 1254 3011 in·

105 3046 241 3127 serviant,
261 3069 330 3112 non
352 3045 466 3112 inutile
488 3068 599 3111 censeo
623 3046 754 3133 prolatis
776 3070 1005 3135 nonnunquam
1026 3049 1252 3137 experimentis

108 3147 231 3218 monere.

162 3250 270 3341 Neque
287 3251 345 3341 qui
359 3252 490 3340 proinde
510 3252 563 3319 vel
583 3254 669 3320 hisee
688 3254 728 3320 dc
745 3256 858 3335 causis,
875 3256 928 3322 vel
947 3256 1113 3344 ingenium
1132 3258 1253 3323 exerci-

109 3356 184 3422 tandi
197 3360 302 3446 gratia
315 3357 379 3422 talc
393 3357 471 3444 quid
485 3358 696 3439 attentaverit,
712 3348 826 3424 luroris
841 3359 934 3426 illum
949 3372 1004 3425 aut
1022 3361 1122 3425 fastus
1139 3360 1252 3426 merito

109 3468 203 3541 putem
216 3460 448 3542 arcessendum,
460 3484 593 3548 qnorum
604 3470 712 3527 tamen
723 3486 760 3527 ea
771 3474 897 3551 propter
912 3462 1120 3550 Apollonium
1135 3463 1250 3550 ipsum,

111 3558 254 3632 immensas
271 3564 467 3644 subtilitatis,
483 3575 515 3630 et
532 3567 848 3632 consummatissima
870 3567 904 3631 in
926 3565 1162 3630 Mathematicis
1181 3589 1252 3632 ern-

111 3660 224 3733 ditionis
243 3668 360 3747 virnnn
376 3665 570 3747 insimulare,
586 3690 651 3734 non
670 3668 796 3734 dubitat
816 3668 1074 3735 crecentioribns
1093 3689 1252 3733 nonnemo

112 3771 231 3838 severior
244 3771 462 3851 Aristarchus,
476 3772 600 3837 utinam
614 3772 682 3859 ipse
697 3772 785 3837 vitiis
799 3772 912 3838 iisdem
927 3796 992 3838 non
1006 3772 1141 3859 propior.
1188 3772 1252 3839 Ut·

113 3892 220 3962 cunque
245 3875 328 3943 tanti
357 3875 418 3941 viri
446 3876 544 3941 fretus
574 3876 720 3964 exemplo
743 3899 808 3943 non
832 3878 963 3943 verebor
990 3877 1068 3964 ipse,
1093 3876 1157 3943 duo
1179 3898 1251 3963 quaa

114 3973 185 4042 dicto
209 3980 308 4067 primo
337 3978 481 4066 proxime
503 3978 675 4045 succedunt
697 3980 857 4047 axiomata
879 3979 1022 4068 protinus
1044 4003 1062 4046 e
1085 3979 1178 4047 dictis
1200 4004 1251 4047 os-

115 4078 235 4148 tendere.

518 4231 829 4241 ῇ--ο--σ--ῃη

111 4306 114 4315 .
158 4332 260 4395 Procius
271 4354 333 4409 says
344 4336 449 4393 amoma
460 4337 559 4393 should
570 4336 607 4393 bs
619 4336 800 4395 selievident
1237 4408 1243 4420 ί

158 4420 229 4493 ltus,
239 4426 266 4483 in
278 4441 403 4481 common
415 4425 550 4496 practice:
567 4425 620 4481 but
630 4426 659 4482 in
671 4426 720 4483 tha
732 4428 857 4483 extremo
868 4423 962 4493 rigour
973 4423 1005 4479 ol
1020 4422 1251 4491 scicnoe‚·axionrs

118 4502 200 4563 dous
208 4509 242 4567 bs
251 4512 356 4584 proved
367 4512 438 4568 from
451 4512 616 4569 definitione.
