3167 5192
98 420 190 469 sacr.
207 405 271 489 v1.]
437 416 623 469 anemonas
645 416 919 467 narnannurcm.
1050 384 1057 403 “
1216 400 1258 467 97

94 615 186 678 super
199 602 334 671 rectam,
351 588 539 677 supponitur
553 598 671 655 rectam
686 608 780 674 posse
794 586 958 667 insistere3
981 586 1034 652 vel
1055 587 1152 653 talem
1172 588 1259 675 posi·

94 696 210 762 tionem
224 696 384 762 obtimam.
428 692 513 761 Cum
531 692 681 759 definitur
694 692 833 759 circulus
848 715 890 757 ex
904 700 997 757 rectae
1012 690 1105 757 linea
1124 692 1258 756 circum-

94 798 197 880 ducto,
212 798 419 865 suhsumitur
433 806 470 862 ut
484 794 655 884 possibilis
666 795 726 861 iste
740 804 856 876 motus,
872 796 934 861 ista
948 796 1085 883 gyratio.
1120 795 1258 875 Quantis

95 914 197 967 autem
219 902 308 969 inter
330 925 365 969 se
382 900 574 987 comparatis
595 899 790 966 conveniunt
812 909 844 967 et
866 899 997 967 attribui
1018 910 1152 987 possunt
1173 899 1258 985 ejus-

95 1005 176 1071 modi
191 1007 383 1094 passiones;
405 1004 573 1092 aequalitas
587 1003 722 1069 duorum
737 1014 927 1091 quantorum
942 1025 1135 1091 consequens
1149 1026 1258 1073 eorum

95 1110 311 1195 equalitatem
337 1110 378 1175 ad
401 1109 508 1189 aliud;
539 1108 704 1196 aequalitas
729 1131 772 1175 ex
798 1109 1014 1195 congruentia,
1037 1108 1090 1173 vel
1112 1107 1256 1197 ejusdem

95 1213 187 1299 spatii
214 1213 435 1301 completione
462 1211 641 1291 resultans3
673 1210 839 1297 equalitas
865 1233 908 1277 ex
936 1209 1172 1298 compositione,
1203 1208 1256 1275 vel

94 1315 268 1398 dimmone3
294 1339 340 1383 ex
357 1314 519 1380 additione
533 1312 586 1380 vel
600 1312 817 1380 subtractione
834 1312 1006 1400 aequalium
1019 1334 1183 1401 emergens
1191 1338 1200 1393 3
1223 1320 1256 1377 et

93 1416 221 1483 similes.

154 1519 256 1587 Haud
270 1519 466 1586 absimiliter
484 1518 693 1607 pronunciata
711 1516 840 1606 propria
859 1527 1049 1605 quantorum
1069 1518 1255 1607 specialium

94 1622 276 1710 exprimunt
291 1622 468 1711 passiones,
483 1644 564 1709 quas
578 1623 620 1687 ob
639 1621 877 1709 simplicitatem
899 1632 931 1687 et
949 1622 1142 1687 evidentiam
1164 1646 1255 1691 suam

94 1724 309 1792 demonstrare
324 1749 390 1791 non
405 1725 509 1805 liceat,
525 1735 661 1791 autnon
677 1724 838 1812 expediat.
883 1724 932 1791 Ut
953 1748 981 1791 e.
991 1748 1023 1811 g.
1046 1735 1140 1791 rectae
1161 1724 1255 1793 lineae

94 1830 248 1910 convenit,
271 1840 307 1895 et
327 1828 370 1895 dc
388 1835 426 1895 et
444 1827 648 1917 pronunciari
666 1838 782 1915 potest,
803 1828 890 1915 quod
913 1830 954 1894 ah
978 1828 1043 1895 alia
1062 1834 1148 1897 recta
1170 1829 1256 1896 linet

95 1953 155 1997 non
179 1932 392 1999 intersecatur
415 1943 625 2020 praeterquam
648 1932 684 1997 in
707 1955 772 1998 uno
794 1941 933 2020 puncto;
964 1933 1049 2020 quod
1071 1956 1135 1999 non
1157 1933 1255 1999 habet

95 2030 231 2121 aliquam
244 2058 451 2101 communem
471 2046 594 2123 partem
616 2058 689 2101 cum
710 2035 811 2101 altera
831 2040 934 2115 rectt3
958 2037 1044 2123 quod
1065 2060 1129 2103 non
1151 2048 1255 2125 potest

96 2160 165 2203 cum
184 2140 283 2205 unica
304 2139 407 2206 altert
428 2146 515 2205 recta
534 2139 675 2227 spatium
696 2138 884 2207 concludere
905 2140 958 2207 vel
979 2142 1115 2227 figuram
1137 2143 1255 2209 consti-

97 2252 189 2310 tuere.
234 2243 351 2309 Etiam
367 2243 397 2308 ei
411 2243 570 2324 convenit,
586 2254 623 2308 ut
636 2234 877 2331 possit'duobus
896 2244 1064 2331 quibusvis
1084 2246 1255 2333 assignatis

96 2348 218 2433 punctis
243 2348 453 2434 interjacere,
486 2357 524 2412 ut
544 2347 647 2434 possit
667 2347 703 2411 in
723 2347 908 2413 continuum
931 2349 1072 2435 protrahi
1094 2360 1256 2438 utcunque

97 2451 145 2515 vel
159 2451 349 2531 indefinite;
370 2460 407 2515 ut
421 2449 524 2537 possit
537 2472 607 2517 esse
621 2450 729 2515 radius
749 2450 878 2531 circuli;
904 2453 988 2538 (quae
1003 2474 1079 2517 sane
1093 2454 1256 2540 postulant

98 2551 284 2636 (bramaha,
300 2554 361 2620 sed
380 2564 510 2641 possent
532 2553 681 2619 audacter
697 2552 916 2639 pronunciare,
932 2565 1007 2619 sunt
1029 2556 1114 2620 enim
1135 2557 1256 2643 passio-

99 2679 152 2722 nes
164 2668 258 2724 rectae
272 2658 380 2738 linea,
396 2656 533 2742 exejus,
554 2678 751 2744 quacunque
769 2654 823 2735 sit,
844 2655 1026 2723 definitione
1045 2658 1137 2725 facile
1157 2658 1257 2725 dedu-

98 2760 203 2827 cibiles
212 2762 235 2845 ς)
259 2762 328 2827 ista
344 2783 420 2827 vero
434 2760 644 2847 pronunciata
659 2759 739 2825 forte
753 2759 885 2847 possint,
901 2770 938 2827 ut
957 2761 991 2826 in
1005 2762 1257 2849 praecedentibus

99 2866 238 2951 exposui,
263 2862 527 2953 qualitercunque
549 2862 768 2943 demonstrari,
792 2862 850 2929 sed
876 2864 952 2951 quia
974 2866 1091 2931 veritas
1115 2866 1256 2954 ipsorum

100 2965 245 3033 facillime
259 2965 463 3057 perspicitur,
478 2976 511 3031 et
525 2966 708 3033 conceditur
725 2968 767 3033 ab
786 2966 945 3050 omnibus,
967 2992 1031 3035 non
1050 2980 1098 3037 est
1118 2994 1255 3054 necesse,

101 3090 155 3135 nec
167 3072 301 3159 expedit
316 3079 354 3134 ut
367 3068 401 3133 id
415 3068 481 3135 fiat.

160 3172 243 3240 Cum
259 3174 362 3260 igitur
376 3172 447 3238 haec
464 3171 673 3259 pronunciata
690 3172 873 3238 contineant
890 3174 1053 3261 passiones
1072 3177 1257 3245 essentiales

103 3286 154 3341 aut
165 3278 296 3363 quantis
311 3274 471 3355 omnihus,
487 3282 543 3339 ant
557 3273 749 3360 specialibus
763 3286 847 3342 certe
861 3276 1063 3362 quibusdam,
1079 3289 1111 3347 et
1125 3280 1257 3368 proinde

103 3382 273 3448 necessario
288 3379 482 3445 cohaerentes
500 3377 584 3443 inter
598 3398 643 3457 se,
660 3378 819 3465 (intelligo
834 3380 987 3465 quasdam
1002 3382 1193 3467 quibusdam
1208 3406 1257 3450 re-

104 3484 260 3569 spectiva)
276 3484 379 3570 liquet
393 3482 467 3548 illas
479 3480 522 3546 ad
532 3480 833 3547 demonstrationem
848 3492 930 3548 recte
942 3483 1097 3563 adhiberi,
1110 3508 1147 3549 ac
1161 3509 1202 3551 ex
1216 3486 1257 3552 iis

106 3587 210 3653 confici
229 3586 517 3654 demonstrationes
539 3583 689 3650 causales.
733 3583 894 3672 Exemplo
917 3585 960 3650 sit
981 3585 1137 3671 ejusmodi
1159 3588 1259 3674 syllo-

107 3689 241 3773 gismus:
254 3684 257 3688 ’
269 3689 351 3769 Qua
370 3698 551 3775 congruunt
572 3687 655 3753 inter
675 3710 718 3769 sc,
735 3698 810 3753 sunt
829 3688 933 3754 eidem
953 3687 1107 3775 aequalia;
1130 3689 1259 3777 Magni-

108 3792 227 3861 tudines
241 3794 287 3874 A,
297 3794 338 3873 B,
353 3802 533 3879 congruunt
547 3791 630 3857 inter
644 3813 697 3872 se;
724 3793 778 3876 (ex
791 3792 973 3879 hypothesi,
992 3791 1045 3857 uel
1059 3815 1101 3857 ex
1116 3803 1189 3859 ante
1201 3794 1260 3861 de·

108 3897 284 3963 monstratis
294 3896 317 3979 3)
341 3917 426 3981 ergo,
442 3892 684 3981 Magnitudines
697 3896 742 3975 A,
753 3896 795 3975 B,
811 3905 886 3961 sunt
900 3896 1002 3961 eidem
1018 3896 1166 3983 aequales.
1189 3897 1258 3965 Ubi

110 3996 233 4067 dumam
248 3998 508 4087 magnitudinum
523 3998 689 4086 aequalitas
701 4008 848 4087 respectu
868 3998 1009 4087 ejusdem
1030 4000 1198 4068 deducitur
1217 4026 1259 4070 ex

111 4100 173 4185 ejus
185 4108 282 4169 cansa
298 4102 413 4190 (quasi)
430 4101 565 4182 formali,
581 4125 624 4167 se.
641 4124 682 4167 ex
696 4101 903 4189 congruentia
917 4102 1049 4167 istarum
1064 4104 1260 4192 magnitudi-

112 4222 192 4271 num.
237 4204 303 4275 Sed
324 4204 364 4271 de
386 4202 603 4292 pronunciatis
624 4201 910 4290 impraesentiarum
933 4203 1026 4291 plura
1044 4227 1109 4272 non
1131 4206 1257 4289 addam,

160 4442 305 4516 Principia·
316 4462 366 4501 ara
376 4444 507 4501 mamad
517 4455 550 4501 aa
559 4444 686 4516 wanted.

160 4528 360 4588 Mathematieal
372 4532 512 4589 theorema
522 4532 634 4603 depend
645 4548 681 4588 on
692 4532 899 4590 thesaastheir
910 4550 1012 4589 musas
1206 4620 1207 4623 Ἴ

194 4635 271 4687 an.
1133 4622 1173 4685 13
