3167 5192
108 386 196 439 raca.
212 372 286 458 ru]
450 388 637 440 uscrrosas
659 389 933 444 usrunuamcm
1194 384 1260 451 243

106 558 263 625 nimdines
286 566 320 627 et
345 559 605 651 intercapedines,
630 573 663 631 et
684 564 837 654 quicquid
859 588 932 634 enm
953 569 1083 656 quantis
1103 572 1260 659 organice

106 660 292 729 dimensioni
318 664 456 733 subditis
481 666 622 754 aliquam
651 668 844 737 sensibiliter
872 670 996 737 finitam
1025 676 1260 762 proportionem

104 763 202 831 babet
247 765 336 833 Nam
362 790 405 833 ex
430 769 613 837 mechanica
637 771 852 839 dimensorum
875 773 1007 840 adalia
1030 775 1260 847 dimensionem

102 869 283 937 excedentia
313 874 523 959 proportione,
549 874 646 940 etiam
672 874 788 941 horum
817 878 1037 963 quantitatem,
1068 879 1259 949 Geometriaa

104 972 238 1039 subsidio
253 997 384 1062 prorsus
399 976 563 1045 infallibili
580 978 704 1045 ratione
726 992 959 1067 perscrutemur
979 982 1056 1049 licet
1076 995 1110 1048 ct
1130 1007 1260 1073 pernos-

103 1096 212 1142 camus.

160 1188 189 1245 4.
224 1180 290 1246 His
307 1181 442 1269 subjicio
457 1181 599 1263 modum,
610 1183 708 1269 juxta
722 1207 818 1271 quem
832 1186 1067 1255 sciscitantibus
1082 1201 1202 1277 quanta
1215 1192 1258 1258 sit

102 1282 200 1369 aliqua
217 1285 411 1371 magnitudo
426 1286 664 1373 respondemus,
680 1287 783 1375 ipsam
805 1289 933 1355 realiter
953 1290 1137 1358 exhibendo
1158 1294 1259 1360 sensi·

101 1384 154 1451 bus
179 1387 413 1467 aestimandam,
440 1398 496 1453 aut
520 1411 576 1475 per
605 1388 724 1454 dictam
750 1390 933 1476 organicam
962 1392 1191 1461 dimensionem
1216 1396 1258 1462 ad

101 1490 232 1575 cujusvis
258 1513 419 1557 memmae
444 1492 581 1577 cognita
609 1514 756 1559 numeros
781 1492 1002 1561 reducendam
1048 1496 1098 1563 Ut
1126 1498 1154 1563 si
1184 1500 1257 1585 quis

102 1590 264 1679 interroget
287 1604 411 1679 quanta
430 1594 472 1659 sit
492 1604 578 1659 recta
597 1594 683 1661 linea
696 1618 716 1660 a
730 1594 806 1661 dato
827 1608 946 1684 puncto
968 1599 1121 1665 circulum
1143 1624 1257 1688 propo-

101 1692 189 1761 situm
208 1696 411 1783 contingens,
431 1696 629 1763 satislaomm
646 1698 705 1764 crit
725 1699 956 1785 quadantenus,
977 1701 1179 1779 Geometrioe
1198 1704 1258 1770 du·

102 1797 190 1864 oendo
204 1809 328 1865 rectam
343 1800 448 1881 istam,
465 1810 497 1866 et
511 1800 681 1887 quoerentis
696 1800 799 1868 oculis
813 1802 1012 1869 ostentando.
1044 1803 1078 1869 N
1079 1828 1131 1870 am
1144 1806 1192 1871 ita
1205 1804 1259 1871 vel

101 1900 193 1986 ipsam
215 1903 374 1969 intuendo
395 1913 515 1990 quanta
536 1902 579 1969 sit
593 1904 761 1985 discernet,
777 1906 888 1972 autad
906 1907 1024 1973 scalam
1038 1909 1186 1995 quamvis
1200 1932 1258 1976 ex-

102 2000 262 2073 aminando
274 2017 355 2095 quot
368 2017 452 2075 notae
467 2029 622 2073 mensurae
636 2008 801 2095 particulis
812 2010 941 2096 praecise
952 2009 1005 2077 vel
1016 2020 1257 2101 praeterpropter

101 2106 276 2195 adaequetur
292 2110 473 2195 comperiet

158 2220 185 2277 5.
231 2213 377 2293 Quintus
396 2213 510 2279 modus
530 2222 587 2293 est,
609 2234 672 2300 quo
692 2212 869 2281 declaretur
887 2215 1001 2301 ignota
1019 2217 1183 2303 quantitas
1201 2243 1257 2308 per

101 2316 304 2401 equationem
319 2315 470 2404 aliquam,
481 2339 553 2404 quae
568 2316 669 2405 ipsius
683 2317 724 2383 ad
739 2318 820 2383 alias
834 2328 926 2385 notas
940 2320 1133 2406 quantitates
1144 2333 1257 2389 utcun-

101 2440 155 2505 que
172 2419 359 2487 relationem
379 2420 546 2509 exprimat,
567 2420 709 2509 adeoquc
729 2422 829 2487 menti
849 2424 989 2509 prebeat
1008 2422 1113 2509 ipsam
1132 2425 1256 2511 aliquo·

101 2544 190 2609 nsque
217 2524 568 2610 comprehendendam
600 2526 692 2611 cujus
718 2524 849 2611 quidem
875 2525 1062 2612 aquationis
1087 2524 1257 2593 artificiosa

101 2627 240 2694 resolutio
260 2627 358 2715 juxta
379 2627 506 2714 regulas
527 2628 683 2714 quasdam
706 2628 736 2692 ei
758 2626 920 2714 proposito
941 2628 1202 2711 accommodatas,
1225 2642 1257 2696 et

101 2726 302 2818 inanalytioa
316 2730 465 2797 doctrinae
480 2731 688 2818 praescriptas,
705 2730 933 2797 dimensionem
948 2730 1032 2796 hanc
1045 2731 1168 2819 integre
1181 2756 1255 2799 cou-

102 2834 276 2913 summabit,
292 2833 521 2921 quaesitamque
538 2834 761 2922 quantitatem,
777 2856 835 2899 seu
854 2832 1053 2901 Geometrice
1070 2857 1127 2901 seu
1143 2836 1255 2903 Aritlr·

101 2936 216 3019 mctioe,
231 2938 341 3006 reddet
354 2947 561 3026 perspectam.

156 3038 212 3107 Ita
226 3041 254 3107 si
269 3041 360 3109 datur
373 3041 483 3108 cbouli
504 3040 612 3106 radius
629 3048 662 3107 et
682 3063 772 3107 arcus
793 3039 952 3127 designati
971 3050 1116 3129 tangens,
1131 3065 1253 3130 quaera-

102 3150 208 3231 turque
222 3154 342 3230 quanta
355 3144 398 3209 sit
412 3154 547 3228 tangens
562 3164 652 3209 arcus
667 3141 767 3229 dupli,
783 3142 1057 3229 repraesentabitur
1071 3144 1140 3231 ejus
1154 3169 1254 3232 quan-

102 3247 174 3329 titas,
189 3272 249 3336 per
270 3248 366 3315 talem
388 3248 617 3335 aquationem:
640 3256 953 3326 arr-aoa=2rro;
976 3246 1254 3315 vela-maa*

103 3372 119 3415 :r
138 3377 173 3417 a:
183 3352 229 3418 rr?
272 3350 422 3438 Tangcns
441 3350 575 3437 quaesita
589 3349 654 3415 dati
669 3349 762 3437 dupli
776 3372 868 3416 arcus
882 3350 978 3417 ducta
990 3351 1025 3416 in
1040 3350 1252 3419 differentiam

103 3455 318 3537 quadratorum
332 3454 411 3519 radii
427 3464 459 3519 et
473 3462 557 3519 notae
572 3454 732 3539 tangentis
747 3476 838 3520 arcus
856 3453 973 3542 simpli,
995 3463 1137 3540 aequetur
1156 3454 1253 3541 duplo

103 3556 245 3640 quadrato
259 3555 342 3622 radii
357 3555 451 3621 ducto
466 3558 501 3619 in
516 3564 700 3641 tangentem
714 3577 805 3620 arcus
820 3554 938 3643 simpli.
969 3553 1031 3620 Vel
1042 3554 1127 3640 quod
1141 3554 1251 3621 eodem

103 3660 213 3743 recidit,
237 3684 294 3749 per
316 3658 402 3725 hunc
422 3658 666 3746 analogismum;
694 3657 856 3725 Excessus
873 3658 1099 3746 quadratorum
1119 3656 1202 3723 radii
1221 3667 1253 3724 et

438 3847 443 3857 .
519 3808 526 3839 ¹
544 3810 684 3863 r=radius

543 3898 698 3958 o=tangans
709 3892 776 3943 data.

543 3989 566 4035 a,
581 3978 687 4037 tangens
699 3974 812 4038 quatita

150 4174 179 4241 (t)
214 4174 256 4243 By
267 4132 431 4243 presenting
448 4173 497 4229 tho
514 4174 596 4244 thing
612 4178 643 4231 to
659 4175 709 4231 tha
726 4192 826 4231 seuseu

149 4258 178 4324 (t)
212 4258 254 4329 By
266 4274 302 4314 an
319 4259 480 4329 expression
491 4259 522 4315 ol
533 4260 583 4316 the
596 4262 724 4331 quantity
735 4262 763 4316 ln
776 4264 864 4318 terma
874 4260 906 4315 ol
912 4260 1012 4316 known
1023 4260 1182 4332 quantities.

148 4342 217 4495 lllm
227 4346 311 4417 given
322 4344 417 4401 radius
430 4346 465 4415 (r)
477 4346 532 4401 and
543 4351 660 4417 tangent
669 4348 700 4403 of
712 4364 747 4403 an
759 4364 807 4403 aro
819 4349 862 4417 (o),
870 4350 901 4403 to
912 4346 971 4402 llud
981 4350 1099 4418 tangent
1107 4350 1139 4405 ot
1147 4348 1250 4407 double

106 4438 145 4482 ll't
161 4446 195 4485 a.

504 4497 597 4557 fi-a'
615 4520 622 4557 t
640 4497 687 4557 2r'
706 4518 832 4557 :zoua
