3167 5192
382 365 426 432 30
745 379 931 432 tremores
952 377 1094 429 orrrorr.
1283 357 1391 443 [mcc.
1405 373 1446 422 11.

447 551 489 621 V.
534 551 775 619 Advertendum
792 559 842 618 est
857 573 949 641 porro
964 548 1069 638 quoad
1085 546 1223 636 priorem
1237 545 1445 635 hypothesin,

382 678 439 721 seu
458 677 566 720 casum
582 656 664 721 radii
683 655 723 722 de
743 653 848 722 medio
870 653 980 720 rariori
1002 650 1222 720 contendentis
1244 651 1278 716 in
1300 650 1445 732 densius,

382 781 455 824 eum
470 781 602 845 semper,
621 758 850 846 qualiscunque
865 758 908 823 sit
922 757 991 843 ejus
1006 755 1187 842 obliquitas,
1207 754 1348 819 medium
1363 753 1445 819 den·-

382 859 448 924 sius
471 860 595 940 subire3
618 870 651 924 et
672 882 729 947 per
750 859 855 946 ipsum
877 857 1039 936 incedere3
1067 855 1162 923 modo
1185 869 1444 924 commonstrato.

385 961 592 1051 [Simpliciter
609 976 716 1029 autem
733 963 804 1042 hoc,
826 974 859 1028 et
875 963 1032 1027 abstracte
1051 961 1145 1026 debet
1163 961 1312 1048 intelligi,
1333 984 1391 1027 nec
1405 971 1446 1027 ut

381 1067 627 1133 accidentarium
651 1067 822 1154 quicquam
846 1065 1045 1144 interveniat,
1067 1063 1176 1153 qualia
1194 1075 1279 1146 sunt,
1300 1066 1446 1154 opacitas

380 1169 600 1256 perspicuitati
629 1169 780 1248 immista,
811 1167 915 1254 figura
938 1167 1133 1256 diaphanurn
1159 1167 1344 1247 terminans,
1370 1167 1447 1254 ejus

381 1273 539 1340 crassities
562 1272 739 1361 inaequalis,
763 1272 853 1338 aliud
872 1271 950 1360 quid
969 1281 1041 1358 post
1060 1271 1201 1359 positum
1221 1270 1374 1358 diaphani
1393 1293 1449 1336 re-

373 1375 559 1442 sistentiam
589 1399 796 1465 promoveus;
827 1374 1004 1465 cujusmodi
1030 1375 1150 1463 quippe
1173 1373 1213 1439 de
1243 1373 1347 1440 causis
1372 1372 1448 1454 dia-¹

381 1478 524 1567 phanum
550 1479 686 1545 subinde
711 1478 817 1544 forsan
843 1500 1012 1544 evasurum
1037 1487 1086 1544 est
1108 1499 1252 1566 opacum,
1279 1487 1312 1544 et
1340 1476 1449 1543 instar

380 1582 472 1670 opaci
504 1582 612 1650 radios
645 1581 766 1650 valebit
794 1591 1008 1670 repercutere3
1043 1603 1101 1648 oeu
1132 1578 1260 1669 quando
1289 1578 1373 1666 lapis
1402 1579 1442 1646 in

381 1710 497 1774 aquam
520 1687 671 1776 impingit
695 1685 842 1774 oblique;
869 1707 942 1750 cum
963 1683 1164 1772 hydrargyro
1186 1682 1368 1750 substracto
1390 1683 1446 1748 vi-

241 1791 275 1842 ’·
321 1827 328 1840 ·
380 1799 465 1856 trum
489 1790 642 1857 munitur.
686 1787 774 1854 Dum
800 1788 881 1877 lapis
906 1811 934 1854 e.
946 1809 977 1874 g.
1006 1786 1133 1874 oblique
1157 1785 1310 1874 impingit
1332 1809 1445 1875 super-

379 1892 463 1958 ficiei
485 1893 553 1958 EF
573 1892 637 1977 (cui
658 1892 812 1980 parallela
837 1892 911 1977 OQ)
937 1912 994 1979 per
1015 1890 1132 1956 lineam
1154 1890 1236 1970 AB3
1263 1899 1332 1956 tota
1353 1889 1445 1956 linea

379 1995 444 2075 BQ
465 1994 506 2061 ad
527 1995 660 2062 frmdum
686 1996 750 2076 OQ
771 2006 920 2084 protensa
940 1995 1082 2062 venienti
1103 1993 1302 2082 repugnabit,
1325 1992 1444 2060 auxilii

378 2119 505 2184 quoque
519 2098 666 2164 nonnihil
681 2098 859 2166 conferente
873 2098 971 2165 fundo
989 2097 1071 2179 003
1086 2119 1189 2184 neque
1202 2097 1320 2162 mirum
1334 2094 1441 2177 fuerit,

378 2199 408 2265 si
436 2200 538 2287 major
562 2201 616 2266 hic
641 2201 810 2268 renitentia
835 2201 1099 2290 deprehendatur,
1125 2222 1223 2287 quam
1247 2198 1305 2265 ubi
1329 2197 1440 2264 radius

378 2301 458 2368 alter
472 2304 573 2369 MBP
581 2304 873 2392 perpendicularius
887 2304 1028 2383 incurrit,
1049 2301 1176 2389 quando
1191 2301 1292 2388 major
1307 2301 1349 2366 sit
1362 2302 1438 2383 BQ,

379 2429 477 2494 quam
485 2408 568 2496 BR]
607 2406 655 2474 At
673 2431 742 2490 nos,
754 2407 886 2475 seclusis
902 2407 984 2487 istis,
996 2406 1137 2473 medium
1148 2406 1237 2473 velut
1252 2404 1440 2470 intermina-

379 2520 459 2591 tum,
475 2511 510 2577 in
529 2534 640 2578 omnes
656 2521 762 2599 partes
784 2510 948 2598 aequaliter
969 2510 1128 2584 resistens,
1150 2507 1295 2574 absolute
1315 2506 1439 2596 perspi-

379 2636 484 2695 cuum,
511 2625 543 2680 et
567 2613 674 2680 radios
700 2637 742 2680 ex
766 2636 801 2680 se
827 2635 891 2678 nou
920 2633 1072 2700 respuens
1097 2609 1290 2699 accipimus3
1320 2609 1439 2697 quibus

379 2717 551 2804 suppositis
566 2726 717 2804 perpetuo
737 2716 825 2803 quod
842 2715 922 2796 dixi,
942 2715 1059 2795 radius,
1080 2713 1269 2802 obliquitate
1288 2715 1439 2801 quapiam

379 2817 561 2885 incidentiae
575 2820 622 2885 nil
637 2828 774 2900 vetante,
790 2818 932 2885 medium
946 2817 1076 2884 densius
1090 2816 1279 2905 penetrabit.
1317 2815 1439 2882 Verum

378 2918 414 2984 in
427 2919 525 2986 altero
540 2943 625 3002 casu,
644 2943 717 2987 oum
731 2921 771 2987 de
786 2918 892 2986 medio
907 2919 1045 2986 densiori
1060 2919 1120 2984 lux
1130 2919 1165 2985 in
1179 2919 1280 2984 rarius
1294 2918 1437 3000 incurrit,

378 3042 443 3086 nou
468 3044 592 3109 semper
613 3045 650 3088 ea
675 3023 817 3089 medium
842 3022 903 3088 hoc
928 3022 1111 3109 permeabit
1156 3021 1242 3088 Nam
1267 3021 1296 3087 si
1321 3045 1439 3109 magna

378 3121 457 3188 satis
471 3123 566 3190 brerit
580 3125 772 3212 obliquitas;
792 3124 928 3192 subinde
945 3125 1052 3194 radius
1067 3125 1203 3192 inflexus
1218 3147 1315 3213 supra
1329 3147 1438 3212 super·

377 3224 482 3291 ficiem
495 3227 562 3292 EF
570 3227 742 3309 attolletur,
760 3228 961 3316 angulusque
979 3229 1047 3315 (qui
1062 3229 1188 3312 dicitur)
1206 3227 1366 3308 refractus,
1382 3237 1438 3296 aut

377 3326 516 3393 iuflexus
535 3338 656 3395 rectum
674 3330 896 3418 exsuperabit3
920 3331 1064 3418 quinimo
1078 3330 1147 3396 fieri
1161 3341 1265 3418 potest
1279 3341 1316 3397 ut
1330 3331 1436 3419 ipsum

377 3441 533 3519 exaequet.
579 3430 632 3500 Sit
650 3433 685 3498 in
704 3433 889 3522 exemplum
907 3434 1011 3520 primo
1026 3433 1191 3500 inclinatio
1212 3433 1435 3520 gradiuntu,

377 3533 431 3599 vel
445 3535 629 3617 semitecta3
654 3545 687 3602 et
700 3537 760 3602 ZB
772 3535 814 3601 ad
824 3536 886 3601 ΖΙ)
901 3559 934 3602 se
949 3536 1065 3602 habeat
1078 3546 1116 3601 ut
1126 3536 1273 3623 quadrati
1284 3537 1437 3603 diameter

376 3633 418 3700 ad
436 3657 529 3703 suum
543 3637 638 3718 latus,
658 3638 742 3724 (quae
763 3637 861 3704 ferme
879 3637 1040 3727 proportio
1062 3637 1222 3704 radiorum
1237 3661 1279 3705 ex
1294 3643 1379 3726 aqua
1400 3638 1435 3706 in

264 3797 271 3810 .
287 3776 326 3814 η,
376 3761 479 3805 aerem
493 3741 735 3821 transeuntium,
756 3740 954 3830 experientia
971 3750 1177 3823 contestante,
1198 3742 1353 3809 rationem
1368 3765 1436 3808 me·

375 3842 477 3928 titur,)
507 3843 618 3910 radius
647 3844 797 3910 velutin
824 3844 926 3934 ipsam
955 3845 1022 3910 EF
1044 3845 1244 3932 refringatur,
1278 3858 1334 3913 aut
1364 3871 1434 3914 eam

374 3947 537 4034 stringens
555 3946 714 4035 procedet.
757 3947 820 4016 Est
842 3946 927 4013 enim
951 3947 1000 4014 Ζδ
1024 3948 1169 4036 (aqualis
1190 3949 1252 4037 ipsi
1270 3949 1344 4034 ZD)
1363 3950 1434 4036 jam

375 4048 417 4114 ad
435 4050 502 4115 EF
514 4048 792 4138 perpendicularis,
816 4049 956 4138 adeoque
979 4049 1019 4118 δκ
1039 4074 1148 4117 arcum
1170 4050 1223 4117 δΙ)
1245 4053 1433 4139 contingens

375 4151 439 4238 ipsi
461 4152 527 4217 EF
547 4162 709 4240 congruet.
754 4151 853 4220 Unde
876 4163 965 4241 patet
985 4152 1095 4234 obiter,
1119 4153 1154 4220 id
1176 4154 1263 4243 quod
1286 4155 1433 4242 superius

374 4253 580 4336 insinuatum,
595 4280 660 4323 non
673 4255 848 4324 universim
863 4267 1015 4340 constare,
1031 4257 1117 4345 quod
1130 4258 1238 4324 radius
1253 4281 1349 4345 aquo
1364 4259 1432 4326 loco

373 4353 472 4424 medii
500 4358 595 4423 unius
624 4359 659 4423 in
688 4359 779 4425 aliud
806 4359 967 4448 processit,
998 4359 1040 4429 ad
1066 4359 1201 4426 eundem
1230 4361 1432 4448 retrogradus

373 4455 510 4526 accedet.
555 4458 629 4526 Hoc
648 4461 734 4527 enim
751 4460 866 4529 saltem
883 4461 918 4527 iu
939 4484 1016 4534 casu
1035 4461 1143 4530 radius
1164 4462 1232 4528 AB
1248 4461 1432 4550 refringitur
