3167 5192
403 397 447 466 22
751 415 938 468 unmrouus
960 414 1102 466 ornem.
1315 397 1423 484 [unm.
1440 412 1468 462 1.

403 578 545 666 generali
558 577 697 660 nomine,
712 579 894 668 compendii
913 585 1020 661 cause,
1034 589 1100 646 tnm
1116 577 1345 660 refractionem,
1368 602 1468 667 quem

402 681 614 748 reflectionem
639 681 842 769 complector)
870 680 908 745 fit
930 680 965 746 in
988 679 1153 768 superficie
1171 679 1214 747 sd
1236 681 1334 750 medii
1356 681 1469 746 inflec-

402 785 499 852 tentis
515 784 712 873 superficiem
726 784 990 873 perpendiculari,
1006 806 1062 851 seu
1083 789 1177 852 rectt.
1224 783 1368 872 Hujnsoe
1390 807 1470 874 sup-

401 887 569 975 positionis
599 885 686 952 heud
708 886 810 952 ullem
838 885 931 952 facile
956 885 1035 952 setis
1061 885 1321 976 commodumst
1345 886 1468 954 clerum

401 991 556 1058 rationem
585 990 721 1079 reperias
747 989 834 1078 apud
865 987 1015 1078 Opticos3
1046 990 1199 1077 petitione
1227 990 1387 1079 principii,
1410 989 1468 1056 vel

401 1093 714 1183 incomprehensibili
748 1093 888 1181 quddam
924 1093 1115 1160 obscuritate
1151 1093 1276 1161 laboret
1311 1092 1469 1182 quicquid

402 1200 501 1266 ferme
528 1222 566 1266 eo
592 1208 738 1287 spectans
767 1199 922 1279 efferum
954 1221 1057 1287 neque
1085 1199 1181 1266 vslde
1210 1199 1307 1266 miror
1338 1199 1466 1266 redium

402 1304 482 1370 lucis
501 1326 625 1393 semper
647 1314 684 1371 nt
708 1313 828 1372 rectem
848 1303 1097 1391 concipientibus
1122 1303 1323 1372 individuum
1346 1304 1465 1372 lineum

400 1407 436 1474 id
457 1407 503 1473 eis
525 1407 696 1487 eccidisse,
720 1429 784 1493 quo
810 1407 913 1494 posito
937 1407 996 1472 vix
1017 1408 1150 1496 probam
1170 1408 1272 1474 tillem
1290 1409 1397 1497 ejusce
1417 1410 1465 1476 rei

306 1581 312 1592 ,
401 1535 529 1580 censum
545 1510 701 1599 assignari
716 1532 809 1598 posse
829 1509 932 1578 credo.
977 1509 1081 1578 Cedet
1094 1511 1180 1578 enim
1202 1513 1310 1580 redies
1333 1513 1464 1580 linearis

400 1617 468 1684 AB
479 1617 513 1683 in
527 1615 648 1705 speculi
666 1615 838 1702 (instentiae
852 1614 968 1702 gratim
986 1614 1076 1703 pleni
1094 1615 1292 1705 superficiem
1307 1617 1349 1684 nd
1362 1641 1464 1706 punc-

288 1763 332 1800 ,2
402 1732 471 1788 tum
485 1722 534 1801 B;
555 1741 613 1808 per
626 1719 713 1807 quod
733 1730 894 1806 utcunque
913 1718 1069 1786 ducuntur
1089 1717 1161 1786 duee
1182 1729 1276 1788 recte
1297 1720 1366 1804 OD,
1381 1723 1461 1806 EF;

401 1848 475 1892 cum
500 1824 600 1910 igitur
621 1833 715 1890 rectus
738 1823 813 1905 AB,
849 1823 909 1890 01)
937 1823 1004 1890 sint
1032 1823 1068 1890 in
1095 1846 1160 1891 nnc
1189 1824 1328 1912 quedem
1354 1825 1462 1913 pleno,

401 1925 515 2014 quidni
529 1924 667 1992 reflectio
681 1925 763 1992 redii
784 1935 954 2012 peregemr
976 1925 1011 1992 in
1033 1926 1096 1994 isto
1117 1926 1238 2014 pleno?
1282 1927 1391 1995 Simili
1410 1951 1464 1994 re·

400 2030 487 2100 tione
501 2029 652 2119 quonism
676 2039 769 2096 rectoe
794 2029 869 2112 AB,
892 2032 959 2096 EF
976 2041 1051 2098 sunt
1073 2031 1108 2096 in
1133 2055 1198 2099 uno
1219 2031 1325 2120 pleno,
1348 2031 1463 2120 quidni

399 2133 508 2200 radius
522 2133 557 2198 in
571 2132 632 2200 hoc
647 2132 745 2198 etiem
759 2133 972 2201 reflectionem
986 2135 1150 2222 patietur?
1171 2135 1345 2224 codemque
1366 2135 1463 2225 plane

399 2237 495 2304 modo
509 2236 588 2324 qnid
602 2237 709 2304 obstat
721 2258 784 2323 qno
805 2237 912 2304 minus
933 2237 969 2303 in
988 2238 1126 2326 singulis
1147 2239 1306 2319 omnibus,
1329 2239 1390 2305 hoc
1411 2251 1462 2307 est

398 2337 534 2406 infinitis
548 2337 662 2427 plenis,
675 2339 797 2427 speculi
808 2338 1006 2426 superficiem
1020 2340 1211 2421 secantibus,
1225 2351 1259 2407 et
1272 2363 1328 2429 per
1342 2351 1461 2408 rectem

398 2443 467 2510 AB
478 2466 538 2510 ceu
552 2465 752 2510 communem
763 2443 935 2510 sectionem
950 2443 1103 2511 traductis
1118 2445 1298 2532 perficietur
1311 2445 1460 2526 reflectio,

398 2545 547 2636 idemque
570 2547 703 2637 proinde
727 2547 835 2614 radius
857 2570 942 2615 unus
971 2546 1006 2614 in
1028 2557 1135 2636 perles
1160 2547 1302 2636 undique
1330 2559 1461 2616 cunctus

398 2650 536 2719 reflexus
555 2650 781 2739 dispergetur?
802 2673 858 2718 cur
879 2650 941 2718 hoc
961 2650 1031 2718 fieri
1049 2673 1114 2717 non
1136 2652 1246 2740 possit,
1262 2651 1375 2740 utique
1395 2674 1460 2719 non

396 2755 499 2844 cepio.
544 2754 640 2835 Quod
671 2754 879 2842 respondetur
907 2753 1003 2836 enim,
1033 2753 1138 2842 posito
1166 2755 1263 2845 pleno
1292 2755 1394 2823 ABG
1418 2755 1462 2823 ed

398 2856 520 2945 speculi
534 2856 733 2944 superficiem
746 2867 832 2922 recto
846 2856 951 2944 magis
967 2856 1051 2922 illud
1071 2855 1215 2945 plenum,
1230 2879 1327 2945 quum
1347 2866 1461 2924 cetere

398 2959 521 3046 quosvis
543 2959 665 3048 speculi
687 2959 866 3047 superficiei
887 2958 1079 3026 contrarium
1104 2981 1183 3041 esse,
1207 2959 1340 3048 proinde
1364 2959 1461 3027 resis-

397 3060 530 3129 tentiam
551 3060 585 3126 in
608 3083 646 3126 eo
668 3060 844 3127 munimem
869 3060 1062 3148 contingere,
1084 3073 1312 3151 proptereeque
1334 3063 1459 3129 redium

398 3165 434 3231 in
458 3187 496 3230 eo
520 3163 876 3253 potissimnminflecti,
899 3186 1012 3252 purum
1039 3165 1213 3248 satisfaciu
1240 3166 1400 3254 quonism,
1422 3175 1460 3234 nt

398 3268 542 3357 superins
559 3267 765 3348 insinuatum,
789 3279 881 3336 extre
902 3279 1057 3356 punctum
1078 3271 1185 3358 ipsum
1207 3271 1247 3353 B,
1271 3271 1323 3338 cni
1350 3271 1459 3340 radius

395 3371 559 3461 impingit,
577 3370 642 3438 eliu
655 3371 744 3438 nulle
758 3372 929 3460 speculeris
946 3373 1124 3462 superficiei
1143 3397 1216 3463 pers
1236 3375 1348 3443 merito
1369 3375 1459 3443 venit

397 3473 645 3544 consideranda:
669 3475 748 3563 quid
761 3475 847 3543 enim
866 3478 914 3562 (ut
928 3476 990 3544 hoc
1003 3476 1152 3565 adjiciam
1166 3477 1351 3566 predictis),
1367 3501 1409 3544 sn
1423 3479 1458 3546 in

396 3578 579 3646 nniversam
607 3603 673 3669 qne
697 3579 793 3668 longe
822 3580 949 3669 lateque
977 3580 1178 3663 distenditur,
1208 3580 1310 3669 ipsius
1337 3582 1459 3669 speculi

396 3683 596 3771 superficiem
610 3683 679 3771 ogit
692 3683 746 3751 hic
766 3683 896 3752 linearis
910 3683 1028 3766 rudius,
1044 3693 1077 3751 et
1091 3684 1132 3752 sb
1153 3689 1193 3752 et
1209 3683 1353 3750 vicissim
1375 3685 1458 3772 puti-

397 3798 467 3870 tur;
490 3811 533 3854 en
547 3788 582 3853 in
603 3788 673 3876 ejns
690 3787 856 3855 definitam
878 3787 1019 3876 aliquem
1038 3797 1161 3877 partem
1182 3789 1260 3876 egit,
1276 3790 1457 3878 petiturque

396 3891 438 3959 eb
452 3891 537 3960 hec?
558 3891 630 3980 quis
646 3891 682 3956 in
695 3900 797 3958 totam
811 3913 915 3978 egere,
930 3890 984 3958 vel
1001 3914 1021 3957 e
1035 3898 1103 3960 tots
1116 3892 1183 3982 peti
1203 3892 1377 3962 concedet?
1411 3893 1458 3961 Et

396 4017 452 4062 cnr
465 3995 501 4062 id
514 3994 571 4062 nni
585 3993 669 4083 perti
683 3993 901 4081 deputandum
922 4016 988 4082 prm
1007 3994 1105 4062 eliis?
1127 3996 1182 4062 ubi
1204 3997 1359 4064 terminus
1377 3996 1456 4084 fige-

396 4099 473 4165 tur?
501 4120 664 4186 quousque
691 4095 840 4186 procedet
867 4097 1033 4186 operatio?
1060 4099 1204 4185 quinimo
1233 4100 1350 4188 potius,
1380 4099 1456 4188 quis

395 4201 478 4268 redii
490 4225 548 4290 per
565 4211 682 4268 rectem
696 4202 763 4267 AB
776 4201 988 4290 procurrentis
1004 4201 1159 4290 impulsui
1182 4213 1307 4270 tentum
1331 4202 1366 4269 id
1385 4225 1457 4292 spc-

395 4305 461 4371 cnli
475 4305 561 4392 quod
574 4315 624 4372 est
637 4305 672 4371 in
693 4309 780 4372 reem
793 4305 861 4370 AB
877 4327 989 4372 versus
1009 4305 1214 4393 Oprottectd
1234 4306 1364 4387 resistit,
1384 4305 1456 4372 ideo

394 4405 508 4495 pulsus
536 4406 571 4473 in
594 4407 698 4495 ipsum
720 4407 788 4473 AB
813 4407 990 4495 rejicietur;
1021 4419 1055 4476 et
1076 4408 1166 4475 nulle
1187 4409 1341 4476 succurrit
1361 4431 1457 4476 oense

394 4509 527 4594 senties,
541 4519 777 4600 propterquam
792 4510 944 4580 aliorsum
959 4511 1125 4596 deflectst5
1146 4513 1231 4582 nihil
1250 4511 1354 4596 detur,
1370 4512 1456 4602 quod
