3167 5192
337 643 597 729 EPISTOLA
638 641 711 725 AD
755 641 1060 728 LECTOREM.

594 940 798 949 ——u

239 1159 411 1232 Brurcur
437 1157 597 1250 Lucroa,

258 1357 326 1432 IN
332 1357 449 1432 ΙΜΕ
485 1357 555 1432 tibi
591 1356 819 1433 destinatum
852 1357 922 1434 hoc
958 1360 1131 1460 quicquid
1167 1369 1224 1437 est

280 1476 418 1574 opellae,
447 1476 574 1551 statim
600 1475 689 1575 ipse,
718 1475 829 1550 modo
851 1475 1015 1577 digneris
1034 1477 1223 1578 inspicere,

72 1655 80 1666 .
166 1590 294 1666 multis
316 1590 365 1666 ab
380 1591 524 1666 indiciis
541 1590 811 1691 deprehendes;
838 1617 905 1667 nec
926 1599 1052 1667 tamen
1075 1601 1119 1667 ut
1130 1593 1226 1692 juris

167 1704 207 1778 id
228 1710 286 1782 tui
311 1709 426 1799 fieret,
447 1708 644 1784 defuerunt
661 1715 838 1784 auctores,
893 1706 1041 1802 Quibus
1059 1709 1222 1801 tandem,

167 1823 291 1899 animo
319 1832 416 1900 certe
443 1825 633 1925 trepidans
654 1832 768 1925 atque
788 1825 961 1917 renitens,
985 1825 1119 1902 idcirco
1135 1851 1226 1925 prae

169 1941 294 2015 sertim
313 1941 540 2042 obsequutus
561 1969 654 2035 sum,
682 1942 859 2042 quoniam
876 1943 915 2018 in
933 1943 1011 2032 hoc,
1031 1943 1130 2043 quod
1146 1942 1226 2043 ipse

168 2059 309 2156 primus
331 2059 494 2151 obierim,
515 2087 652 2137 munus
671 2061 890 2137 successuris
911 2061 1081 2162 exemplo
1097 2062 1226 2163 praeire

168 2201 246 2250 rem
281 2177 492 2271 literarium,
532 2179 563 2252 si
596 2178 720 2254 minus
751 2179 894 2271 effecto,
926 2179 1057 2255 saltem
1091 2189 1226 2257 conatu

168 2295 428 2393 promovendi3
462 2321 538 2370 non
568 2294 774 2384 inhonesta,
811 2320 879 2370 nec
911 2294 960 2369 ab
991 2294 1109 2372 officio
1143 2323 1227 2372 meo

168 2414 287 2489 aliena
299 2414 497 2489 videbatur
508 2412 673 2488 ambitio.
691 2410 865 2487 Accessit
875 2411 1000 2486 tenuis
1013 2437 1097 2512 spes
1107 2412 1227 2489 inesse

166 2532 274 2607 bonae
308 2531 426 2628 frugis
465 2529 645 2621 nonnihil,
679 2528 781 2629 quod
815 2536 853 2604 et
888 2528 1124 2628 aliquatenus
1154 2530 1227 2605 tibi

167 2647 297 2749 prosit,
320 2673 389 2720 nec
416 2647 566 2720 omnino
598 2646 799 2745 displiceat.
830 2633 1073 2722 'Memineris
1100 2655 1227 2724 autem

166 2765 335 2843 obtestor
352 2762 416 2862 qui
432 2762 471 2837 in
488 2762 547 2838 his
567 2762 684 2838 literis
700 2763 972 2861 provectiores,
993 2763 1100 2864 quale
1118 2765 1228 2865 scrip

167 2891 250 2958 tum
281 2887 474 2969 attrectas3
512 2905 587 2954 non
616 2879 746 2978 utique
780 2877 851 2955 tibi
879 2878 947 2955 soli
979 2878 1227 2972 elaboratum

170 3026 245 3074 non
270 3005 403 3098 sponte
424 2998 665 3098 productum
691 3022 768 3073 non
786 2997 962 3074 diuturnt
985 2997 1228 3075 meditatione

169 3117 340 3193 subactos
369 3117 548 3193 exhibens
576 3117 744 3193 feriantis
770 3117 912 3218 ingenii
940 3126 1155 3218 conceptus;
1187 3125 1228 3193 at

168 3236 356 3310 Lectiones
385 3235 646 3320 scholasticos:
680 3233 843 3333 primum
872 3233 981 3309 officii
1010 3235 1228 3312 necessitate

169 3379 360 3453 expressas
368 3382 378 3442 ;
404 3363 487 3427 tum
504 3350 661 3427 subinde
672 3351 931 3450 properantius
945 3351 1089 3444 effirsas,
1104 3360 1149 3428 ut
1164 3353 1228 3428 ab·

168 3471 373 3547 solveretur
397 3495 564 3569 pensum,
599 3494 643 3542 ac
665 3467 756 3543 hora
783 3467 978 3557 deflueret;
1005 3468 1156 3543 demum
1179 3469 1228 3544 ad

169 3586 370 3685 promiscui
381 3583 535 3660 literarii
548 3581 675 3682 populi
692 3582 972 3657 instructionem
985 3589 1225 3681 comparatas,

93 3789 97 3796 ¹
170 3704 274 3802 cnjus
302 3703 480 3778 intererat
510 3698 700 3798 complura
729 3697 868 3798 (qualia
892 3698 962 3774 tibi
984 3698 1224 3800 videbuntur)

169 3819 308 3895 leviora
335 3844 411 3893 non
434 3816 689 3918 praetermitti3
714 3825 758 3892 ut
777 3815 915 3892 frustra
940 3815 1087 3891 futurus
1104 3817 1155 3892 sis
1176 3817 1228 3917 (id

170 3938 270 4039 quod
288 3946 327 4013 te
343 3937 527 4012 monitum
550 3937 725 4036 oportuit,
749 3963 797 4011 ne
821 3935 982 4011 multum
1000 3935 1229 4035 expectando

168 4055 240 4131 tibi
256 4054 396 4156 pariter
413 4054 521 4148 obsis,
534 4080 577 4130 ao
591 4053 701 4148 mihi)
715 4061 928 4128 accuratum
941 4053 1002 4128 hic
1019 4053 1226 4154 quicquam,

169 4171 307 4248 affabre
337 4169 512 4270 positum,
545 4178 611 4245 aut
641 4169 818 4244 concinne
847 4169 1034 4269 digestum
1066 4196 1226 4271 sperans.

169 4288 385 4380 Enimvero,
423 4314 496 4386 quo
527 4287 597 4363 tibi
633 4284 893 4379 satisfacerem,
933 4285 1123 4386 expediret
1155 4290 1232 4365 scio

170 4406 290 4483 multa
322 4406 549 4497 detruncare,
587 4404 740 4478 meliora
776 4403 1010 4498 substituere,
1055 4407 1231 4508 ploraque
