3167 5192
356 399 416 468 xvi
669 417 836 473 ssrsrour
858 418 1106 471 nnnrcsuosun.

357 585 475 655 cedere.
520 585 586 658 Sed
604 609 705 677 quum
718 595 895 656 vestrarum
909 587 1065 655 virtutum
1078 585 1114 653 id
1127 583 1233 671 robur,
1255 607 1328 653 ecm
1347 581 1414 652 fore

355 697 549 767 soliditatem
568 720 832 787 recognoscerem,
851 721 923 788 que
937 709 1078 766 vestrum
1097 696 1203 780 decus,
1223 719 1294 764 meo
1313 718 1417 784 quan·

356 809 478 878 tumvis
497 810 695 894 labefactata,
717 810 941 879 inconcussum
963 811 1120 880 sustinere
1142 809 1277 898 possint,
1297 809 1416 876 idcirco

355 941 421 988 non
440 918 588 990 dubitari
606 942 665 989 vos
684 921 720 988 in
740 921 941 1010 aliquetenus
959 943 1127 989 commune
1145 943 1271 988 mecum
1289 919 1417 1008 pericu-

356 1029 425 1098 lum
439 1029 580 1099 induere.
617 1029 762 1100 Virtutes
774 1031 848 1100 illas
862 1031 1019 1118 intelligo,
1034 1031 1152 1121 quibus
1165 1054 1259 1099 nemo
1272 1049 1415 1119 unquam

357 1141 392 1207 in
415 1145 522 1208 vested
544 1149 648 1222 estete,
673 1141 788 1210 autin
811 1151 918 1208 restro
942 1140 1061 1224 ordine,
1087 1141 1200 1208 saltem
1224 1163 1277 1209 me
1295 1138 1415 1228 judice,

357 1251 492 1341 majores
507 1252 724 1341 deprehendit,
744 1275 817 1340 quae
830 1275 889 1321 vos
908 1252 1079 1340 insigniter
1092 1261 1200 1341 gratos
1214 1251 1363 1319 omnibus
1381 1257 1416 1317 et

357 1361 511 1432 amabiles
540 1361 690 1446 reddunt,
718 1361 871 1446 eximiam
898 1363 1097 1447 modestiam,
1123 1364 1334 1446 sobrietatem,
1357 1365 1418 1432 be·

358 1472 549 1561 nignitatem
574 1473 683 1556 animi,
706 1495 831 1541 morum
860 1473 1052 1557 comitatem,
1080 1473 1294 1563 prudentiam,
1323 1495 1417 1560 meg·

357 1583 588 1666 nauimitatem,
615 1584 731 1672 lidem3
758 1586 944 1674 praeclaram
966 1586 1097 1675 insuper
1119 1585 1242 1674 ingenii
1263 1584 1414 1661 indolem,

358 1716 430 1782 quae
445 1718 503 1762 ros
522 1694 564 1762 ad
578 1717 704 1763 omnem
719 1695 892 1783 iugenuam
906 1687 1071 1763 scientiam
1085 1719 1150 1762 non
1169 1705 1295 1762 tuntum
1309 1695 1417 1763 excel·

357 1803 438 1873 lenti
453 1816 557 1894 captu,
573 1806 630 1873 sed
643 1816 677 1873 et
690 1808 835 1894 appetitu
848 1806 924 1873 forti
937 1830 975 1875 ac
988 1808 1111 1875 sincero
1125 1806 1289 1874 instruxit.
1326 1806 1415 1888 Quas

357 1925 479 1983 vestras
500 1914 757 2003 preclarissimas
776 1914 867 1983 dotes
886 1928 981 2005 prout
1001 1939 1097 1984 nemo
1113 1927 1163 1984 est
1183 1917 1334 1999 fortassis,
1357 1916 1416 2006 qui

357 2047 409 2092 me
430 2024 547 2092 melius
568 2025 669 2108 novit,
692 2036 749 2094 aut
769 2050 828 2116 pro
849 2029 1085 2111 cousuetudine,
1108 2052 1205 2118 quam
1222 2029 1416 2117 jamdudum

357 2136 523 2205 vobiscum
540 2137 758 2204 dulcissimam
775 2140 910 2208 coluisse
924 2163 967 2207 ex
985 2151 1092 2208 vestro
1110 2142 1219 2208 favore
1238 2140 1320 2207 mihi
1338 2163 1417 2209 con·

357 2246 442 2335 tigit,
467 2247 608 2336 penitius
636 2248 872 2338 introspexerit,
897 2252 945 2331 ita
963 2272 1058 2318 uerno
1079 2260 1138 2333 est,
1161 2249 1218 2339 qui
1239 2251 1414 2340 impensius

354 2357 507 2438 rniratur,¹
523 2367 555 2424 et
576 2357 727 2446 suspicit3
750 2369 807 2426 aut
824 2359 881 2448 qui
898 2359 986 2448 ipsas
1004 2359 1157 2428 libentius
1178 2360 1358 2449 predicere,
1376 2383 1415 2428 ac

356 2467 515 2536 celebrare
530 2467 637 2550 vellet,
651 2469 680 2536 ei
694 2489 760 2538 non
781 2475 855 2538 eum
877 2470 998 2560 eloquii
1018 2472 1082 2538 mei
1102 2471 1188 2538 vires
1209 2471 1415 2560 supergredess

354 2587 476 2660 rentur,
505 2585 575 2650 tum
596 2577 694 2646 ctiam
716 2580 842 2668 quaein
863 2580 1002 2668 singulis
1023 2581 1117 2648 vobis
1138 2577 1273 2662 elucent,
1296 2580 1414 2668 prolixi

356 2689 494 2778 alicujus
508 2691 736 2772 commentarii,
755 2695 813 2758 aut
830 2692 1033 2778 panegyricas
1053 2689 1205 2758 orationis
1223 2691 1413 2773 libertatem,

355 2799 462 2887 potius
487 2811 584 2887 quam
605 2799 798 2885 praeatitntas
819 2801 1004 2889 hujusmodi
1025 2801 1271 2870 salutationibus
1293 2793 1413 2889 angusss

355 2909 428 2990 tias,
454 2917 670 2996 exposcerent.
714 2907 802 2989 Quin
830 2909 937 2996 potius
961 2909 1105 2977 divinam
1127 2909 1329 2979 clementiam
1350 2905 1413 2978 imss

354 3018 459 3108 ploro,
477 3027 514 3088 ut
535 3041 594 3088 vos
615 3017 785 3086 earundem
806 3019 962 3085 virtutum
984 3030 1093 3087 sancte
1114 3019 1235 3100 tramiti
1256 3024 1412 3108 insistere,

354 3137 453 3216 atquc
480 3128 539 3196 hos
568 3129 713 3216 egregios
735 3128 857 3196 fructus
877 3151 984 3196 verne
1009 3139 1123 3199 sesua
1144 3132 1247 3199 atatis
1266 3133 1414 3202 felicibus

353 3237 560 3306 incrementis
579 3247 789 3307 maturescere
809 3240 981 3324 concedat3
1002 3240 1168 3331 vitamque
1180 3243 1275 3311 vobis
1295 3245 1331 3311 in
1352 3245 1414 3314 hoc

357 3347 472 3440 merlo
492 3347 675 3437 iugenuam,
712 3349 923 3428 innocentem,
952 3351 1139 3441 jucundam,
1173 3351 1207 3420 e't
1238 3355 1274 3421 in
1306 3354 1413 3424 futuro

354 3457 483 3533 beatem
520 3478 558 3526 se
595 3457 820 3548 sempiternam
851 3461 1028 3550 hardgere
1060 3462 1225 3551 largiatur.
1275 3463 1413 3535 Minime

354 3579 462 3644 autem
485 3567 607 3652 dubito,
626 3591 668 3637 ne
684 3591 742 3659 pro
763 3581 914 3640 comuste
931 3581 1038 3639 vestro
1055 3572 1093 3640 in
1111 3596 1164 3640 me
1184 3573 1330 3656 candore,
1352 3574 1413 3641 hoc

355 3679 503 3756 ultimum
529 3680 680 3763 lomassis,
704 3681 790 3771 quod
818 3680 912 3751 vobis
935 3694 1084 3772 prestare
1112 3694 1248 3774 postero,
1273 3685 1412 3752 beneso-

354 3789 462 3879 lentice
487 3811 564 3879 erga
583 3813 643 3859 vos
663 3801 696 3859 et
717 3792 926 3860 observentias
942 3793 1171 3878 testimonium,
1194 3795 1339 3864 alacriter
1358 3817 1413 3863 ac·

354 3899 477 3989 cepturi
490 3899 572 3983 sitis,
587 3899 674 3990 quod
686 3900 780 3969 robis
792 3901 1039 3989 propemissimo
1052 3904 1169 3971 effectu
1182 3905 1275 3972 offert

795 4055 898 4121 Vestri
908 4055 944 4122 ie
958 4069 1106 4122 oeernem
1120 4057 1365 4139 amaatslcae'muc,

915 4203 944 4258 et
957 4192 1253 4275 octavadecima,

1090 4327 1118 4395 I.
1142 4327 1181 4394 B.
