3167 5192
108 413 204 470 uuor.
219 403 283 491 ra]
412 417 599 474 arenosus
620 408 869 475 (trrormmucrn.¹
1102 389 1164 476 '201

108 587 261 674 quoniam
274 586 309 653 in
323 589 363 656 ea
372 598 470 656 recta
484 589 561 671 ΒΜ,
583 589 653 657 ΟΜ
668 613 702 658 se
721 589 843 657 habent
862 597 899 657 ut
918 589 992 659 cubi
1012 573 1165 659 rectarum
1180 609 1237 677 mg.
1251 624 1290 676 23,

107 691 182 773 ΑΒ,
198 691 272 772 AO,
293 692 355 758 hoc
369 702 468 759 estut
484 693 559 758 cubi
574 703 729 760 rectarum
745 696 800 776 αβ,
818 719 877 779 ανγς
900 704 932 761 et
947 695 974 760 si
989 696 1168 785 superficies
1181 691 1221 740 ²⁴·

107 791 171 876 αδμ
185 794 292 881 firom‘t
317 794 568 884 complementum
592 797 858 886 semiporobolicoe
879 797 1072 886 quadrariae
1087 823 1167 888 por·

108 898 210 979 omna,
242 898 370 965 trilicem
395 900 475 982 αβμ,
502 923 569 983 amp
593 900 679 966 cota
704 924 744 966 cc
769 901 826 983 αβ,
854 925 896 984 ap
913 902 1168 990 proportionalia

107 1013 218 1083 ermom
243 1003 291 1087 (ut
306 1025 325 1067 a
340 1003 459 1091 Poppo,
483 1025 520 1068 ac
541 1003 614 1069 aliis
636 1003 822 1084 ostenditur,
845 1014 878 1070 et
899 1027 941 1070 ex
959 1003 1167 1071 Arelimidod

101 1103 264 1190 parabola
278 1103 466 1170 dimensione
479 1125 576 1191 qnam
590 1101 741 1170 facillime
761 1103 928 1171 deducitur
934 1103 955 1189 ;)
981 1103 1090 1192 itaque
1109 1128 1166 1172 ne·

107 1207 196 1293 gotio
220 1207 382 1295 proposito
408 1228 505 1294 quam
529 1206 703 1273 rectissime
728 1206 895 1296 adaptetur
908 1209 1068 1297 parabola
1088 1233 1165 1298 poo-

106 1311 252 1394 drotioo;
272 1332 407 1399 cumque
426 1308 603 1376 constiterit
621 1309 750 1376 aliunde
769 1318 839 1377 tum
853 1310 990 1398 figuram
1005 1310 1069 1394 αδμ
1088 1311 1165 1377 sub-

107 1401 236 1501 tn'plam
272 1411 339 1480 lore
374 1411 663 1501 parallelogrammi
699 1411 808 1501 αδμφ;
845 1414 905 1480 erit
940 1412 1037 1480 etiam
1068 1413 1166 1502 juxta

107 1514 226 1602 regulas
257 1514 327 1603 jam
363 1514 533 1601 assignatae
568 1514 788 1605 praecriptum
826 1526 912 1583 reeta
941 1516 1009 1582 ΑΡ
1039 1539 1165 1605 quoque

107 1619 265 1706 subtripla
288 1627 381 1685 rectae
412 1619 475 1685 ΤΡ.
520 1617 572 1685 De
595 1622 661 1706 qut
685 1617 886 1686 conclusione
912 1619 990 1686 satis
1016 1620 1165 1687 convenit

105 1722 191 1788 inter
217 1722 403 1789 Gcmootras.

171 1921 287 1990 XVII.
325 1921 413 1989 Huic
427 1945 547 2012 suppar
559 1923 673 1991 modus
687 1923 789 1991 dicms
804 1935 905 1993 rectas
918 1927 991 2010 ΑΡ,
1011 1927 1071 1995 ΤΡ
1079 1951 1165 1997 com·

106 2027 240 2115 parandi
258 2027 318 2093 tali
337 2028 530 2094 ltmranctc
550 2028 747 2096 continetur:
772 2029 810 2098 si
832 2029 874 2096 ad
888 2039 1006 2098 rectam
1021 2031 1164 2120 aliquam

107 2131 224 2198 lineam
243 2132 315 2219 (hoc
329 2139 378 2197 est
392 2131 434 2198 ad
448 2131 517 2219 ejus
531 2131 660 2219 singula
674 2155 809 2221 quaeque
820 2135 949 2222 puncta)
967 2135 1165 2224 applicentur
1178 2157 1234 2224 mg.
1248 2171 1288 2222 23,

107 2243 199 2301 recta
216 2234 310 2302 linem
327 2233 497 2323 parallelae,
519 2233 561 2300 ad
580 2243 700 2300 rectam
715 2234 783 2300 ΑΙ)
804 2235 1010 2303 consimiliter
1027 2235 1165 2303 divisam
1179 2237 1218 2286 ²⁴·

107 2337 335 2426 applicatarum
365 2336 553 2402 differentiis
581 2335 841 2424 proportionales,
876 2336 1061 2403 resultantis
1089 2337 1166 2404 hinc

105 2441 195 2530 plani
220 2442 262 2507 ad
286 2439 618 2528 parallelogrammum
646 2462 738 2526 aeque
762 2439 874 2521 altum,
905 2439 947 2505 ad
970 2441 1165 2528 eandemque

106 2545 199 2611 basin
218 2544 367 2632 positum,
389 2553 545 2610 rectarum
559 2541 631 2623 ΑΡ,
660 2543 718 2608 TP
731 2541 967 2630 proportionem
986 2542 1164 2611 exhibebit.

105 2646 157 2714 Ut
181 2647 209 2713 si
233 2656 327 2712 rectas
348 2647 425 2726 ΑΒ,
449 2643 489 2712 αδ
509 2643 657 2711 similiter
681 2644 728 2729 (in
752 2653 859 2732 partes
881 2642 1001 2712 scilicet
1027 2645 1164 2735 aequales

105 2750 271 2818 indefinite
291 2750 421 2835 multas)
445 2748 649 2829 dividantur3
675 2757 708 2816 et
727 2757 822 2815 rectae
842 2749 904 2832 βμ,
926 2773 982 2833 pp,
1006 2747 1049 2834 δμ
1069 2749 1164 2817 rectis

103 2855 182 2930 ΒΜ,
197 2854 277 2935 ΝΜ,
300 2853 374 2934 ΟΜ,
393 2855 476 2941 (quoe
491 2852 676 2919 differentiae
696 2861 772 2919 sunt
788 2861 945 2919 rectarum
964 2851 1006 2918 ad
1021 2853 1089 2919 AD
1108 2875 1165 2942 ap-

102 2959 303 3049 plicatarum,
323 2957 504 3047 incipiendo
518 2982 538 3024 a
551 2966 669 3046 puncto
683 2957 729 3042 A)
746 2957 994 3046 proportionales
1009 2957 1083 3041 sint,
1102 2957 1163 3025 erit

102 3074 142 3131 ut
155 3065 258 3152 figura
278 3061 341 3146 αδμ
359 3061 402 3129 ad
420 3060 752 3149 parallelogrammum
772 3059 872 3148 αδμφ,
891 3059 938 3126 ita
951 3060 1019 3127 ΑΡ
1036 3060 1078 3127 ad
1097 3063 1161 3129 ΤΡ.

104 3167 188 3234 Cum
202 3166 287 3234 enim
301 3173 387 3231 recta
405 3162 563 3252 quaepiam
584 3185 625 3228 ex
645 3163 815 3251 applicatis
835 3162 876 3229 ad
894 3161 972 3246 AD,
995 3174 1073 3252 puta
1091 3189 1120 3232 o.
1127 3188 1161 3253 9.

103 3271 184 3354 DM,
206 3278 347 3359 aequetur
369 3268 517 3335 omnibus
537 3266 645 3354 seipsa
663 3267 823 3334 minorum
846 3267 1043 3350 differentiis,
1070 3267 1162 3357 (ipsis

102 3397 217 3463 nempe
227 3374 305 3453 ΒΜ,
316 3372 397 3452 ΝΜ,
415 3370 503 3455 οΜ,)
521 3379 554 3436 et
561 3369 723 3436 trilincum
734 3367 799 3451 αδμ
812 3367 1022 3435 constituatur
1035 3393 1053 3437 e
1067 3369 1162 3438 rectis

102 3481 164 3562 βμ,
179 3503 236 3562 pp,
252 3475 295 3561 δμ
310 3474 420 3541 eadem
433 3471 634 3561 proportione
648 3471 882 3552 crescentibus3
897 3479 934 3536 ut
948 3479 980 3537 et
994 3479 1079 3538 recta
1099 3471 1168 3540 ΟΜ

102 3592 246 3671 equatur
266 3578 347 3668 ipsis
368 3577 445 3658 ΒΜ,
468 3575 547 3642 ΝΜ
549 3601 558 3656 ;
588 3584 621 3642 et
641 3573 673 3640 ei
693 3573 885 3662 respondens
907 3573 1069 3640 trilineum
1095 3600 1161 3659 αγμ

102 3686 196 3775 quasi
209 3683 364 3751 conflatur
378 3703 396 3747 e
409 3678 571 3770 parallelis
584 3679 646 3761 βμ,
657 3703 705 3762 ap
718 3676 788 3765 pari
802 3675 923 3745 ratione
933 3677 1161 3762 crescentibus;

102 3801 138 3860 ct
150 3791 212 3858 hoe
226 3811 350 3877 semper
364 3786 505 3867 eveniat3
521 3785 651 3852 omnino
665 3792 755 3872 patet
767 3781 894 3850 trilinea
908 3781 982 3868 αδμ,
998 3809 1073 3869 app,
1089 3788 1161 3871 αβμ

101 3893 196 3962 rectis
220 3894 301 3974 ΒΜ,
334 3891 406 3972 ΟΜ,
430 3891 506 3956 ΒΜ
527 3887 774 3978 proportionari3
804 3887 1001 3976 proindeque
1029 3890 1160 3957 modum

101 3999 189 4064 hunc
202 3998 237 4063 in
247 3996 384 4085 priorem
398 3992 550 4074 recidere3
565 4014 624 4058 nec
639 3991 681 4059 ab
695 4013 732 4057 eo
742 3990 848 4078 reipsa
859 3991 993 4058 differre.
1023 3991 1160 4060 Notatur

101 4110 210 4170 autem
224 4100 280 4166 hic
292 4109 395 4166 rectas
408 4098 470 4181 βμ,
485 4122 541 4181 pp,
562 4095 606 4179 δμ
618 4095 804 4163 velocitates
823 4105 1056 4185 representare,
1079 4120 1159 4186 quas

99 4215 256 4294 puuctum
284 4201 403 4270 mobile
425 4222 555 4268 curvam
580 4199 745 4266 delineans
767 4198 890 4266 obtinet
913 4199 949 4265 in
974 4201 1159 4288 respectivis

101 4309 171 4399 ejus
192 4308 320 4398 punctis
340 4307 385 4372 M
388 4332 397 4388 ς
419 4314 457 4372 ut
478 4314 511 4372 ct
531 4304 659 4370 trilinea
680 4303 761 4388 αβμ,
788 4327 864 4387 ωγμ,
888 4302 951 4387 alp
975 4302 1159 4373 velocitates

100 4420 290 4501 aggregatas
299 4410 454 4477 exhibent
468 4410 510 4475 ab
521 4408 613 4475 initio
623 4406 665 4473 ad
675 4406 808 4474 definita
817 4405 994 4496 respectiva
1007 4408 1159 4496 temporis

187 4535 218 4583 a.
231 4535 269 4581 rs.
308 4533 347 4580 11.
1030 4513 1074 4578 26
